3505 5161
390 225 468 278 73

1610 224 1803 277 opera.

2932 227 3011 279 74

390 393 705 469 Pramum,
756 411 875 468 quo
918 393 983 451 in
1032 411 1123 469 op.
1169 393 1464 468 praeclara
1495 393 1674 452 habet
1728 394 1960 452 litatem
2008 394 2460 469 castitatemque
2506 395 2895 454 commendat.
2928 426 3017 439 ——-

390 499 496 558 pro
558 482 674 540 fide
744 481 1043 541 Ecclesiae
1094 481 1166 540 de
1232 482 1524 542 Trinitate
1613 485 1675 540 et
1729 486 1800 542 In
1846 483 1907 546 11,
1954 484 2023 540 de
2071 484 2410 557 spectaculis
2458 483 2796 543 christianis
2829 485 3012 543 inter·

391 572 827 640 incarnatione3
866 570 1312 647 exceptionibus
1344 574 1543 631 tamen
1570 571 1672 630 ad·
1729 571 1905 630 dictis
1935 572 2113 648 deque
2142 572 2477 631 idololatria
2518 572 2740 632 nimius
2761 574 2888 649 jam
2934 574 3014 632 ri-

392 678 601 720 versus
632 678 835 718 sanam
884 659 954 718 de
1000 660 1183 735 priori
1214 661 1500 736 mysterio
1533 660 1669 719 doc·
1728 679 1839 737 gor
1899 662 2213 735 comparet.
2275 694 2364 704 —-·
2424 660 2664 720 Praeter
2712 663 3012 739 opuscula,

390 750 608 808 trinam
641 748 891 824 praebet
905 749 1380 809 occasionem.-
1399 750 1485 809 De
1499 769 1674 808 carne
1731 768 1883 825 quae
1906 749 2029 825 jam
2053 749 2504 826 assignavimuS,
2539 751 2656 808 alia
2688 752 3013 810 montanis-

393 837 630 899 Christi.
693 870 781 881 —-
844 838 934 895 De
993 841 1408 898 resurrectione
1457 841 1670 909 carnis,
1728 842 1929 897 tarum
1959 838 2261 897 erroribus
2291 838 2387 897 vel
2419 838 2613 916 rigore
2644 840 2783 915 plus
2814 840 3016 899 minus

392 947 567 1003 quam
618 927 777 985 belle
820 945 893 985 ex
937 927 1231 1004 dignitate
1278 928 1474 987 carnis
1505 928 1671 987 aliis-

393 1036 506 1092 que
538 1016 883 1075 rationibus
902 1017 1325 1093 congruentiae
1341 1019 1564 1076 tuetur.
1587 1050 1671 1060 —

394 1106 480 1164 De
510 1108 715 1165 arzima
748 1107 805 1181 L,
859 1105 923 1163 in
954 1124 1074 1181 quo
1107 1107 1674 1182 generatianismum

392 1194 593 1265 tradit,
653 1213 847 1269 neque
910 1195 1058 1253 satis
1121 1195 1297 1271 digne
1359 1196 1430 1253 de
1481 1197 1676 1255 anima

395 1284 579 1343 sentit
593 1281 660 1364 ¹).
720 1316 809 1327 -—-
880 1284 952 1341 In
1015 1285 1319 1360 Scorpiace
1393 1284 1675 1344 adversus

393 1372 690 1449 gnosticos
753 1372 1167 1448 scorpionibus
1231 1373 1457 1432 similes
1517 1393 1673 1432 mar·

393 1461 535 1537 tyrii
549 1461 973 1537 praestantiam
990 1465 1051 1519 et
1069 1463 1483 1521 necessitatem
1516 1480 1672 1522 com·

388 1551 634 1609 meudat
665 1550 727 1624 (f.
759 1568 808 1609 c.
845 1548 1015 1632 203)-

484 1738 584 1791 32.
607 1729 1309 1805 Argumentiascetici
1341 1730 1436 1786 vel
1467 1748 1674 1804 prac-

393 1818 535 1876 tici
578 1821 724 1876 sunt
754 1818 928 1892 plura
957 1819 1261 1892 opuscula,
1294 1836 1445 1892 quae
1477 1819 1672 1876 catho-

393 1908 543 1966 licus
578 1906 959 1981 conscripsit:
991 1906 1255 1965 Libellus
1290 1924 1507 1966 aureus
1541 1904 1616 1984 (a.
1638 1907 1674 1964 f.

402 1992 550 2077 197)
582 1996 663 2054 ad
694 1992 1061 2078 martyres2),
1095 1996 1428 2055 adhortatio
1459 1995 1677 2055 eximia

390 2087 461 2143 de
506 2086 809 2160 patientia.
843 2085 1274 2143 -Institutio
1321 2102 1563 2143 succosa
1607 2086 1677 2143 de

392 2176 653 2232 oratione
682 2193 817 2233 cum
846 2174 1235 2248 explicatione
1254 2174 1538 2233 orationis
1570 2174 1673 2232 do-

394 2259 723 2341 minica03).
772 2296 853 2308 --
889 2264 949 2320 L.
981 2262 1182 2340 gravis
1214 2265 1283 2321 de
1306 2266 1672 2339 poenitentia,

394 2352 487 2411 cui
504 2347 582 2433 (a.
600 2352 638 2409 f.
662 2361 739 2414 20
752 2346 817 2434 3)
843 2352 1193 2410 contradicit
1208 2352 1272 2410 in
1286 2370 1394 2410 suo
1410 2353 1449 2409 l.
1475 2354 1543 2410 de
1560 2371 1674 2427 pu-

385 2443 604 2512 dicitia,
636 2441 1132 2499 montanistarum
1167 2441 1424 2500 infectus
1458 2459 1671 2511 errore,

390 2530 713 2590 Ecclesiam
749 2547 944 2589 carere
953 2531 1092 2606 jure
1111 2530 1456 2590 remittendi
1479 2531 1677 2589 omnia

387 2623 626 2695 peccata
654 2620 877 2695 gravia.
894 2653 979 2663 —-
996 2621 1095 2679 Ad
1116 2639 1357 2679 uxorem
1380 2621 1438 2677 ll.
1458 2620 1590 2689 duc,
1613 2620 1675 2679 in

385 2710 608 2783 quibus
658 2710 896 2785 egregie
961 2709 1321 2768 matrimonii
1366 2709 1675 2767 christiani

388 2799 739 2857 felicitatem
770 2802 1008 2856 enarrat
1037 2799 1363 2873 multaque,
1419 2816 1570 2872 quae
1603 2797 1672 2855 ad

386 2887 573 2946 vitem
604 2887 987 2946 domesticam
1018 2889 1290 2946 veterum
1323 2887 1671 2946 christiano·

384 2996 517 3035 rum
550 2974 875 3051 pertinent,
924 2975 1080 3034 scitu
1124 2976 1444 3035 utilissima
1488 2976 1674 3033 attin·

386 3066 495 3140 git.
529 3099 619 3109 -—
652 3066 726 3123 In
758 3065 819 3122 11.
850 3065 1169 3141 praeclaris
1215 3065 1282 3122 de
1322 3066 1480 3123 cultu
1506 3066 1673 3138 semi-

389 3173 605 3213 narum
637 3174 673 3212 a
703 3153 888 3211 nimio
919 3159 1133 3212 ornatu
1164 3154 1431 3222 retrahit,
1481 3154 1674 3212 humi·

392 3411 575 3464 lixum
605 3411 666 3464 in
707 3412 771 3465 11.
800 3421 831 3467 5
858 3411 1194 3466 distinctum
1240 3416 1492 3466 adt-ersus
1519 3417 1676 3467 Mar·

387 3489 583 3537 cionem
603 3499 703 3536 seu
724 3482 1108 3545 Marcionitae,
1133 3500 1257 3536 com
1303 3483 1513 3536 ositum
1530 3485 1674 3536 forte

387 3554 543 3606 intra
608 3571 657 3606 a.
711 3556 1014 3613 360—370.
1093 3553 1176 3609 Cf.
1311 3559 1345 3606 ii
1365 3573 1394 3609 c
1411 3554 1449 3607 k
1466 3573 1491 3607 s
1507 3558 1532 3607 t
1549 3560 1582 3607 {i
1599 3556 1632 3606 d
1654 3557 1678 3605 t

392 3624 576 3678 Ueber
626 3626 730 3678 das
778 3624 1242 3705 pseudo-tertull.
1294 3624 1539 3679 Gedicht
1582 3625 1677 3677 ad·

388 3713 586 3750 versus
614 3696 978 3759 Marcionem,
1012 3700 1178 3754 1875:
1225 3697 1370 3749 Oxe
1417 3696 1677 3764 Prolego-

430 3785 633 3822 omens,
650 3768 720 3820 de
737 3766 987 3822 carmine
1002 3768 1274 3820 adversus
1294 3766 1675 3830 Marcionitas,

468 3839 625 3910 ipzig
656 3845 809 3894 1888.
866 3839 1201 3908 nludjuxta
1228 3838 1295 3894 H.
1322 3837 1583 3903 Waitz,
1612 3843 1679 3892 ut

388 3909 541 3963 iufra
571 3909 846 3973 dicemus,
871 3909 1015 3963 forte
1044 3909 1523 3964 Commodiani
1551 3911 1653 3966 est.

470 3985 505 4053 ¹)
534 3981 619 4037 Cf.
646 3980 716 4034 de
745 3981 853 4034 hoc
881 3997 1046 4051 opere
1076 3981 1119 4034 E
1144 3997 1253 4034 sse
1271 3999 1299 4034 r
1342 3981 1434 4034 die
1461 3981 1677 4035 Seelen-

392 4052 549 4106 lehre
576 4051 947 4114 Ter-tulliam,
978 4051 1304 4106 Paderborn
1338 4056 1490 4110 1893.
1533 4070 1678 4122 opus

390 4124 642 4188 doctum,
669 4127 1007 4178 accuratum
1035 4127 1093 4176 et
1119 4123 1280 4177 utile.

466 4201 506 4264 ²)
534 4196 690 4248 Inter
731 4195 1006 4264 opuscula
1048 4213 1113 4249 ss,
1145 4194 1250 4249 ΡΡ.
1292 4197 1329 4246 t.
1360 4194 1435 4247 lV
1460 4237 1471 4257 ‚
1513 4193 1677 4248 Oeni-

391 4269 565 4335 poute
598 4269 765 4326 186&
814 4272 947 4322 1894
965 4265 1051 4318 ed.
1079 4267 1273 4329 altera,
1306 4265 1406 4318 ubi
1433 4265 1677 4337 reperies

391 4340 449 4390 et
473 4353 718 4405 sequens
743 4338 1085 4405 opusculum
1113 4341 1175 4391 de
1198 4342 1469 4404 patientia.

1730 928 2099 998 inficiuntur,
2146 930 2218 986 ut
2262 928 2300 986 l.
2334 929 2403 986 de
2424 930 2612 1003 pallio
2657 924 2721 1011 (f.
2756 948 2806 987 a.
2847 929 3013 1007 193),

1730 1035 1914 1091 quare
1946 1016 2068 1078 scil.
2103 1020 2305 1094 togam
2357 1016 2482 1092 ipse
2514 1017 2857 1094 deposuerit
2887 1019 3013 1094 pal-

1732 1106 2001 1181 liumque
2045 1105 2327 1176 induerit,
2373 1107 2411 1164 1.
2460 1107 2764 1166 obscurus.
2810 1141 2896 1151 —
2929 1107 3017 1165 De

1729 1192 2023 1275 coronal),
2059 1195 2233 1269 cujus
2265 1214 2442 1254 usum
2490 1196 2788 1255 militibus
2821 1199 2882 1254 et
2913 1215 3014 1271 ge·

1729 1284 1983 1341 neratim
2018 1283 2362 1342 christianis
2408 1303 2653 1359 prorsus
2705 1284 3016 1344 interdicit

1729 1375 1937 1447 utpote
1958 1372 2245 1449 paganica
2266 1374 2687 1448 superstitione
2706 1375 3011 1445 infectum,

1730 1482 1781 1520 a.
1830 1460 1868 1519 f.
1921 1470 2037 1523 211
2066 1482 2079 1527 ;
2144 1463 2212 1519 de
2267 1463 2415 1537 fuya
2475 1462 2540 1521 in
2585 1463 3013 1538 persecutione,

1730 1569 1909 1625 quam
1940 1553 2144 1609 contra
2167 1551 2460 1609 Ecclesiae
2481 1569 2720 1610 sensum
2739 1552 3015 1611 illicitam

1732 1642 1951 1699 censet.
1987 1674 2067 1682 -—
2103 1640 2189 1698 De
2206 1639 2434 1713 jejunio
2465 1640 2746 1699 adversus
2778 1641 3013 1717 psychi-

1731 1746 1829 1788 cos
1864 1724 1926 1808 (i.
1948 1747 1996 1786 e.
2017 1723 2381 1810 catholicos),
2402 1748 2551 1804 quos
2570 1729 2709 1787 stilo
2729 1729 3014 1789 acerrimo

1730 1817 2092 1894 aggreditur.
2126 1850 2216 1861 --
2249 1818 2333 1876 De
2364 1821 2729 1895 monoqamia
2748 1821 2810 1877 et
2829 1820 2899 1876 de
2917 1838 3012 1877 ex·

1730 1908 2050 1965 hortatione
2069 1909 2376 1980 castitatis,
2407 1907 2473 1965 in
2492 1908 2712 1982 quibus
2741 1908 3013 1967 absolute

1731 1997 1973 2054 damnat
2018 1996 2306 2054 secundas
2353 1997 2612 2073 nuptias,
2660 2029 2745 2041 —-
2791 1998 2879 2056 De
2924 2016 3013 2055 ve·

1731 2082 1929 2144 landis
1959 2085 2302 2160 virqinibus,
2347 2104 2469 2144 non
2511 2087 2707 2145 solum
2737 2087 2800 2144 in
2833 2088 3014 2145 eccle-

1730 2175 1831 2245 sia,
1884 2173 1986 2231 sed
2036 2174 2180 2232 dum
2225 2174 2590 2244 adolescunt,
2639 2175 2881 2250 ubique.
2927 2209 3015 2219 —

1731 2263 1923 2321 Multa
1941 2262 2057 2321 alia
2075 2264 2345 2339 ejusdem
2363 2264 2650 2339 opuscula
2676 2264 3013 2339 perierunt:

1729 2352 1906 2428 plura
1936 2352 2126 2410 eidem
2157 2353 2469 2428 supposita
2498 2353 2678 2412 fuere.

1826 2538 1925 2594 33.
1959 2529 2217 2606 Operum
2262 2530 2441 2590 stilus
2492 2531 2773 2590 duritiem
2805 2530 3012 2590 africa-

1730 2639 1865 2678 nam
1912 2622 1975 2678 et
2013 2620 2365 2678 characteris
2410 2621 2668 2680 auctoris
2713 2621 3011 2696 propriam

1730 2728 1870 2784 prae
1901 2727 1962 2767 se
1994 2704 2194 2789 sert²)‚
2229 2709 2305 2767 ob
2337 2706 2651 2768 laconicam
2685 2727 2856 2786 saepe
2900 2710 3013 2767 mi-

1731 2816 1975 2872 ramque
2007 2798 2363 2855 brevitatem
2394 2817 2688 2872 vocesque
2716 2798 3012 2857 obsoletas

1732 2886 2021 2945 obscurus
2052 2890 2159 2955 est,
2196 2889 2612 2961 attentumque
2662 2886 2849 2962 exigit
2895 2887 3010 2944 lec-

1732 2978 1940 3043 torem,
1976 2974 2077 3032 sed
2113 2975 2288 3033 etiam
2323 2976 2630 3050 majestate
2663 2974 2918 3050 quadam
2949 2979 3010 3033 et

1732 3063 1946 3138 grandi
1964 3063 2307 3138 eloquentia
2320 3063 2646 3139 insignitur
2662 3085 2676 3120 :
2695 3065 3011 3122 vehemens

1730 3156 1841 3222 est,
1894 3169 2014 3210 non
2063 3152 2303 3222 mulcet,
2352 3152 2702 3210 succositate
2759 3152 3011 3210 admira-

1731 3242 1955 3299 tionem
1986 3241 2120 3312 ciet,
2154 3241 2425 3310 delectat,
2457 3241 2667 3315 suique
2701 3242 2878 3317 plane
2908 3260 3011 3317 ge-

1732 3329 1893 3389 neris
1926 3333 2018 3389 est
2049 3334 2111 3387 et
2142 3330 2478 3404 singularis.
2554 3331 2744 3404 Opera
2788 3330 3008 3388 Tertul-

1814 3557 1847 3625 ¹)
1878 3553 1956 3609 Cf.
1983 3553 2023 3606 C
2039 3554 2076 3606 h
2094 3569 2126 3604 a
2145 3552 2265 3604 wil
2285 3554 2352 3605 la
2368 3572 2394 3605 r
2412 3553 2446 3605 d
2476 3553 2548 3606 Le
2567 3554 2602 3607 l.
2626 3557 2687 3607 de
2701 3571 2896 3608 corana
2914 3559 3011 3606 mi-

1731 3628 1839 3678 Istis
1864 3624 1935 3677 de
1963 3623 2282 3677 Tertullien
2310 3629 2368 3676 et
2395 3625 2448 3676 la
2469 3627 2672 3694 pensee
2701 3625 2770 3678 de
2799 3623 3013 3694 l'eglise

1732 3695 1793 3747 in
1821 3696 1958 3750 fasc.
1984 3695 2067 3748 lit.
2097 3695 2268 3750 Univ,
2296 3696 2456 3750 (jath.
2492 3703 2642 3751 1897».
2669 3696 2762 3758 ΙΧ,
2785 3700 3013 3752 22-53,

1807 3772 1848 3834 ²)
1877 3768 1988 3820 Der
2010 3767 2314 3821 Ausdruck
2343 3766 2688 3820 Tertulliaus
2714 3766 2792 3818 ist
2815 3767 3012 3836 knapp

1735 3837 1852 3890 und
1917 3837 2234 3908 energiseh.
2298 3837 2524 3890 markicr
2587 3839 2706 3891 und
2757 3838 3013 3908 knorrig‚

1734 3907 2036 3977 schwierig
2063 3909 2183 3963 und
2200 3909 2430 3962 dunkel.
2462 3883 2574 3962 fffir
2591 3909 2900 3964 Schonheit
2915 3909 3015 3961 der

1734 3980 1902 4033 Form
1951 3982 2056 4032 hat
2106 3997 2166 4033 er
2210 3980 2419 4033 keinen
2469 3980 2624 4035 Sinn.
2703 3981 2746 4032 B
2763 3997 2796 4032 a
2813 3981 2890 4032 rd
2909 3996 2938 4031 e
2955 3998 3012 4031 n-

1732 4052 1818 4105 he
1836 4069 1886 4104 w
1904 4068 1977 4104 er
2002 4060 2029 4117 ξ
2058 4057 2125 4107 50
2153 4071 2206 4104 n.
2237 4060 2284 4116 2,
2311 4069 2480 4120 quem
2508 4071 2636 4106 cum
2664 4051 2916 4105 utilitate
2944 4051 3012 4102 de

1733 4139 1798 4175 eo
1850 4123 2123 4177 conferes.
2175 4123 2257 4177 Cf.
2310 4122 2351 4174 F
2368 4142 2395 4176 r
2412 4141 2491 4193 ep
2508 4144 2545 4193 p
2563 4125 2625 4177 el
2678 4120 3011 4184 Tertullien‚

1733 4193 1893 4248 Paris
1924 4202 2061 4250 1864
2087 4198 2128 4246 t.
2156 4201 2219 4249 2:
2269 4198 2435 4254 1872;
2485 4194 2765 4248 Schanz
2812 4191 3012 4245 Gesch.

1733 4266 1833 4318 der
1861 4271 1996 4319 rom.
2023 4265 2129 4318 Lit.
2161 4267 2253 4324 111,
2274 4269 2438 4320 240-
2452 4271 2586 4323 302;
2614 4263 2662 4315 K
2681 4261 2835 4316 elln
2853 4279 2925 4315 er
2956 4266 3015 4316 et

1733 4336 1953 4390 Esset
2000 4334 2113 4389 KL.
2177 4337 2268 4392 XI.
2339 4339 2717 4392 lass—1426:
2781 4331 3014 4387 Ebert

464 4412 504 4478 ¹)
533 4410 687 4462 Inter
732 4409 1011 4477 opuscula
1056 4427 1127 4464 ss,
1172 4408 1276 4462 ΡΡ.
1324 4413 1362 4462 t.
1407 4410 1473 4472 ll,
1514 4408 1676 4461 Oeni·
1733 4408 1981 4478 Allgem.
2023 4406 2222 4462 Gesch.
2265 4405 2361 4458 des
2402 4405 2528 4457 MA.
2555 4409 2596 4457 t.
2629 4413 2653 4460 1
2684 4424 2728 4460 c.
2757 4412 2806 4464 ζ),
2841 4407 3012 4473 juxta

390 4483 565 4548 ponte
586 4486 743 4543 1868,
764 4478 915 4534 sicut
932 4483 991 4533 et
1011 4496 1254 4548 sequens
1270 4483 1311 4538 t.
1334 4480 1400 4544 V,
1423 4480 1499 4534 ib.
1525 4486 1675 4537 1869.
1733 4496 1903 4548 quem
1931 4478 2006 4532 ist
2032 4476 2348 4532 Tertullian
2376 4475 2531 4528 einer
2557 4475 2655 4528 der
2675 4475 3011 4545 genialsten‚

392 4550 477 4602 Ad
508 4551 680 4621 plura
725 4566 794 4604 ex
838 4550 928 4604 his
973 4551 1269 4622 opusculis
1313 4552 1380 4606 cf.
1413 4551 1677 4605 Hartel
1733 4548 2127 4620 originellsten
2191 4548 2310 4601 und
2355 4546 2797 4628 ⁸fruchtbarsten
2843 4551 3013 4600 unter

396 4620 762 4677 Patristische
787 4621 1028 4676 Studien
1056 4640 1125 4675 zu
1148 4622 1485 4685 Tertullian‚
1508 4621 1675 4675 Vien-
1731 4623 1843 4675 den
1917 4618 2610 4675 christlieh-lateinischen
2674 4616 3011 4673 Schriftstel·

390 4692 994 4749 naeissoscil.sitzun
1038 4693 1677 4749 sberichtederWiener
1732 4693 1888 4752 lern:
1929 4691 2216 4762 Kruger
2256 4697 2395 4756 585,
2437 4687 2538 4757 qui
2583 4688 2892 4756 diligenter
2931 4705 3013 4741 re-

392 4764 705 4819 Akademie
734 4766 775 4818 t.
803 4762 965 4820 CXX.
1041 4766 1182 4825 XXI,
1204 4766 1341 4821 fase.
1367 4765 1459 4819 IV.

1731 4766 1926 4818 censet
1950 4766 2007 4815 et
2034 4779 2206 4833 opera
2233 4761 2550 4832 deperdita.
