3505 5161
448 251 576 322 '563
1346 249 1646 304 601-636.
1674 246 1727 301 S.
1756 245 2064 318 Gregorius
2090 246 2165 303 M.
2937 263 3062 317 554

449 455 530 500 ss,
575 437 685 496 PP.
731 435 892 494 edita
935 437 979 499 t..
1024 435 1124 494 XX
1173 434 1505 510 Oeniponte
1547 441 1730 497 1872.
1788 433 2245 503 Hartmann,
2311 432 2575 492 Berolini
2631 439 3064 496 1891—-1899

447 559 530 572 --
568 524 802 601 Dialogi
838 525 901 583 ll.
933 523 1014 583 IV
1058 525 1128 582 de
1171 526 1289 582 vita
1332 529 1384 581 et
1428 524 1732 581 miraculis
1788 525 1830 581 t.
1866 532 1900 583 2
1936 522 1998 586 ll.
2026 531 2105 585 14
2129 521 2309 601 (Mon.
2332 521 2522 583 Germ.
2542 520 2681 584 hist.
2703 538 2791 595 ep.
2811 524 2855 584 t.
2885 533 2935 584 1.
2961 517 3063 603 2.).

437 622 686 690 patrum
735 615 1063 674 italicorum
1122 616 1185 671 et
1244 612 1317 672 de
1375 610 1731 672 aeternitate
1785 645 1874 658 -—
1894 612 1948 671 S.
1966 610 2238 688 Liturgia
2264 610 2594 686 plurimum
2623 627 2861 686 quoque
2891 608 3070 668 debet

450 704 783 763 animarum
845 702 949 777 (ib.
999 701 1277 771 LXXVII,
1338 695 1730 783 147—433).
1789 699 2056 777 pontifici
2098 703 2324 765 nostro.
2391 699 2705 759 Tribnitur
2749 698 2804 757 ei
2850 698 3065 758 Sacra-

449 792 628 852 Liber
663 801 718 856 ⁶2.
761 792 888 869 agit
920 792 991 850 de
1041 790 1339 851 miraculis
1404 789 1730 862 Benedicti,
1787 791 2141 849 memorium
2187 790 2284 849 vel
2327 792 2400 847 ut
2443 788 2507 847 in
2552 789 2718 849 codd.
2763 788 2943 846 etiam
2976 788 3066 847 in·

448 880 587 941 hinc
635 881 988 941 inscribitur
1035 880 1213 939 etiam
1277 878 1411 939 Vita
1454 899 1499 938 s.
1545 879 1729 937 Bene-
1789 878 2077 938 scribitur
2108 878 2288 937 Liber
2317 886 2812 937 sacramentorum
2854 879 2926 936 dc
2953 879 3069 935 cir-

449 967 682 1052 dicti²);
723 970 788 1029 in
823 981 878 1033 4.
912 969 1104 1028 multa
1135 969 1436 1045 leguntur,
1471 986 1624 1043 quae
1657 968 1731 1027 ad
1785 969 1912 1027 culo
1943 969 2087 1027 anni
2117 967 2340 1046 optime
2359 966 2589 1028 editum
2621 986 2656 1025 a
2686 967 2984 1025 Murato
3002 966 3069 1024 ri

450 1059 905 1136 eschatalogiam
923 1062 1195 1134 spectant
1208 1058 1729 1133 atqueanimarum
1787 1058 1850 1115 in
1901 1056 2150 1134 liturgia
2197 1075 2342 1116 rom.
2394 1060 2511 1115 vet.
2563 1060 2607 1118 t.
2660 1056 2732 1114 11.
2800 1055 3066 1115 Venetiis

448 1149 954 1208 immortalitatem
1005 1147 1388 1224 patefaciunt.
1453 1146 1729 1224 Dialogos
1796 1155 1977 1216 1748,
2028 1147 2423 1223 complectens
2467 1145 2762 1205 orationes
2805 1145 2877 1203 ad
2924 1144 3068 1203 mis-

450 1255 657 1314 graece
676 1237 860 1295 vertit
881 1236 1196 1295 Zachari
1219 1254 1295 1294 as
1324 1254 1477 1312 papa
1495 1230 1728 1316 (†752)
1787 1254 1931 1307 sam,
1963 1235 2037 1294 ab
2070 1234 2204 1294 aliis
2236 1235 2416 1294 uliud.
2476 1233 2644 1304 Quod
2676 1234 3071 1293 communiter

449 1330 542 1386 sat
591 1325 773 1385 libere
823 1328 1022 1384 tamen
1084 1329 1145 1384 et
1202 1324 1478 1397 barbare3
1542 1343 1729 1400 eaque
1786 1325 1915 1400 ejus
1944 1343 2085 1401 prae
2118 1342 2181 1383 se
2212 1325 2330 1384 sert
2346 1342 2561 1383 nomen
2581 1320 2916 1405 (LXXVIII,
2941 1332 3069 1386 9—-

448 1416 645 1474 versio
665 1414 826 1473 haud
847 1415 1192 1490 incorrupte
1211 1414 1285 1472 ad
1304 1417 1573 1491 posteros
1593 1432 1727 1490 per·
1790 1413 1960 1493 637),
1993 1413 2043 1471 D
2060 1431 2102 1472 u
2118 1413 2199 1472 ch
2215 1431 2247 1472 e
2262 1432 2290 1472 s
2305 1433 2345 1472 n
2361 1431 2393 1471 e
2425 1413 2586 1490 Orig.
2607 1413 2689 1472 du
2714 1413 2874 1471 culte
2893 1412 3068 1471 Chre-

448 1505 629 1565 venit.
694 1504 839 1563 Eam
885 1503 1063 1562 habes
1110 1503 1269 1580 apud
1314 1504 1567 1581 Migne
1612 1503 1650 1564 l.
1682 1521 1730 1561 o.
1785 1503 1912 1562 tien
1961 1511 2124 1567 1889
2146 1502 2367 1561 tribuit
2384 1503 2685 1561 Hadriano
2705 1503 2751 1572 I,
2785 1502 3071 1577 Propst

452 1595 525 1652 In
556 1593 782 1653 deliciis
829 1595 959 1651 erat
1004 1593 1111 1652 hoc
1156 1609 1308 1668 opus
1340 1592 1533 1652 medio
1566 1610 1726 1661 aevo,
1788 1592 1895 1650 Die
1926 1591 2182 1651 altesten
2218 1599 2365 1654 rom.
2399 1591 2911 1650 Sakramentarien
2940 1588 3070 1648 und

449 1682 549 1742 sed
601 1681 733 1757 piae
780 1681 1118 1740 credulitati
1161 1681 1407 1740 nimium
1454 1681 1731 1758 indulget
1788 1680 2038 1739 Ordines
2077 1681 2316 1750 erklart,
2367 1681 2639 1740 Miinster
2690 1689 2876 1748 1892,
2925 1679 3067 1737 Gre-

451 1774 691 1831 sanctus
702 1771 1429 1833 vir.——-Pretiosissimum
1450 1789 1589 1829 vero
1600 1771 1731 1828 the·
1787 1770 1955 1847 gorio
2003 1772 2227 1829 nostro,
2310 1768 2687 1829 Tribuuntur
2748 1770 2863 1844 ipsi
2918 1771 2981 1826 et
3028 1768 3067 1825 l.

450 1878 691 1919 sautum
744 1879 850 1936 pro
891 1860 1030 1935 jure
1080 1859 1374 1930 canonico,
1438 1859 1733 1935 theologia
1788 1860 2188 1935 Responsialis
2224 1854 2653 1941 (725—785)·
2679 1860 2741 1917 et
2783 1857 3067 1931 Antipho·

452 1950 663 2008 morali
696 1953 758 2007 et
786 1949 1091 2025 pastorali,
1126 1967 1234 2024 pro
1265 1948 1518 2008 historia
1546 1948 1731 2007 eccle·
1786 1950 1997 2007 narius
2058 1947 2285 2025 (641-
2312 1944 2463 2030 724)
2537 1966 2680 2006 rom.
2755 1945 3066 2015 Ecclesiae,

449 2038 688 2097 siastica
718 2039 968 2113 reliquit
1013 2037 1075 2095 in
1108 2038 1563 2113 quamplurimis
1611 2039 1730 2112 epi-
1787 2037 1941 2097 liber
1957 2038 2264 2114 yradualis
2293 2040 2421 2108 etc,
2453 2036 2560 2113 qui
2592 2036 2745 2094 forte
2777 2036 2840 2094 ll.
2874 2034 3068 2110 quoad

449 2125 610 2186 stolis
663 2122 737 2209 (c.
792 2120 947 2208 880)
1011 2126 1076 2185 in
1124 2126 1257 2185 XIV
1318 2127 1619 2186 distinctis
1669 2126 1730 2184 ll.
1788 2126 1875 2185 rei
1922 2126 2320 2185 substantiam
2368 2126 2562 2202 ipsius
2594 2125 2874 2185 excedant
2907 2128 3069 2183 aeta-

449 2233 558 2291 pro
590 2234 839 2274 numero
872 2233 1162 2274 annorum
1210 2216 1303 2274 sui
1348 2216 1731 2292 pontificatus
1787 2219 1930 2286 tem,
1974 2220 2174 2274 tamen
2214 2216 2288 2274 ab
2319 2215 2449 2290 ipso
2482 2215 2649 2273 suere
2681 2212 2977 2273 emendati
3010 2216 3072 2271 et

450 2305 755 2382 (LXXVII,
806 2299 1245 2387 441—1468).
1324 2305 1440 2363 Eae
1491 2304 1728 2374 ,vivam
1786 2304 1848 2363 in
1879 2304 2183 2363 meliorem
2218 2304 2434 2382 digesti
2467 2304 2751 2366 ordinem.
2798 2302 3070 2378 Liturgia

448 2397 510 2451 et
554 2393 961 2453 admirandam
992 2393 1249 2470 episcopi
1294 2394 1572 2453 omnibus
1617 2412 1730 2452 nu·
1786 2394 1944 2452 enim
1989 2394 2053 2452 in
2099 2392 2383 2452 sacrificio
2428 2393 2638 2452 missae
2682 2395 2864 2468 prout
2905 2408 3067 2450 nunc

449 2484 627 2541 meris
661 2482 921 2541 absoluti
968 2482 1215 2542 formam
1261 2484 1620 2558 exprimunt,
1666 2482 1731 2539 in
1787 2486 2061 2542 servatur
2092 2483 2156 2541 in
2185 2481 2448 2542 Ecclesia
2474 2500 2718 2541 romana
2741 2485 2804 2540 et
2833 2481 2896 2539 in
2927 2480 3064 2538 uni-

447 2592 567 2648 qua
613 2572 795 2630 simul
840 2572 1223 2648 resplendent
1267 2591 1498 2632 summa
1535 2572 1729 2649 pietas
1785 2592 1954 2633 verso
1998 2574 2118 2631 fere
2151 2571 2466 2631 Occidente
2509 2571 2684 2630 fixam
2730 2589 2898 2630 suam
2942 2569 3063 2629 for-

448 2664 511 2720 et
537 2662 749 2720 ardens
770 2661 877 2720 Dei
898 2662 1074 2732 zeluS,
1109 2661 1403 2737 profunda
1420 2661 1729 2721 humilitas
1785 2681 1940 2720 mam
1985 2665 2048 2721 et
2089 2662 2276 2720 ritum
2321 2661 2716 2736 ultimamque
2747 2658 2938 2718 veluti
2968 2676 3063 2721 re-

449 2754 512 2809 et
574 2751 857 2810 continua
911 2750 1244 2810 reddendae
1294 2750 1541 2810 rationis
1591 2769 1728 2809 con·
1787 2751 2113 2810 dactionem
2150 2750 2267 2827 ipsi
2298 2750 2491 2810 debet.
2540 2750 2677 2809 Non
2695 2753 2896 2808 tamen
2927 2766 3063 2823 pro-

451 2839 714 2908 scientia,
760 2839 1076 2916 vigilantia
1110 2839 1363 2915 pastoris
1409 2842 1471 2898 et
1515 2839 1729 2899 caritas
1786 2843 1985 2917 pterea
2032 2858 2318 2917 negamus
2368 2838 2651 2916 temporis
2711 2839 2886 2913 lapsu
2947 2836 3065 2895 alia

448 2929 634 3004 patris
647 2922 759 3011 ²).‘
818 2931 1038 3004 Aperte
1068 2928 1131 2987 in
1161 2927 1236 2987 iis
1269 2929 1534 2987 cernitur
1564 2928 1728 2987 solli·
1785 2929 2071 3004 quaedam
2104 2928 2395 3005 ejusmodi
2429 2929 2490 2987 ll.
2523 2928 2709 2987 fuisse
2741 2926 2959 2996 addita,
2993 2929 3067 2983 ut

448 3017 650 3077 citudo
669 3016 938 3076 omnium
959 3017 1339 3076 ecclesiarum
1372 3021 1435 3076 et
1464 3016 1730 3077 custodia
1784 3017 2053 3077 Grisar
2096 3017 2157 3075 in
2203 3021 2473 3076 accurata
2517 3017 2656 3077 diss.
2689 3017 2754 3075 in
2785 3014 3065 3074 Zeitschr.

446 3106 752 3165 universae
767 3106 974 3164 vineae
1005 3105 1354 3177 dominicae,
1386 3125 1504 3182 qua
1518 3126 1725 3184 grava·
1784 3108 1880 3165 fiir
1910 3108 1968 3165 k.
1988 3107 2186 3166 Theol.
2216 3115 2379 3171 1885
2403 3107 2471 3177 X,
2496 3114 2846 3169 561—594
2867 3103 3064 3179 quoad

445 3199 573 3254 tum
609 3214 669 3254 se
712 3195 897 3254 sensit
930 3195 1267 3272 Gregorius.
1335 3195 1727 3254 Accuratissi-
1786 3196 2315 3254 Sacramentarium
2379 3196 2549 3254 docte
2609 3193 2894 3264 ostendit,
2957 3191 3064 3251 ubi

448 3304 600 3342 mam
635 3303 838 3343 earum
871 3283 1195 3343 editionem
1241 3284 1434 3360 coepit
1465 3283 1726 3356 Ewald,
1782 3286 1931 3344 bene
1963 3284 2460 3362 distinguitinter
2474 3287 2671 3361 partes
2688 3283 2978 3361 genuinas
3013 3300 3060 3340 s.

446 3373 821 3431 continuavit
867 3375 1005 3447 post
1053 3373 1183 3448 ejus
1234 3377 1489 3432 mortem
1538 3374 1600 3431 L.
1652 3373 1729 3436 M.
1785 3373 2068 3451 Gregorio
2129 3372 2479 3433 tribuendas
2539 3375 2600 3432 et
2659 3373 3067 3432 additamenta

1785 3464 1989 3539 postea
2019 3462 2262 3538 adjecta.
2319 3463 2400 3522 cf.
2432 3465 2495 3521 et
2523 3463 2767 3522 alteram
2800 3458 3063 3536 ejusdem

446 3596 540 3647 tur
564 3593 720 3664 apud
747 3592 894 3662 Mig
910 3610 993 3646 ne
1019 3594 1237 3656 LXXII,
1266 3599 1565 3660 639-700‘
1593 3612 1729 3665 qna·
1784 3552 1925 3653 (ii-88.
1970 3551 2051 3616 ib.
2084 3552 2180 3652 IX,
2233 3560 2600 3656 385-ιξ23,
2647 3551 2755 3610 ubi
2798 3547 3065 3608 ostendit

441 3681 570 3718 rum
598 3679 715 3717 una
741 3667 826 3719 est
849 3664 912 3718 in
938 3665 1167 3719 laudem
1205 3667 1439 3737 regulae
1477 3671 1729 3738 pastora—
1784 3643 1964 3700 eham
2024 3660 2285 3716 anum
2335 3642 2612 3700 ordmem
2659 3657 2970 3699 mmmmm
3030 3656 3065 3694 8

444 3735 519 3791 lis
543 3735 617 3788 ad
646 3733 1016 3806 Gregorium;
1045 3737 1106 3789 in
1132 3737 1249 3791 alia
1276 3739 1475 3792 tuetur
1499 3754 1574 3792 an
1618 3741 1729 3794 elo·
1784 3730 1843 3787 M
1860 3730 2111 3789 abillo
2129 3730 2255 3789 nio
2287 3733 2591 3805 repertum
2625 3734 2687 3787 et
2717 3729 2782 3787 in
2801 3745 2909 3786 suo
2930 3727 3062 3784 Mu-

441 3824 566 3860 rum
586 3807 1106 3876 incorporeitatem.
1133 3809 1215 3864 cf.
1235 3808 1432 3863 Gams
1458 3809 1592 3864 Kirc
1637 3827 1728 3865 en·
1785 3837 1883 3878 300
1945 3818 2140 3877 italico
2201 3822 2243 3877 t,
2309 3820 2363 3877 11
2426 3819 2654 3877 editum
2703 3813 2764 3899 (a
2806 3817 3014 3892 Mign
3030 3833 3063 3873 e

443 3878 637 4020 gere.
660 3879 1536 4022 12‘3222122535121,¹.¹.·.².2⁴353{.
1573 3952 1729 4006 ...m
1782 3907 2093 3979 mm
2134 3917 2478 3971 ⁹2⁷—oee
2510 3905 2810 3985 recusum>
2845 3926 2889 3966 ..
2920 3904 3063 3963 Θω-

442 4020 559 4074 fuit
598 4038 627 4075 e
668 4022 830 4079 codd.
871 4039 978 4076 sec.
1024 4023 1151 4076 vm
1191 4025 1437 4077 matoria
1477 4027 1530 4078 S.
1573 4027 1633 4078 P.
1660 4027 1725 4081 N.
1783 3997 1948 4075 gorio
1998 4015 2129 4056 esse
2180 3997 2583 4057 tribuendum·
2648 3998 2829 4056 Porro
2880 3995 2944 4053 in
2992 4012 3061 4052 eo

444 4095 758 4147 Benedictio.
777 4093 1379 4164 ss.pontificibusrom.
1397 4093 1673 4165 Gregorio
1687 4096 1727 4150 I.
1784 4085 2206 4145 describuntur
2249 4087 2407 4145 ritus
2452 4084 2789 4145 celebrandi
2819 4085 3063 4143 missam

443 4164 726 4235 descripta
771 4167 828 4219 Εὖ
866 4182 899 4218 a
927 4165 1197 4219 Zacharia
1240 4181 1439 4234 graece
1482 4166 1726 4231 reddita·
1783 4174 2195 4251 pontificalem.
2242 4176 2382 4235 Pars
2411 4178 2609 4234 tamen
2642 4173 2716 4236 II.
2749 4176 2811 4232 et
2840 4189 3061 4248 appen-

443 4235 1726 4378 {fflffiujiss}fflfftssss’egssgssffifflssiffigbssg
1784 4265 1878 4323 dix
1897 4264 1998 4344 (ib.
2013 4275 2047 4327 9
2060 4275 2091 4327 5
2103 4273 2136 4326 9
2154 4263 2258 4344 ss.)
2272 4264 2620 4340 posterioris
2637 4262 2918 4323 videntur
2931 4277 3063 4319 esse

443 4379 479 4431 l.
508 4386 539 4433 2
566 4382 820 4432 extracta
844 4395 1009 4449 saepe
1027 4379 1262 4450 prodiit.
1289 4379 1373 4434 Cf.
1400 4380 1729 4435 Potthast
1781 4354 2013 4413 ”etatis-
2059 4353 2285 4430 Hymni
2319 4372 2473 4424 vero,
2505 4353 2611 4429 qui
2645 4352 2758 4411 snb
2789 4352 2921 4427 0j¹²⁸
2950 4368 3060 4409 ΠΟ·

444 4469 496 4519 p.
531 4455 682 4506 1199.
1780 4443 1941 4502 mine
1961 4443 2463 4502 circumferuntur
2492 4446 2554 4501 et
2584 4459 2840 4516 quorum
2872 4439 3062 4514 aliqui

518 4520 627 4600 ²),F
645 4537 674 4575 θ
691 4538 716 4574 ⁸
731 4522 835 4576 ³10
852 4539 880 4573 1‘
896 4551 913 4561 ·
929 4521 961 4574 J
978 4540 1017 4575 u
1035 4540 1072 4574 n
1090 4541 1128 4592 g
1143 4540 1201 4576 m
1216 4539 1249 4575 a
1264 4543 1302 4577 11
1318 4541 1356 4576 1¹
1374 4531 1400 4589 ἓ
1417 4527 1539 4588 269.
1556 4540 1725 4591 quem
1781 4531 1843 4590 in
1863 4531 2233 4591 Breviarium
2256 4536 2400 4591 sunt
2424 4530 2666 4606 recepti,
2700 4547 2822 4589 non
2853 4529 3061 4587 viden·

441 4591 510 4644 de
536 4592 609 4644 iis
624 4592 964 4657 accuratius,
982 4593 1393 4663 praeeuntibus
1409 4593 1726 4648 editoribus
1780 4624 1884 4679 tur
1926 4621 2175 4697 genuini
2219 4617 2284 4702 (8
2294 4628 2506 4684 49—3
2518 4615 2647 4701 52),
2725 4618 3063 4677 Plurimum

442 4662 736 4725 maurinis,
779 4669 1047 4732 agentem
1090 4665 1372 4722 consulas,
1426 4664 1507 4720 Cf.
1550 4666 1723 4719 etiam
2225 4710 2236 4721 .
2836 4708 2848 4720 .
2953 4707 2964 4718 .

440 4735 763 4788 accuratam
804 4735 937 4787 diss.
978 4734 1226 4789 Ewald
1270 4736 1340 4792 N·
1368 4738 1433 4789 A·
1475 4737 1568 4789 ᾗῇ.
1593 4742 1643 4790 a,
1670 4736 1723 4794 d·
1781 4710 2016 4768 demum
2049 4715 2273 4769 meruit
2316 4709 2390 4768 de
2433 4712 2614 4769 cantu
2643 4709 3060 4775 ecclesiastico,

441 4802 972 4859 Geschichtskunde
1002 4806 1079 4859 ΙΙΙ
1105 4809 1305 4878 (1878),
1330 4813 1633 4864 433—625.
1780 4798 1884 4872 qui
1933 4797 2006 4856 ab
2057 4817 2126 4857 eo
2186 4818 2227 4876 g
2242 4819 2271 4857 r
2286 4817 2318 4856 e
2333 4819 2375 4876 g
2390 4817 2424 4857 o
2441 4799 2506 4858 ri
2523 4817 2557 4857 a
2571 4816 2611 4856 n
2625 4815 2668 4857 u
2685 4816 2714 4856 s
2774 4795 3062 4872 appellari
