3505 5161
562 253 684 306 995
804 237 1171 291 1051—1073.
1200 233 1465 290 Controv.
1493 251 1623 288 curn
1652 232 2016 304 Berengario.
2033 234 2221 305 Hugo,
2238 233 2578 299 Gozechino‚
2596 234 2814 290 Adelm.
2832 238 2937 290 etc.
3049 252 3190 304 995

559 421 710 479 circa
742 439 819 479 sa.
851 420 1243 480 eucharistiae
1277 422 1711 479 sacramentum
1744 439 1838 478 er·
1896 420 2111 478 landi
2145 419 2290 484 bibl.
2318 420 2607 492 PP.XIV;
2643 421 2734 479 Mi
2752 440 2895 497 gne
2926 419 3190 487 CXLIII,

557 528 720 568 rores
770 512 1135 586 pugnarunt.
1199 509 1416 586 Hugo
1465 511 1537 569 de
1568 508 1839 568 Breteuil
1898 518 2267 573 885—909.
2316 542 2404 553 —
2455 510 2977 570 Adelmannus
3044 504 3194 591 (Al-

558 598 871 675 episcopus
892 598 1283 675 lingoniensis
1315 597 1561 680 (1031),
1594 601 1840 674 propter
1894 596 2173 674 mannus)
2207 598 2658 673 acceptissimus
2675 599 2945 658 Fulberti
2967 617 3191 657 carno-

558 688 868 747 simoniam
901 688 1134 764 aliaque
1167 688 1418 746 crimina
1436 690 1749 747 accusatus
1772 687 1838 745 in
1891 687 2081 746 tensis
2113 687 2288 763 eique
2319 688 2697 764 gratissimus
2728 688 3086 764 discipulae,
3107 705 3193 746 ex

558 778 804 835 concilio
867 776 1167 835 rhemensi
1233 772 1460 860 (1049)
1521 779 1837 854 praesente
1896 776 2243 835 scholastico
2289 777 2576 836 leodiensi
2627 778 2941 853 episcopus
2986 777 3192 834 brixi-

556 867 748 925 Leone
793 865 873 923 IX
922 865 1545 925 excommunicationis
1596 868 1836 925 senten·
1890 865 2052 924 ensis
2068 861 2141 945 (c.
2167 866 2935 944 1050;·obiissevideturc.
2959 860 3192 947 1062),

557 955 702 1014 tiam
734 955 1005 1026 incurrit,
1040 955 1142 1014 sed
1175 954 1397 1031 spiritu
1428 955 1836 1032 poenitentiae
1892 954 2132 1030 scripsit
2162 955 2237 1013 ad
2270 973 2446 1014 suum
2478 955 2779 1031 quondam
2807 956 3194 1033 discipulum

558 1050 863 1120 correptus
894 1043 1236 1119 pontificem
1256 1044 1499 1104 Romam
1531 1048 1833 1104 reverten-
1893 1043 2319 1120 Berengarium
2369 1045 2730 1120 praeclaram
2762 1046 3078 1121 epistolam
3113 1045 3198 1102 de

558 1135 680 1192 tem
711 1132 892 1191 nudis
926 1132 1176 1208 pedibus
1211 1136 1453 1193 secutus
1486 1137 1595 1207 est,
1643 1137 1704 1191 et
1734 1151 1835 1210 sy·
1891 1133 2270 1191 eucharistiae
2328 1142 2706 1205 sacramente,
2757 1133 3197 1194 testimonium

557 1223 799 1292 nodum,
833 1240 986 1296 quae
1016 1225 1152 1281 tum
1170 1223 1518 1294 habebatur,
1553 1222 1754 1282 nudus
1775 1224 1837 1281 et
1894 1221 2130 1298 insigne
2161 1224 2398 1281 tenerae
2430 1241 2572 1282 suae
2604 1224 2666 1281 in
2687 1224 2939 1283 amicum
2962 1242 2996 1282 a
3016 1223 3194 1282 veri-

544 1311 923 1370 excalceatus
956 1311 1258 1387 ingressus
1301 1315 1395 1371 est
1424 1312 1703 1389 lacrymis
1734 1331 1838 1371 ora
1890 1311 2034 1370 tatis
2051 1311 2261 1369 semita
2278 1311 2668 1383 aberrantem,
2702 1332 2877 1389 quem
2891 1312 3194 1370 reducere

557 1402 852 1477 perfusus,
886 1420 1068 1459 manu
1113 1400 1383 1459 deferens
1432 1401 1647 1478 virgae,
1698 1401 1835 1477 qui-

558 1491 670 1549 bus
719 1490 1077 1562 caederetur,
1111 1491 1344 1549 veniam
1394 1494 1457 1549 et
1503 1489 1836 1550 misericor-

558 1579 712 1637 diam
747 1597 886 1637 voce
931 1579 1301 1637 lamentabili
1341 1579 1681 1655 implorans.
1741 1580 1836 1638 Ad

556 1668 677 1726 tale
710 1668 1114 1743 spectaculum
1145 1668 1285 1727 flere
1305 1686 1509 1726 omnes
1525 1671 1587 1727 et
1601 1668 1836 1727 veniam

557 1756 813 1833 piccari3
859 1759 1187 1816 commotus
1216 1755 1483 1834 pontifex
1515 1757 1836 1834 indulgen-

557 1848 703 1904 tiam
734 1846 991 1922 supplici
1021 1846 1310 1908 concedit.
1357 1847 1428 1904 In
1459 1846 1712 1921 patriam
1743 1865 1837 1904 re-

559 1936 726 1993 diens
760 1936 1032 1993 morbum
1064 1934 1280 1994 incidit
1310 1938 1373 1993 et
1404 1934 1678 1994 habitum
1712 1954 1837 1994 mo·

558 2023 730 2082 nachi
780 2023 842 2082 in
892 2025 1173 2083 coenobio
1206 2043 1248 2087 s.
1281 2023 1488 2083 Vitoni
1533 2024 1716 2099 petiit
1744 2027 1837 2081 at-

560 2131 674 2189 que
706 2113 930 2186 accepit
972 2113 1188 2188 pieque
1233 2113 1482 2172 decessit
1537 2124 1636 2176 16.
1666 2114 1838 2173 Mart.

573 2211 753 2265 1051.
815 2202 981 2259 Unus
1015 2220 1046 2260 e
1077 2201 1283 2277 primis
1314 2202 1449 2272 fuit,
1497 2202 1604 2277 qui
1635 2204 1839 2261 contra

561 2290 1004 2367 Berengarium,
1038 2309 1213 2349 suum
1245 2291 1546 2367 quondam
1558 2292 1835 2360 amicum,

559 2379 866 2455 scripserit
894 2379 1168 2437 nonnihil
1199 2384 1399 2438 tamen
1431 2380 1679 2439 obscure
1694 2377 1741 2462 ¹)
1774 2380 1839 2437 in

558 2471 633 2526 tr.
664 2470 734 2526 de
762 2486 1000 2543 corpore
1049 2476 1099 2526 et
1146 2470 1425 2546 sanquine
1457 2470 1697 2528 Domini
1744 2469 1837 2528 ed.

558 2578 593 2616 a
641 2557 998 2634 d'Achery
1050 2559 1115 2616 in
1163 2577 1296 2635 app.
1350 2558 1423 2617 ad
1473 2576 1651 2634 opera
1684 2559 1836 2618 Lan-

558 2648 762 2718 sranci,
797 2647 1044 2706 Parisiis
1084 2657 1282 2720 16483
1315 2648 1378 2706 in
1410 2648 1553 2707 bibl.
1576 2668 1707 2706 max
1723 2649 1836 2706 PP.

557 2737 763 2806 XVIII,
829 2746 1216 2807 417—4193
1303 2738 1555 2814 Migne
1617 2737 1835 2809 CXLII,

567 2834 960 2890 1321·1331.
1004 2860 1094 2871 —-
1140 2825 1680 2901 Gozechinus2)
1712 2845 1836 2886 rec-

557 2920 653 2973 tor
681 2915 876 2973 clarus
908 2915 1009 2973 sed
1042 2914 1359 2973 admodum
1391 2915 1621 2992 rigidus
1667 2916 1835 2974 scho-

558 3005 648 3062 lae
697 3004 1031 3073 leodiensis,
1085 3023 1262 3079 quam
1306 3006 1511 3064 tamen
1553 3004 1836 3079 temporis

559 3093 880 3169 iniquitate
913 3096 1149 3152 coactus
1169 3093 1505 3169 relinquere
1524 3093 1750 3165 debuit,
1773 3094 1836 3152 in

558 3183 786 3257 prolixa
845 3182 917 3240 ad
983 3182 1337 3242 Valcherum
1398 3183 1606 3241 itidem
1669 3183 1836 3242 scho-

558 3271 854 3341 lasticum,
902 3288 1081 3329 suum
1121 3271 1418 3347 quondam
1451 3272 1834 3347 discipulum,

558 3362 796 3434 epistola
827 3361 962 3435 post
993 3359 1323 3436 apologiam
1374 3361 1445 3418 de
1477 3361 1683 3420 relicto
1713 3363 1835 3419 leo-

558 3450 783 3508 diensis
805 3448 1115 3508 cathedrae
1146 3448 1491 3526 magisterio
1524 3453 1703 3524 atque
1743 3468 1836 3508 se·

559 3556 727 3597 cessu
743 3538 1120 3614 moguntiaco
1142 3538 1478 3597 studiorum
1494 3539 1835 3598 interritum

558 3628 830 3703 malaque
894 3628 988 3685 sui
1064 3626 1350 3702 temporis
1427 3627 1698 3705 deplorat
1767 3647 1838 3687 ex

558 3716 918 3793 Berengarii,
971 3734 1149 3792 quem
1195 3716 1439 3775 Satanae
1499 3717 1836 3792 apostolum

558 3805 833 3881 appellat,
913 3806 1183 3863 doctrina
1256 3824 1537 3881 perversa
1584 3807 1835 3865 maxime

558 3899 874 3953 consecuta
908 3890 988 3974 (fl.
1022 3912 1068 3952 c.
1100 3892 1309 3973 1060).
1343 3894 1574 3953 Prodiit
1605 3896 1668 3954 in
1700 3896 1835 3954 Ma-

558 3982 888 4042 billonii
919 3984 1087 4041 Anal.
1119 3983 1215 4053 IV,
1254 3993 1633 4056 360—3953
1677 3985 1837 4043 Gal-

638 4230 674 4296 ι)
703 4227 785 4280 Cf.
815 4225 959 4278 Hist.
988 4225 1071 4277 lit.
1101 4224 1221 4287 Vll,
1248 4229 1551 4281 438-443.

633 4301 673 4367 2)
705 4297 870 4351 Alius
885 4298 958 4349 ab
974 4313 1038 4350 eo
1055 4313 1171 4349 esse
1190 4294 1418 4348 videtur
1445 4296 1491 4350 G
1509 4312 1540 4349 o
1557 4314 1582 4349 s
1600 4314 1649 4348 w
1667 4296 1687 4349 i
1705 4314 1740 4348 n
1760 4314 1796 4350 u
1814 4315 1839 4350 s

557 4369 867 4423 canonicus
918 4367 1291 4438 moguntinus
1342 4367 1414 4436 (fl.
1460 4371 1629 4436 1072),
1674 4368 1840 4437 cujus

560 4440 775 4493 dicitur
800 4456 918 4494 esse
950 4442 1060 4494 Vita
1086 4457 1128 4495 s.
1152 4442 1348 4494 Albani
1372 4444 1446 4494 M.
1470 4443 1515 4508 (†
1535 4443 1659 4509 406)
1682 4439 1838 4509 apud

560 4510 854 4565 Canisium
881 4514 1013 4563 Ant.
1056 4512 1181 4565 lect.
1220 4510 1287 4574 V,
1315 4517 1365 4574 2,
1393 4516 1704 4570 648—665;
1751 4509 1837 4563 ed.

559 4582 839 4636 secundae
859 4582 951 4645 IV,
976 4587 1140 4637 158—
1156 4586 1268 4644 166,
1285 4582 1347 4634 in
1362 4583 1484 4636 Act.
1500 4581 1836 4637 Ss.2l.Jun.

560 4655 655 4716 IV,
682 4662 751 4709 88
779 4670 892 4707 non
919 4653 1216 4721 complete,
1258 4652 1546 4723 epitomen
1575 4653 1659 4706 ed.
1688 4653 1838 4706 Hol-

559 4724 982 4794 der-Egger
1043 4724 1104 4776 in
1167 4724 1319 4779 Mon.
1372 4726 1437 4777 G.
1478 4742 1580 4777 scr.
1621 4724 1741 4788 XV,
1789 4731 1837 4786 2,

562 4800 862 4848 985-990.

1892 1402 2160 1469 conatur,
2197 1403 2258 1458 et
2286 1400 2551 1459 caritatis
2585 1406 2645 1460 et
2675 1402 2783 1460 zeli
2813 1421 2922 1477 pro
2942 1401 3063 1459 fide
3084 1420 3192 1459 ca-

1892 1488 2126 1548 tholica.
2178 1491 2399 1565 Arguit
2429 1508 2585 1562 eum,
2619 1491 2778 1566 quod
2812 1509 2873 1549 se
2906 1491 3189 1549 divulse-

1894 1579 1977 1637 rit
1994 1578 2070 1636 ab
2089 1578 2324 1637 unitate
2357 1579 2679 1638 catholicae
2699 1580 2994 1638 Ecclesiae
3026 1580 3189 1656 dog-

1891 1667 2220 1726 matizando
2251 1672 2314 1726 et
2345 1667 2544 1726 verbis
2572 1672 2634 1727 et
2664 1670 2922 1744 scriptiS,
2955 1687 3190 1744 corpus

1891 1759 1952 1814 et
1981 1756 2333 1832 sanguinem
2366 1756 2599 1827 Christi,
2631 1776 2783 1832 quae
2816 1757 3099 1833 quotidie
3121 1758 3192 1816 in

1891 1845 2171 1904 universa
2218 1849 2378 1904 terra
2426 1846 2490 1904 in
2541 1846 2715 1904 altari
2764 1846 3190 1918 immolantur,

1892 1953 2010 1993 non
2072 1952 2201 1993 esse
2251 1953 2457 1993 verum
2509 1953 2725 2010 corpus
2777 1936 3016 2005 Christi,
3066 1955 3191 1996 nec

1894 2042 2100 2082 verum
2134 2022 2486 2099 sanguinem
2511 2023 2747 2093 Christi,
2783 2024 2887 2083 sed
2919 2025 3191 2101 figuram

1892 2116 1955 2172 et
1984 2111 2440 2171 similitudinem
2473 2113 2734 2188 corporis
2767 2116 2828 2172 et
2860 2113 3191 2189 sanguinis

1895 2201 2117 2261 Christi
2148 2200 2645 2280 (Sigebertus
2679 2203 2750 2261 de
2773 2202 2977 2264 S.E.c.
3002 2198 3187 2284 153).

1895 2290 2124 2349 Prodiit
2155 2309 2224 2348 ea
2255 2308 2429 2366 saepe
2476 2295 2539 2348 et
2570 2309 2703 2349 cum
2739 2291 2872 2349 aliis
2903 2290 3186 2366 ejusdem

1893 2380 2232 2457 argumenti
2294 2379 2600 2454 opusculis
2661 2380 2904 2439 Lovanii
2980 2390 3136 2443 1551
3162 2403 3177 2449 ;

1905 2479 2059 2533 1561
2088 2491 2102 2539 ;
2135 2469 2198 2526 in
2230 2468 2593 2527 bibliotheca
2613 2469 2721 2530 FP.
2754 2470 2921 2546 lugd.
2957 2469 3177 2533 XVIII.

1897 2568 1975 2622 43
1987 2567 2242 2622 4—-440
2263 2580 2276 2628 ;
2310 2575 2442 2617 cum
2465 2557 2742 2634 operibus
2763 2576 2842 2617 sa.
2862 2558 3174 2617 Philastrii

1891 2651 1952 2706 et
1984 2647 2319 2717 Gaudentii,
2350 2648 2585 2706 Brixiae
2625 2658 2826 2719 1739;
2860 2648 3016 2708 ult-ra
3043 2650 3172 2705 ter·

1892 2738 2037 2795 tiam
2053 2740 2281 2812 partem
2298 2737 2674 2812 suppletaed.
2690 2738 2746 2796 C.
2763 2738 2833 2794 A.
2851 2738 2889 2795 S
2904 2756 2935 2795 c
2946 2737 3086 2795 hmi
3097 2735 3184 2794 dt

1891 2825 2250 2885 Brunsvicae
2289 2835 2475 2887 1770.
2519 2826 2664 2902 Ejus
2694 2845 2936 2902 quoque
2967 2823 3193 2909 sant1)

1892 2916 2107 2991 rythmi
2150 2914 2494 2988 alphabetici
2536 2914 2609 2973 de
2653 2915 2799 2974 viris
2832 2916 3194 2975 illustribus

1897 3004 1991 3063 sui
2007 3004 2309 3079 temporis,
2326 3006 2652 3078 utrumque
2667 3004 2731 3062 in
2763 3005 2821 3061 M
2837 3005 2856 3061 i
2871 3024 3016 3081 gne
3038 3006 3108 3063 P.
3129 3007 3188 3063 L.

1893 3091 2143 3163 CXLIII,
2188 3101 2581 3155 1289-1301.
2613 3093 2749 3150 Alia
2777 3094 3059 3168 ejusdem
3094 3114 3193 3171 ep.

1896 3182 1968 3240 ad
2004 3177 2387 3262 Paulinum2)
2421 3182 2696 3240 ecclesiae
2727 3183 3021 3241 metensis
3058 3185 3194 3258 pri-

1895 3270 2204 3330 micerium
2249 3271 2321 3330 de
2366 3271 2570 3329 eodem
2602 3274 2956 3348 argumento
2989 3272 3196 3330 inter-

1891 3360 2105 3418 cidisse
2136 3360 2389 3422 videtur.
2420 3393 2510 3403 -—
2541 3360 2651 3418 His
2692 3359 2943 3436 adjungi
2975 3365 3198 3434 potest

1896 3451 1950 3507 M
1968 3469 2002 3507 a
2016 3469 2056 3508 u
2073 3468 2103 3507 r
2122 3449 2144 3506 i
2161 3449 2274 3507 liu
2292 3468 2319 3506 s
2352 3449 2654 3524 quondam
2685 3450 3013 3508 monachus
3038 3450 3110 3512 O.
3134 3451 3199 3513 S.

1896 3539 2039 3599 Ben.
2073 3542 2134 3595 et
2163 3539 2425 3607 eremita,
2461 3537 2701 3595 demum
2722 3538 3198 3597 illustrissimus

1892 3626 2370 3703 archiepiscopus
2418 3626 2847 3702 rotomagensis
2881 3622 3192 3707 (1055-

1901 3710 2093 3796 1067)
2142 3716 2214 3774 de
2258 3715 2582 3792 reparanda
2627 3714 2947 3790 disciplina
2992 3718 3191 3776 eccle-

1899 3805 2141 3863 siastica
2202 3804 2516 3863 admodum
2569 3804 2879 3875 sollicitus,
2931 3809 3192 3883 propter

1894 3895 2190 3972 insignem
2224 3894 2440 3951 editam
2475 3892 2612 3951 fidei
2642 3893 2964 3952 catholicae
2996 3896 3070 3953 de
3089 3915 3186 3953 sa-

1894 3991 2188 4042 eramento
2203 3984 2581 4042 eucharistiae
2593 3982 3023 4057 professionem
3042 4003 3187 4060 pro·

1894 4073 2177 4132 habiliter
2225 4073 2289 4130 in
2338 4072 2540 4147 aliqua
2589 4071 2815 4146 synodo
2855 4071 3086 4131 editam
3119 4073 3182 4131 in

1894 4162 2064 4221 Cone.
2085 4161 2479 4220 Normanniae
2497 4179 2603 4219 seu
2624 4179 2785 4235 prov,
2805 4164 3019 4223 rotom.
3045 4163 3184 4221 coll.

1974 4373 1985 4404 1
2465 4366 2484 4396 Γ
2667 4372 2758 4406 >-

1966 4370 2009 4508 ²3
2036 4365 2479 4504 giiffgsssalliltssi
2490 4366 2707 4490 [suffit
2728 4369 2950 4506 εὲιῖῗοῑα
2976 4437 3050 4490 ad
3079 4436 3182 4489 Be

1894 4508 2220 4592 rengerium
2239 4509 2594 4563 carissimum
2611 4509 2846 4562 fratrem
2863 4513 3181 4562 suumante

1893 4581 1943 4650 ej
1952 4600 2016 4634 us
2027 4579 2557 4635 condemnationem
2570 4579 2858 4650 scriptam,
2876 4595 2994 4649 qua
3009 4579 3180 4633 illum

1894 4653 2142 4704 fraterne
2168 4654 2366 4705 monet
2389 4652 2457 4704 de
2483 4667 2710 4704 rumore
2749 4650 3026 4705 adversus
3052 4653 3182 4721 ejus

1895 4723 2165 4792 opinione
2226 4739 2441 4790 sparsO,
2501 4722 2658 4792 apud
2711 4721 2769 4774 M
2785 4738 2819 4774 a
2837 4740 2865 4775 r
2879 4725 2905 4775 t
2919 4739 2947 4776 e
2966 4741 3003 4774 n
3020 4737 3049 4773 e
3116 4722 3181 4775 in

1895 4794 2106 4848 Anecd.
2139 4802 2184 4858 1,
2215 4801 2333 4850 196.
2387 4793 2758 4848 cf.Hist.1it.
2787 4793 2910 4858 V,11
2931 4802 3053 4849 511.
