3505 5161
1061 238 1356 288 101—200.
1384 232 1573 302 Apolo
1588 233 1774 302 getae.
1802 228 2171 301 Apollinaris,
2199 228 2563 300 Apolloniae,
3039 248 3124 299 40

500 250 579 303 39

494 419 750 496 Migne
784 419 847 477 P.
869 418 935 477 G.
957 417 1052 488 VI,
1084 428 1246 481 1167
1277 428 1552 488 —11803
1602 417 1786 477 Otto
1841 420 1903 475 et
1935 434 2324 493 quaecunque
2373 415 2629 475 Perenni
2662 412 2899 496 (judici)
2934 416 3122 474 inter-

495 507 593 579 IX,
653 517 854 570 1--31
910 506 1014 566 col.
1060 506 1337 578 x1—-L1;
1386 506 1545 566 inter
1590 507 1782 565 Doxo·
1840 506 2077 583 roganti
2110 505 2420 581 respondit
2468 508 2529 563 et
2580 505 2905 563 orationem
2939 504 3125 575 illam,

493 596 751 674 graphos
798 613 1038 673 graecos
1087 594 1177 657 ed.
1225 596 1464 665 Diels,
1514 595 1783 657 Berolini
1841 614 2018 671 quam
2054 613 2161 671 pro
2210 594 2348 653 fidei
2385 597 2624 653 nostrae
2669 593 3011 653 defensione
3059 594 3123 652 in

502 693 668 748 1878
705 705 761 761 p.
788 694 1156 749 649—656.
1187 684 1272 742 Ea
1302 685 1526 747 dicitur
1544 684 1783 761 elegans
1841 687 2053 760 senatu
2098 684 2373 754 habuit-,‘
2420 682 2719 742 Eusebius
2762 683 2943 759 digna
2986 700 3128 741 cen·

495 776 558 833 et
601 777 901 853 peracuta,
948 773 1269 849 aliquando
1314 777 1517 833 tamen
1565 774 1784 832 subob-
1843 774 1984 844 suit,
2021 791 2172 848 quae
2203 792 2342 832 suae
2371 772 2709 831 collectioni
2729 775 3123 837 actor-uman-

496 860 854 945 scura1).-—
877 862 933 927 S.
966 861 1341 921 Claudius
1376 862 1781 938 ,Apollinaris
1840 862 2150 937 tiquorum
2210 866 2541 937 martyrum
2603 862 2911 933 insereret,
2971 880 3124 936 quae

496 947 926 1032 (Apolinarius)
949 951 1124 1010 Asiae
1157 952 1625 1027 hierapolitanus
1658 951 1784 1026 epi·
1840 956 2036 1009 tamen
2083 951 2284 1026 periit.
2344 951 2521 1009 Felici
2572 951 2692 1009 fato
2739 950 2844 1009 illa
2889 953 3128 1025 reperta

496 1058 711 1116 scopus
745 1042 859 1099 sub
892 1042 1085 1099 Marco
1118 1040 1359 1099 Aurelio
1402 1042 1545 1116 imp.
1580 1041 1786 1099 floruit
1840 1039 2006 1098 fuere
2052 1039 2118 1099 in
2150 1040 2497 1099 collectione
2543 1042 2825 1099 Actorum
2861 1039 2996 1097 MM.
3029 1058 3126 1097 ar·

496 1125 569 1210 (c.
606 1125 735 1211 72),
769 1129 868 1188 cui
899 1132 960 1188 et
979 1130 1217 1205 insigne
1236 1129 1517 1188 volumen
1536 1147 1643 1205 pro
1667 1129 1785 1187 fide
1839 1128 2066 1187 menies
2097 1148 2131 1186 a
2161 1129 2432 1204 patribus
2464 1128 2885 1188 Mechitaristis
2929 1128 3121 1187 Vene-

495 1219 954 1277 christianorum
1017 1215 1320 1299 dedit2):‘
1400 1219 1572 1294 cujus
1626 1217 1784 1295 frag·
1838 1217 1944 1276 tiis
2000 1227 2164 1280 1874
2215 1217 2376 1276 edita
2423 1237 2478 1293 p.
2536 1226 2900 1281 138—143.
2978 1216 3126 1275 Inde

493 1311 696 1366 menta
725 1308 963 1366 tantum
1004 1325 1190 1381 eaque
1221 1306 1425 1366 brevia
1456 1309 1786 1384 supersunt
1838 1305 1944 1365 illa
1974 1307 2163 1366 edidit
2193 1325 2329 1365 cum
2377 1306 2822 1365 introductione
2855 1308 2916 1364 et
2961 1305 3123 1364 notis

497 1396 654 1472 apud
689 1395 1055 1457 Gallandi
1101 1396 1245 1454 bibl.
1278 1397 1305 1454 1
1337 1398 1566 1474 prolog.
1612 1414 1658 1459 c.
1697 1406 1776 1461 25
1840 1394 2285 1472 Conybeare
2334 1396 2399 1454 in
2431 1415 2523 1471 op.
2559 1396 2918 1470 Apollonius,
2959 1397 3121 1471 Apo-

493 1506 551 1561 p.
587 1495 710 1547 680
746 1488 808 1544 et
840 1485 934 1544 Mi
947 1503 1090 1562 gne
1128 1485 1345 1545 Patrol.
1379 1505 1467 1563 gr.
1501 1485 1566 1556 V,
1612 1495 1780 1549 1293
1838 1485 1966 1560 loyy
1996 1486 2112 1544 and
2147 1486 2287 1543 Acts
2321 1485 2438 1543 and
2472 1485 2642 1544 other
2660 1488 3042 1543 monuments
3064 1483 3134 1542 of

495 1592 541 1633 s.
604 1575 968 1633 Mentionem
1029 1573 1172 1632 facit
1230 1578 1386 1634 teste
1436 1575 1541 1634 Eu
1559 1593 1585 1633 s
1603 1575 1783 1634 ebio
1840 1574 2003 1650 early
2023 1573 2429 1650 Christianity,
2452 1573 2694 1632 London
2725 1582 2922 1643 18943
2954 1581 3119 1635 1896

492 1663 565 1722 Η.
600 1663 664 1722 Ε.
697 1663 764 1734 V,
801 1673 833 1726 5
874 1662 1126 1740 legionis
1157 1663 1593 1723 fulminatricis.
1627 1664 1783 1723 Scri·
1837 1663 1927 1720 ed.
2012 1672 2079 1734 2;
2171 1665 2401 1721 textum
2489 1680 2770 1739 graecum
2841 1662 3127 1722 exhibent

494 1753 621 1829 psit
696 1770 936 1827 quoque
989 1752 1165 1828 juxta
1231 1752 1782 1829 Hieronymum
1839 1752 2008 1810 Anal.
2043 1752 2310 1810 Bolland.
2354 1762 2514 1816 1895
2552 1751 2701 1821 XIV,
2741 1759 3126 1820 284—294;

492 1844 815 1917 praeeunte
865 1840 1208 1900 Eusebio
1239 1841 1338 1913 IV,
1376 1851 1453 1904 27
1505 1842 1784 1901 adversus
1839 1840 2106 1900 Klette
2167 1841 2286 1899 Der
2335 1842 2576 1900 Process
2641 1840 2768 1899 und
2828 1840 2922 1899 die
2973 1842 3126 1920 Acta

490 1938 682 2008 qentes
728 1931 783 1991 ll.
823 1933 884 2003 5,
930 1931 999 1987 de
1042 1932 1274 1988 veritate
1304 1932 1362 1988 u.
1396 1934 1456 2004 2,
1511 1934 1574 1989 et
1605 1930 1779 2006 epist.
1839 1929 1893 1989 S.
1928 1930 2236 2005 Apollonii
2280 1930 2462 1989 Texte
2506 1929 2634 1987 und
2666 1929 2897 1988 Unters.
2953 1938 3119 1992 1897

497 2020 776 2078 adversus
805 2020 1205 2092 montanistas,
1251 2038 1402 2094 quae
1435 2019 1656 2096 scripta
1686 2023 1777 2078 ta-
1839 2018 1958 2089 XV,
2012 2028 2066 2081 2.
2143 2019 2369 2078 Auctor
2413 2018 2720 2094 Apollonii
2777 2035 3122 2094 processum

497 2126 634 2167 men
664 2107 991 2182 perierunt.
1054 2107 1245 2166 Pauca
1291 2108 1578 2181 quaedam
1621 2109 1778 2186 frag·
1837 2108 2111 2166 nonnihil
2144 2108 2471 2183 implexum
2492 2106 2801 2166 dilucidat.
2835 2107 2914 2165 Of.
2945 2107 3125 2165 Ehr-

495 2200 698 2255 menta
742 2196 923 2255 habes
971 2195 1130 2271 apud
1161 2196 1415 2256 Routh
1464 2197 1780 2274 Reliquiae
1837 2196 2031 2255 hard
2089 2197 2167 2273 11,
2223 2206 2596 2263 587-592;
2651 2196 3123 2273 Hilgenfeld

498 2303 695 2343 sacrae
774 2284 982 2344 Oxonii
1052 2294 1217 2349 1814
1280 2286 1327 2357 Ι,
1402 2297 1780 2358 149-174;

496 2374 752 2452 Migne
798 2374 912 2433 PG.
961 2373 1025 2445 V,
1081 2383 1550 2446 1293—13023
1600 2377 1780 2435 Otto

494 2463 594 2533 IX,
659 2472 1029 2526 479—495.
1092 2497 1178 2508 —
1241 2464 1371 2523 Huc
1417 2466 1596 2524 etiam
1643 2483 1778 2542 per-

491 2551 650 2611 tinet
710 2549 1289 2635 Apolloniusss),
1327 2555 1504 2630 juxta
1552 2554 1780 2613 Euse-

494 2641 705 2700 bium
736 2641 809 2702 H.
841 2640 904 2701 E.
938 2641 1006 2713 V,
1046 2651 1120 2705 21
1163 2637 1442 2724 (Migne
1475 2645 1535 2704 P.
1558 2645 1622 2705 G.
1657 2644 1777 2713 XX,

500 2726 654 2812 487)
718 2729 786 2789 in
844 2729 1296 2791 humanioribus
1361 2732 1552 2791 literis
1604 2735 1667 2792 et
1715 2733 1779 2791 in

495 2819 873 2895 philosophia
933 2820 1204 2891 eximius,
1267 2821 1374 2897 qui
1422 2822 1497 2880 ab
1543 2821 1782 2892 homine

495 2907 751 2984 quodam
784 2907 1194 2984 perditissimo
1216 2909 1290 2968 ob
1311 2910 1488 2968 fidem
1507 2910 1780 2969 christia-

495 3016 631 3056 nam
662 2997 784 3055 fuit
815 3000 1145 3057 accusatus.
1181 2999 1327 3057 Cum
1356 3018 1497 3058 vero
1530 3002 1691 3058 esset
1709 3001 1780 3058 ut

496 3086 775 3145 nonnulli
808 3089 1028 3162 putant
1058 3086 1284 3147 ordinis
1318 3088 1618 3158 senatorii,
1668 3106 1776 3163 po-

496 3175 763 3245 stulavit,
827 3179 899 3234 ut
959 3194 1151 3235 coram
1214 3182 1428 3236 senatu
1489 3178 1780 3236 rationem

498 3281 640 3323 suae
685 3263 823 3322 fidei
849 3263 1138 3327 redderet.
1198 3265 1421 3324 Habita
1458 3266 1782 3343 elegantis-

496 3352 646 3410 sima
677 3353 943 3411 oratione
974 3371 1080 3429 pro
1112 3352 1455 3413 defensione
1478 3372 1618 3413 suae
1638 3355 1782 3412 fidei

496 3440 738 3516 capitali
768 3443 969 3499 tamen
989 3441 1286 3500 sententia
1317 3463 1351 3501 a
1383 3446 1596 3502 senatu
1617 3442 1782 3500 dam-

494 3531 672 3588 natus
724 3533 817 3586 est
851 3530 963 3587 sub
998 3529 1313 3589 Commodo
1358 3531 1497 3607 imp.
1548 3551 1596 3593 a.
1642 3541 1781 3594 192.

498 3618 720 3686 ,Porro
753 3619 967 3676 cuncta
1011 3618 1084 3676 ab
1130 3618 1236 3677 illo
1268 3619 1331 3677 in
1356 3619 1586 3695 judicio
1620 3622 1780 3692 dicta

575 3856 1437 3929 ¹)Fessler-Jungmann
1487 3873 1513 3924 ς·
1560 3870 1643 3916 54.
1696 3860 1780 3914 Cf.

500 3928 1779 3996 Burdenhewcr523:FesslerKL.V,

502 4000 1430 4060 18993Fabricius-Harless
1461 4003 1779 4066 V11,114s.:

496 4070 840 4126 Harnack
868 4072 1116 4141 conjicit,
1148 4075 1190 4141 I,
1217 4076 1321 4131 782
1347 4090 1477 4128 eum
1502 4090 1619 4128 esse
1645 4092 1780 4130 non-

494 4141 604 4196 nisi
632 4159 737 4198 sec.
768 4142 861 4195 VI.

516 4283 521 4288 .
570 4213 1142 4285 ²)Hieronym11s
1185 4216 1255 4268 de
1300 4215 1438 4269 viris
1479 4215 1559 4271 ill.
1605 4234 1650 4270 c.
1692 4224 1777 4273 26.

496 4284 578 4338 Cf.
605 4284 903 4339 Schmid
932 4285 1043 4338 KL.
1070 4287 1133 4350 12,
1170 4294 1332 4346 1086:
1360 4287 1707 4342 Harnack
1736 4288 1777 4351 1,

500 4365 543 4413 l.
573 4362 883 4412 243-2462
913 4357 1087 4411 Texte
1114 4377 1171 4411 ιι.
1202 4358 1424 4412 Untcrs.
1456 4355 1495 4422 I,
1529 4368 1574 4416 1.
1600 4365 1771 4414 232—-

494 4434 629 4486 240;
671 4426 1019 4496 Realencycl.
1050 4430 1115 4492 1³,
1144 4431 1265 4486 676.

567 4499 719 4562 ³)Cf.
770 4499 1318 4555 Burdenhewer
1368 4511 1393 4566 g
1452 4510 1514 4557 16
1566 4520 1623 4553 n.
1680 4509 1775 4560 12;

1839 2284 2116 2345 Zeitschr.
2149 2285 2189 2343 f.
2223 2286 2380 2347 wiss.
2400 2285 2598 2345 Theol.
2623 2284 2907 2357 XXXVII,
2947 2294 3025 2348 58
3041 2320 3113 2328 -

1840 2385 1912 2438 91
1938 2396 1952 2444 ;
1987 2375 2130 2444 XLI,
2173 2384 2537 2438 185—210.

1935 2547 1958 2598 1
1975 2545 2031 2598 6.
2046 2536 2350 2595 Adversus
2370 2534 2410 2594 J
2420 2554 2462 2594 ιι
2474 2535 2509 2593 d
2525 2554 2643 2595 aso
2656 2536 2684 2593 s'
2701 2535 2874 2594 stetit
2886 2538 3130 2610 praeter

1837 2624 2265 2697 Just-inum,
2319 2624 2755 2684 Miltiadem
2804 2628 2865 2684 et
2896 2625 3123 2701 Apol-

1837 2714 2171 2773 linarem
2202 2715 2476 2774 Aristo
2509 2732 2580 2772 ex
2611 2714 2865 2773 Peraeae
2898 2713 3126 2789 oppido

1838 2803 2003 2863 Pella
2034 2802 2344 2874 oriundus,
2393 2803 2497 2878 qui
2543 2821 2611 2861 ex
2643 2802 2681 2861 J
2685 2802 2874 2861 udaeo
2925 2803 3124 2861 factus

1837 2895 1931 2951 est
1961 2892 2350 2961 Christianus,
2372 2895 2444 2950 ut
2464 2892 2776 2951 veritatem
2806 2891 3120 2969 religionis

1835 2981 2193 3040 christianae
2224 2983 2432 3039 contra
2461 2979 2719 3039 Judaeos
2739 2999 2808 3040 ex
2829 2980 3121 3056 adimple-

1835 3070 1917 3128 tis
1949 3069 2249 3128 vaticiniis
2281 3068 2627 3140 vindicaret,
2657 3069 2993 3146 composuit
3022 3070 3118 3127 in·

1835 3161 1932 3216 tra
1962 3177 2011 3217 a.
2054 3167 2394 3221 135—175
2447 3159 2652 3234 lingua
2683 3178 2892 3235 graeca
2941 3159 3120 3216 alter-

1837 3249 2113 3305 cationem
2159 3248 2397 3306 Jasonis
2441 3254 2490 3304 et
2522 3247 2757 3323 Papisci
2807 3266 2914 3307 seu
2957 3247 3122 3307 inter

1836 3335 2130 3394 Judaeum
2165 3354 2515 3395 conversum
2564 3339 2623 3396 et
2664 3337 2964 3396 Judaeum
2994 3337 3120 3396 ale-

1836 3424 2191 3483 xandrinum
2222 3426 2392 3482 tanta
2421 3424 2694 3496 efficacia,
2741 3433 2813 3485 ut
2845 3426 2941 3484 hic
2969 3425 3118 3502 bap-

1837 3513 2083 3571 tismum
2114 3516 2363 3588 peteret,
2422 3515 2561 3590 Ipsa
2610 3518 2790 3590 atque
2822 3517 2951 3590 ejus
2983 3532 3122 3574 vcr-

1838 3601 1925 3660 sio
1973 3601 2159 3661 latina
2203 3606 2443 3661 auctore
2494 3604 2750 3679 quodam
2783 3604 3002 3663 Celso
3037 3599 3118 3684 (si

1837 3689 2165 3767 fragmenta
2196 3692 2450 3767 excipias
2482 3692 2640 3767 apud
2673 3692 2813 3751 Otto
2834 3693 2930 3764 lX,
2958 3701 3121 3755 349-

1841 3789 2003 3851 3633
2038 3780 2288 3857 Migne
2319 3780 2389 3851 V,
2433 3779 2894 3864 1277-1286)
2927 3783 3120 3840 inter-

1836 3869 2111 3928 ciderunt
2125 3867 2190 3946 1).
2256 3870 2507 3944 Conjicit
2537 3874 2740 3928 tamen
2769 3870 3120 3930 Harnack

1836 3958 2280 4017 Altercationem
2312 3958 2567 4017 Simonis
2598 3959 2813 4017 Judaei
2849 3967 2900 4017 et
2935 3960 3119 4018 Theo-

1833 4047 1980 4122 phili
2044 4047 2366 4105 Christiani
2425 4050 2664 4106 auctore
2715 4048 2814 4107 Ev
2832 4050 2995 4125 agri
3017 4045 3116 4130 οἳ)

1914 4220 1948 4287 ¹)
1979 4217 2061 4271 Cf.
2088 4216 2690 4282 Bardenhcwer§
2726 4226 2816 4276 lli:
2869 4219 3012 4270 Gru
3034 4219 3118 4271 be

1834 4288 1945 4340 KL.
1975 4289 2014 4353 1,
2047 4297 2212 4348 1300:
2255 4288 2306 4342 H
2322 4306 2355 4342 a
2370 4307 2396 4341 r
2414 4309 2450 4344 n
2467 4305 2501 4340 a,
2517 4307 2546 4343 c
2560 4289 2600 4341 k
2641 4289 2988 4357 Redlencycl.
3020 4290 3116 4350 11⁸,

1834 4363 1947 4492 ΗΞ)
1977 4430 2055 4484 De
2107 4431 2214 4485 hoc
2265 4431 2511 4499 Evagrio
2563 4430 2610 4483 G
2628 4448 2656 4484 e
2673 4451 2710 4484 n
2725 4451 2764 4485 n
2778 4448 2811 4482 a
2828 4431 2862 4482 d
2881 4429 2902 4482 i
2919 4448 2956 4482 u
2976 4449 2999 4482 s
3044 4432 3116 4485 de

1832 4501 1934 4554 vir.
1976 4502 2060 4556 ill.
2102 4506 2325 4558 tantum
2363 4503 2537 4556 refert
2574 4521 2618 4554 c.
2649 4510 2715 4557 50
2736 4523 2747 4554 ε
2801 4502 3118 4570 „Evagrius

494 4568 545 4620 H
567 4568 677 4638 ilg
694 4587 775 4624 en
794 4572 860 4623 fc
877 4573 895 4626 l
913 4572 947 4623 d
993 4572 1334 4642 Apollonius
1373 4590 1485 4627 von
1513 4573 1669 4634 Rom,
1710 4572 1774 4625 in
1831 4572 1980 4627 alius
2009 4574 2234 4698 scriEsit
2277 4572 2719 4628 Alteros-tionem
2744 4573 2989 4629 Simonis
3016 4572 3116 4627 Ju-

494 4640 759 4695 Zeitschr.
812 4643 849 4694 f.
902 4642 1205 4698 wissensch
1274 4644 1467 4698 Theol.
1526 4651 1677 4700 1894.
1733 4645 1774 4708 1,

1832 4644 1960 4698 daei
1987 4649 2045 4699 et
2072 4646 2116 4698 T
2163 4644 2380 4715 eophili
2407 4644 2735 4707 Christiani,
2778 4661 2923 4712 quae
2965 4661 3114 4714 pene

496 4719 700 4769 58—91
723 4736 735 4772 ς
800 4713 843 4764 Β
861 4730 893 4766 o
912 4734 946 4767 n
966 4733 1017 4768 w
1035 4716 1245 4769 etsch
1310 4716 1639 4782 Realencyc.
1705 4717 1774 4778 1³,
1833 4717 2094 4772 omnibus
2121 4719 2255 4770 nota
2284 4719 2420 4769 est-⁶⁴.
2466 4716 2642 4768 Juxta
2670 4716 2815 4768 Hist.
2843 4714 2930 4767 lit..
2957 4716 3028 4769 de
3056 4718 3118 4770 la

495 4785 599 4840 677
626 4804 666 4836 s,

1834 4787 2042 4843 Franco
2073 4788 2138 4851 11,
2175 4794 2452 4843 119-128
2477 4787 2710 4842 natione
2755 4786 2867 4839 fuit
2894 4786 3117 4846 Gallus,
