3505 5161
552 222 673 275 947
793 209 1156 262 1001—1050.
1186 207 1541 278 Interpretes.
1570 226 1610 261 s.
1637 207 1840 278 Script.
1869 206 2267 267 Theodoriana,
2299 206 2347 259 N
2353 206 2532 270 otker,
2555 206 2771 260 Aelfric
2800 207 2904 258 etc.
3034 221 3158 274 943

549 390 920 450 Cochlaeo
953 391 1184 468 Lipsiae
1214 402 1410 462 1533;
1445 393 1663 452 hincin
1682 393 1828 452 bibl.
1885 390 2238 474 Notker1)
2301 399 2691 469 cognomento
2738 390 3048 449 Labbeo
3101 390 3165 447 Ο.

550 478 659 542 ΡΡ.
692 480 1016 539 coloniensi
1062 484 1106 540 t.
1138 481 1236 551 XI,
1285 485 1346 540 et
1389 482 1752 559 lugdunensi
1785 485 1829 545 t.
1886 482 1940 542 S.
1955 483 2098 544 Ben.
2113 481 2456 540 monasterii
2473 479 2862 558 sangallensis
2877 479 3165 537 illustris-

548 568 772 639 xV111;
824 569 1129 645 Herbipoli
1172 580 1354 639 1721,
1404 571 1643 630 demum
1688 589 1830 630 cura
1884 570 2099 629 simum
2131 571 2328 639 decus,
2371 571 2435 629 in
2466 570 2802 646 necrologio
2836 568 3169 645 ,magister

548 658 622 721 H.
665 658 950 717 Denzin
965 678 1096 736 ger
1140 677 1273 718 cum
1320 660 1510 719 doctis
1555 661 1827 737 prolego-
1883 659 2262 719 doctissimus
2295 663 2356 717 et
2373 659 2906 736 benignissimus‘,
2932 658 3006 715 ab
3028 656 3165 715 aliis

547 747 736 806 menis
771 747 834 805 in
866 748 1117 825 Migne
1152 748 1212 809 P.
1246 749 1308 811 L.
1344 749 1559 818 CXLII,
1609 757 1826 813 9-568.
1887 748 2328 816 ,Teutonicus‘
2365 749 2578 807 dictus.
2641 746 2909 806 Praefuit
2939 745 3167 805 ibidem

549 868 633 878 —-
683 836 879 912 Ipsius
929 855 1049 897 non
1108 840 1202 895 est
1250 839 1706 898 commentarius
1769 840 1829 896 in
1884 836 2101 896 scholis
2133 837 2287 896 etin
2320 838 2752 913 discipulorum
2785 834 3166 895 commodum

547 924 1011 1001 Pentateuchum,
1059 926 1162 984 sed
1203 927 1251 984 B
1269 946 1299 984 r
1315 946 1355 985 u
1371 946 1411 986 n
1427 946 1461 986 o
1478 946 1518 985 n
1536 927 1555 985 i
1572 947 1598 985 s
1632 931 1827 987 asten-

548 1014 658 1084 sis;
710 1033 903 1088 neque
942 1016 1397 1074 commentarius
1431 1016 1554 1075 sive
1587 1020 1648 1075 in
1684 1018 1826 1074 Pro-

548 1103 739 1161 verbia
792 1104 1123 1162 Salomonis
1175 1104 1301 1162 sive
1351 1107 1413 1163 in
1462 1108 1730 1178 epistolas
1780 1123 1824 1164 s.

547 1192 734 1252 Pauli.
800 1192 943 1251 Cum
990 1211 1057 1251 ea
1101 1195 1292 1252 aetate
1337 1194 1537 1269 plures
1570 1195 1830 1254 vixerint

546 1280 878 1340 eruditione
924 1285 983 1340 et
1028 1282 1341 1341 sanctitate
1390 1283 1671 1360 insigues,
1719 1284 1825 1359 qui

544 1370 592 1427 B
610 1389 640 1426 r
655 1389 697 1428 ιι
713 1390 752 1428 n
770 1389 803 1427 o
820 1388 859 1428 n
877 1370 895 1428 i
913 1389 940 1428 s
972 1390 1184 1429 nomen
1215 1375 1508 1448 gererent,
1544 1391 1589 1435 s.
1621 1374 1825 1432 Bruno

546 1459 1069 1531 coloniensis,
1141 1460 1822 1538 herbipolensis,

546 1549 892 1607 astensis
927 1549 1050 1607 sive
1070 1549 1401 1626 signiensis,
1435 1551 1824 1609 cassinen·

545 1637 652 1695 sis
697 1640 760 1696 et
789 1637 1069 1697 fundator
1100 1639 1823 1708 carthusianorum,

543 1726 767 1785 factum
787 1731 897 1796 est,
933 1730 1004 1784 ut
1037 1726 1196 1786 inter
1227 1746 1289 1785 se
1322 1728 1827 1788 confunderentur

544 1819 604 1873 et
636 1832 813 1891 opera
843 1817 1025 1874 unius
1057 1817 1229 1874 alteri
1262 1816 1690 1875 tribuerentur.

639 2091 782 2144 526.
815 2082 897 2140 Ex
933 2082 977 2139 Τ
998 2077 1468 2164 heodorici1)
1505 2084 1569 2142 O.
1604 2085 1656 2145 S.
1683 2085 1824 2141 Ben.

544 2170 977 2229 amerbacensis
1019 2167 1150 2251 (qui
1182 2172 1362 2230 etiam
1395 2172 1826 2231 Kersfeldensis

543 2259 779 2328 dicitur,
795 2260 888 2317 vel
909 2259 1315 2330 Floriacensis‚
1329 2261 1469 2335 quia
1481 2260 1586 2320 diu
1601 2260 1826 2319 ibidem

545 2350 805 2424 degerat,
856 2351 917 2405 et
961 2349 1018 2410 fl.
1063 2367 1111 2412 c.
1166 2344 1358 2431 1018)
1407 2350 1825 2408 commentario

544 2440 607 2495 iu
639 2455 725 2510 ep.
740 2439 1047 2495 canonicas
1063 2438 1386 2512 specimina
1418 2438 1706 2512 quaedam
1725 2458 1824 2498 ex·

543 2526 745 2585 hibuit
784 2527 961 2584 Diim
981 2527 1166 2586 mler
1212 2528 1273 2585 in
1306 2527 1598 2591 Abhandl.
1632 2527 1737 2587 der
1767 2527 1824 2587 k.

545 2616 654 2678 Ak.
702 2616 805 2674 der
836 2615 1188 2678 Wissensch.
1234 2636 1306 2675 zu
1350 2618 1569 2679 Berlin.
1605 2617 1825 2676 Philos.

544 2705 667 2764 und
690 2705 1024 2763 hist.Abth.
1068 2714 1229 2767 1894
1266 2725 1321 2779 p.
1366 2717 1609 2769 1.—30.
1654 2707 1824 2782 Ejus·

544 2795 676 2852 dem
711 2798 804 2852 est
823 2795 860 2850 l.
891 2790 1093 2874 (pretii
1114 2791 1313 2874 dubii)
1348 2797 1416 2853 de
1447 2797 1704 2853 illatione
1733 2814 1823 2852 re·

543 2885 776 2959 ditatque
806 2886 1070 2958 corporis
1099 2901 1143 2943 s.
1176 2884 1473 2942 Benedicti
1512 2884 1821 2942 Aureliani

543 2973 615 3029 ad
663 2972 1017 3042 moriscum,
1065 2990 1136 3030 ex
1187 2973 1395 3047 majori
1445 2978 1612 3048 parte
1662 2972 1822 3047 apud

543 3060 923 3118 Mabillon
970 3060 1031 3117 in
1079 3062 1208 3119 Act.
1249 3060 1344 3119 SS.
1377 3060 1474 3130 Iv,
1513 3071 1567 3131 2,
1606 3071 1817 3124 350—

1884 926 2212 985 indefessae
2273 931 2403 985 erat
2472 925 2872 1001 operositatis,
2966 923 3169 983 Vertit

1883 1018 2183 1091 praeterea
2259 1015 2600 1074 felicissime
2677 1033 2856 1091 opera
2916 1013 3172 1072 classica

1882 1104 2242 1180 scriptorum
2286 1105 2670 1180 profanorum
2717 1106 2779 1161 et
2808 1102 3173 1162 ecelesiasti-

1882 1209 2082 1252 corum
2135 1194 2200 1251 in
2251 1194 2517 1271 linguam
2568 1192 2964 1251 theodiscam:
3031 1191 3175 1248 hinc

1881 1302 2095 1359 magna
2114 1286 2258 1342 sunt
2276 1284 2406 1359 ejus
2426 1284 2490 1341 in
2511 1282 2879 1340 literaturam
2911 1280 3174 1356 patriam

1881 1368 2175 1453 merita2).
2221 1372 2385 1430 Obiit
2415 1376 2582 1447 peste
2601 1375 2911 1445 correptus
2931 1369 3174 1446 ingenti

1881 1460 2170 1518 sodalium
2233 1479 2495 1519 moerore
2580 1468 2679 1522 29.
2745 1459 2889 1517 Jun.
2977 1466 3175 1520 1022.

1879 1549 2062 1607 Plura
2092 1568 2160 1607 ex
2200 1550 2465 1624 eiusdem
2514 1549 2798 1625 operibus
2843 1546 3174 1606 intercide·

1880 1642 2042 1708 runt,
2077 1639 2251 1712 plura
2270 1638 2589 1697 ediderunt
2618 1637 2675 1701 J.
2710 1636 2746 1694 S
2764 1655 2795 1695 c
2811 1638 2849 1693 h
2868 1636 2925 1693 il
2943 1639 2968 1692 t
2987 1653 3018 1693 e
3033 1654 3072 1693 r
3087 1655 3131 1693 u
3148 1653 3176 1692 s

1880 1729 1941 1785 et
1994 1730 2130 1802 post
2196 1728 2374 1803 hujus
2437 1727 2560 1785 fata
2623 1725 3038 1784 Scherzius
3110 1725 3175 1782 in

1880 1816 2028 1875 thee.
2060 1816 2246 1892 antiq.
2277 1818 2505 1878 teuton.
2526 1820 2571 1873 t.
2605 1815 2663 1884 1;
2704 1815 2765 1872 P.
2800 1815 3031 1890 Piper
3066 1814 3178 1871 Die

1882 1905 2175 1964 Schriften
2210 1906 2466 1963 Notkers
2513 1904 2638 1962 und
2691 1904 2887 1962 seiner
2932 1902 3175 1971 Schule‚

1881 1993 2172 2069 Freiburg
2204 1994 2266 2051 in
2299 1994 2365 2056 B.
2398 1993 2519 2051 und
2554 1992 2869 2068 Tiibingen
2914 2000 3178 2055 1882—

1894 2092 2074 2145 18s3.
2107 2116 2192 2125 —
2224 2082 2476 2158 Aliquot
2513 2100 2558 2143 s.
2599 2080 2946 2156 Scripturae
2980 2080 3179 2138 libros

1880 2172 1941 2229 in
1963 2171 2472 2247 Anglo·saxonum
2495 2171 2767 2247 linguam
2785 2168 2974 2228 vertit
3003 2171 3056 2226 A
3072 2188 3105 2226 e
3125 2169 3176 2226 l-

1881 2260 2130 2318 fricus
2179 2262 2243 2317 O.
2277 2261 2332 2317 S.
2367 2261 2505 2329 Ben‚
2558 2259 2910 2335 cognomine
2958 2258 3174 2315 Gram-

1880 2350 2146 2417 maticuS‚
2179 2349 2414 2407 illustre
2442 2347 2961 2424 anglo-saxonicae
2986 2346 3178 2404 eccle·

1878 2438 1999 2495 siae
2032 2438 2217 2496 sidus.
2267 2438 2426 2495 Num
2456 2437 2639 2495 fuerit
2670 2436 2825 2495 idem
2858 2454 2998 2493 cum
3032 2434 3176 2492 Ael-

1880 2526 2026 2586 frico
2117 2526 2554 2602 archiepiscopo
2647 2524 3175 2585 cantuarensi

1883 2612 2333 2697 (996—1006)
2382 2616 2474 2674 vel
2521 2634 2653 2673 cum
2693 2613 2953 2673 Aelfrico
3002 2614 3177 2672 ebo-

1880 2697 3176 2783 racensiarchiepiscopo(1023—105l)

1879 2794 2359 2852 controvertitur.
2432 2792 2740 2867 Quidquid
2788 2793 2886 2854 sit.
2938 2795 3179 2850 certum

1879 2885 2079 2940 tamen
2110 2888 2203 2941 est
2235 2882 2505 2957 ingentia
2536 2882 2666 2955 ejus
2711 2881 2902 2939 fuisse
2955 2880 3182 2938 merita

1880 2970 1951 3028 de
1998 2971 2377 3029 institutione
2411 2974 2472 3028 et
2504 2970 2741 3028 cultura
2789 2971 2886 3028 sui
2935 2969 3178 3045 populi,

1881 3060 2070 3134 deque
2111 3059 2298 3117 literis
2330 3059 2856 3136 anglo-saxonicis..
2919 3057 3178 3116 Concin-

548 3158 691 3218 355,
755 3148 859 3223 qui
921 3151 1121 3208 tamen
1183 3149 1414 3207 laborat
1476 3149 1824 3208 confusione
1879 3149 2502 3223 navityrammaticam
2524 3165 2659 3205 cum
2680 3147 3014 3223 glossari03
3049 3165 3180 3204 ver·

542 3237 967 3313 chronologica.
1015 3272 1102 3281 —
1148 3238 1504 3296 Psalterium
1538 3239 1825 3314 glossavit

542 3333 603 3385 et
636 3344 680 3384 s.
714 3327 1185 3384 Romualdus
1219 3330 1427 3385 auctor
1456 3326 1687 3385 ordinis
1715 3327 1819 3386 Ca-

1958 3337 1992 3390 Ι)
2021 3333 2138 3385 Hoc
2167 3333 2396 3387 nomine
2419 3333 2821 3403 insigniuntur
2842 3333 3042 3402 plures
3061 3332 3177 3385 viri

544 3415 1001 3473 maldulensium
1035 3411 1098 3494 (†
1142 3409 1352 3495 1027),
1396 3416 1567 3490 cujus
1601 3416 1822 3490 prodiit
1878 3395 2108 3466 eruditi,
2137 3404 2238 3471 qui
2266 3404 2677 3458 monasterium
2715 3404 3081 3474 sangallense
3110 3405 3178 3457 il·

541 3509 780 3564 tantum
842 3502 1133 3578 expositio
1195 3503 1257 3560 in
1316 3503 1408 3564 Ps.
1461 3504 1697 3561 vaffl
1759 3504 1822 3561 in

1879 3473 2215 3531 lustrarunt.
2271 3476 2349 3529 De
2392 3476 2440 3528 N
2448 3475 2645 3529 otkero
2692 3475 2737 3527 B
2754 3490 2788 3526 a
2806 3477 2827 3528 Ι
2850 3476 2883 3526 b
2899 3492 2937 3527 u
2957 3474 3027 3527 lo
3048 3477 3177 3544 jam

1877 3545 2100 3613 egimus
2127 3566 2181 3616 p.
2208 3552 2342 3606 873;
2389 3547 2548 3599 dele
2568 3545 2875 3600 odiensi
2902 3544 3058 3597 infra
3090 3561 3179 3599 oc-

542 3592 797 3667 Migne
831 3592 890 3653 P·
912 3593 971 3652 L·
1000 3591 1157 3661 CXL’
1197 3601 1591 3655 11254123·
1624 3592 1822 3651 Vitam
1877 3621 2066 3671 curret
2117 3618 2346 3674 mentio,
2398 3651 2463 3658 —
2511 3616 2734 3671 Notker
2785 3618 3176 3686 cognomento

540 3682 723 3757 hujus
757 3681 945 3738 sancti
979 3680 1219 3756 scripsit
1249 3681 1400 3738 alter
1439 3685 1678 3739 sanctus
1711 3683 1820 3739 Pe·
1881 3688 2241 3755 „physicus“.
2289 3689 2360 3743 ob
2405 3687 2673 3752 rigorem.
2720 3704 2835 3768 quo
2882 3690 3177 3740 servatam

541 3774 672 3828 trus
694 3770 817 3830 scil.
847 3769 1226 3838 Damiani‚
1261 3788 1440 3844 quam
1462 3769 1642 3828 habes
1663 3770 1823 3828 inter
1879 3760 2066 3813 ‘'Oluiss
2123 3760 2505 3829 disciplinam,
2559 3759 2819 3827 ”Piperffl
2881 3775 3172 3840 granum·

541 3859 721 3933 hujus
755 3876 949 3932 opera,
998 3863 1058 3914 et
1090 3857 1426 3916 Florentiae
1469 3869 1633 3921 1513
1667 3861 1729 3916 in
1765 3868 1818 3920 4.

1876 3830 2086 3890 dictus.
2112 3829 2300 3885 clarus
2326 3834 2448 3884 erat
2473 3829 2730 3883 medicus
2757 3833 2815 3883 et
2841 3833 3051 3898 pictor.
3109 3828 3176 3881 Ei

1876 3900 2285 3955 adscribuntur
2328 3901 2556 3970 aliquot
2578 3905 2767 3968 hymni
2793 3900 2886 3970 (cf.
2916 3900 2974 3952 M
2993 3900 3013 3953 i
3031 3920 3072 3966 g
3090 3919 3129 3953 n
3147 3917 3178 3952 e

541 3947 631 4004 ed.
661 3945 833 4004 valde
878 3966 1024 4015 rara,
1073 3948 1134 4004 et
1178 3946 1311 4004 aliis
1356 3947 1444 4004 ed.
1479 3948 1714 4005 omissis
1758 3947 1821 4005 in
1879 3971 1938 4024 p,
1967 3973 2025 4024 L,
2053 3972 2373 4026 LXXXVII·
2396 3975 2498 4042 48).
2542 3970 2704 4026 Obiit
2727 3989 2775 4024 a,
2805 3976 2932 4027 975.
2969 3966 3177 4024 -Hu,

542 4034 793 4111 Migne
856 4036 916 4097 P.
966 4036 1024 4092 L.
1073 4034 1309 4104 CXLIV,
1349 4044 1699 4098 953-1008.
1733 4070 1821 4079 —
1869 4044 1968 4111 jus
1994 4061 2170 4113 nepos
2195 4043 2696 4113 historiographus
2717 4042 2924 4106 dictus,
2955 4043 3180 4112 pariter

542 4125 587 4181 P
602 4143 629 4182 s
646 4124 759 4182 alt
777 4142 807 4181 e
826 4144 855 4181 r
871 4125 889 4180 i
906 4142 946 4180 u
966 4144 1021 4180 m
1040 4166 1053 4191 ,
1105 4123 1330 4180 cantica
1374 4127 1434 4181 et
1481 4125 1818 4198 symbolum
1880 4114 1929 4165 N
1948 4131 1978 4166 0
1997 4119 2023 4168 ὓ
2038 4115 2076 4166 k
2092 4131 2120 4166 θ
2138 4131 2165 4166 ¹⁴
2203 4115 2618 4184 appellabatuh
2666 4117 2904 4181 eratque
2949 4130 3121 4167 mona
3131 4132 3174 4165 s-

540 4213 992 4270 athanasianum
1025 4211 1363 4287 germanice
1388 4212 1570 4270 vertit
1590 4215 1651 4271 et
1670 4212 1820 4270 illud

1876 4184 2008 4238 terii
2035 4185 2213 4237 abbas
2246 4194 2304 4237 et
2331 4184 2478 4238 obiit
2504 4185 2700 4239 eodem
2738 4201 2913 4238 anno.
2969 4184 3052 4237 De
3083 4185 3176 4237 his

1878 4256 2140 4309 omuibus
2167 4257 2237 4309 cf.
2268 4259 2301 4309 S
2319 4255 2476 4309 eidl
2503 4255 2615 4308 KL.
2650 4255 2739 4318 lx,
2771 4262 3083 4311 531--53T.
3109 4285 3176 4295 -

531 4303 706 4374 juxta
738 4319 783 4357 s.
816 4301 1231 4375 Augustinum
1269 4300 1697 4374 interpretatus
1729 4304 1822 4358 est
1881 4325 2260 4379 Notkerus
2303 4326 2365 4380 Ο.
2407 4326 2460 4380 S·
2503 4326 2636 4378 Ben-
2688 4327 2867 4380 abbas
2919 4325 3176 4380 affirma,

1875 4398 2054 4449 rensis
2094 4408 2140 4464 st
2167 4415 2214 4452 e.
2246 4401 2400 4467 1099)
2442 4397 2768 4466 composuit
2806 4397 3072 4453 libellum
3114 4399 3177 4449 de

619 4470 654 4538 ¹)
684 4467 849 4520 Alius
872 4470 946 4522 ab
972 4484 1036 4522 eo
1065 4471 1151 4521 est
1176 4467 1561 4521 Theodericus
1588 4467 1677 4521 Ca
1698 4487 1721 4521 s
1738 4472 1819 4522 si·
1878 4473 2088 4522 cer-itate
2112 4474 2458 4538 reliquiarum
2487 4487 2528 4523 s.
2544 4471 2791 4531 Helenae,
2818 4469 2989 4537 cujus
3018 4483 3177 4534 mag·

543 4555 577 4588 n
596 4554 624 4589 e
642 4557 677 4590 n
696 4556 720 4589 s
736 4538 755 4588 i
773 4557 798 4590 s
848 4540 1205 4619 monachu-s,-
1230 4539 1283 4590 ei
1333 4538 1609 4619 aequalis.
1655 4541 1821 4620 cujus
1877 4557 2004 4593 nam
2032 4543 2251 4609 partem
2270 4540 2443 4593 habes
2461 4540 2518 4591 in
2541 4541 2662 4593 Act.
2682 4539 2780 4594 SS.
2799 4545 2881 4595 18.
2901 4541 3056 4607 Aug.
3079 4540 3175 4590 Ill.

542 4614 701 4662 vitam
726 4629 767 4662 s.
788 4612 1041 4662 Firmani
1053 4609 1237 4662 edidit
1253 4613 1403 4662 tecto
1422 4626 1646 4663 nomine
1666 4611 1818 4663 Hier.
1877 4614 2040 4665 607—
2056 4616 2177 4664 611.

546 4678 736 4747 Lago
755 4680 977 4733 marsi
1000 4680 1073 4733 ni
1137 4681 1189 4733 S.
1230 4679 1279 4734 J.
1323 4679 1476 4749 typis
1528 4680 1820 4734 tarvisinis

544 4764 641 4799 seu
670 4749 866 4815 potius
890 4749 1217 4804 lucensibus
1251 4755 1400 4806 1727.

1947 4688 1988 4728 ‘21
2018 4683 2098 4737 Cf.
2126 4681 2173 4733 J.
2205 4680 2252 4732 Κ
2273 4682 2421 4734 elle
2464 4681 2663 4733 Gesch.
2708 4680 2809 4734 der
2850 4679 3172 4735 deutschen

1877 4751 2002 4814 Lit„
2033 4751 2224 4804 Berlin
2259 4759 2390 4808 1892
2420 4772 2471 4822 p.
2501 4757 2605 4806 232
2633 4769 2736 4810 ss.;
2766 4759 2871 4806 402
2902 4768 2973 4804 ss.
