3505 5161
478 238 594 294 751
716 223 1016 277 801-850,
1046 215 1477 309 Hagiographi:
1505 208 1814 272 Candidus,
1839 202 2178 267 Hilduinus,
2202 201 2234 254 J
2240 198 2503 268 osephus,
2533 191 2851 255 Haiminus,
2965 203 3092 259 752

477 412 539 469 S.
571 410 784 485 E'iyilis
813 410 988 466 vitam
1019 405 1276 464 fideliter
1318 407 1379 463 et
1411 405 1551 463 stilo
1584 419 1756 477 saepe
1811 390 2183 454 reformando
2245 381 2616 447 adlaboravit
2677 376 2738 461 (†
2791 387 2892 439 22.
2940 375 3095 437 Nov.

478 499 669 558 vivaci
730 499 932 556 narrat
992 497 1145 554 alter
1196 493 1490 554 fuldensis
1540 491 1758 551 sodalis
1817 482 1986 563 842).
2047 480 2342 539 Hortante
2372 474 2723 549 imperatore
2756 467 2827 546 (c.
2859 486 2908 526 a.
2938 457 3091 544 836)

477 586 874 647 Candidus
923 580 1203 666 (Bruun),
1257 587 1317 642 et
1362 584 1475 642 sub
1522 581 1759 639 Rabano
1816 571 2058 649 scripsit
2086 569 2158 628 ad
2192 586 2330 624 eum
2349 568 2604 638 utroque
2637 558 2796 627 stile,
2829 553 3096 632 prosaico

481 678 690 736 Mauro
736 677 827 734 ab.
873 675 1103 734 scholae
1148 677 1346 732 rector
1383 669 1444 752 (†
1480 665 1652 751 845),
1700 671 1763 727 et
1817 665 1878 720 et
1908 659 2177 736 metrice,
2223 658 2398 714 vitam
2427 672 2473 714 3.
2507 649 2777 725 Dionysii
2807 644 3097 722 parisien-

1818 752 1919 813 sis,
1981 750 2052 807 In
2084 745 2314 806 duabus
2347 738 2691 820 praemissis
2734 735 2809 794 ad
2845 734 3096 808 impera-

1817 844 2001 899 torem
2032 835 2229 895 literis
2261 831 2520 909 exponit,
2557 826 2779 904 quibus
2798 825 3099 882 ineacon-

1818 928 2111 989 cinnanda
2129 941 2277 984 usus
2310 923 2390 982 sit
2406 917 2764 987 auctoribus,
2797 916 3099 974 sanctum·

1822 1038 1936 1095 que
1968 1017 2126 1075 hunc
2145 1013 2489 1089 episcopum
2519 1007 2775 1067 eundem
2807 1022 2935 1062 esse
2966 1020 3100 1060 cum

1821 1104 2178 1183 Areopagita
2220 1102 2364 1162 adeo
2410 1114 2763 1176 persuasum
2794 1092 2988 1161 habet,
3031 1090 3103 1149 ut

1823 1217 1938 1267 eos,
1972 1195 2077 1271 qui
2110 1212 2244 1252 cum
2279 1188 2558 1266 Gregorio
2589 1181 2902 1244 turonensi
2935 1200 3002 1239 ea
3031 1179 3102 1237 de

1824 1306 1886 1346 re
1919 1284 2200 1343 dubitent
2232 1277 2577 1351 ‚exitiabilis
2610 1277 2672 1333 et
2701 1271 2981 1348 profanae
3010 1268 3102 1326 ni-

1824 1376 1937 1434 mis
1970 1369 2390 1432 contentionis‘
2421 1384 2553 1427 reos
2585 1366 2753 1441 agat:
2800 1362 2980 1436 atque
3019 1360 3107 1416 ita

1828 1483 1935 1524 suo
1981 1480 2155 1538 opere
2200 1458 2531 1537 plurimum
2583 1451 2859 1520 contulit,
2923 1450 2994 1506 ut
3039 1465 3109 1505 ea

1828 1553 2030 1630 opinio
2061 1550 2255 1610 medio
2298 1565 2440 1606 aevo
2472 1546 2621 1603 altas
2651 1540 2877 1615 ubique
2908 1537 3110 1614 ageret

1827 1642 2073 1702 radices·
2151 1637 2381 1696 Prodiit
2442 1634 2599 1693 inter
2647 1632 2788 1693 Mat.
2839 1623 3109 1686 Galeni

1829 1730 2258 1806 Areopayitica,
2323 1722 2595 1784 Coloniae
2652 1728 2850 1788 16533
2912 1715 3110 1774 Bou-

1829 1825 2016 1898 quet
2046 1817 2286 1877 Recueil
2318 1814 2412 1885 VI,
2467 1822 2627 1881 716;
2672 1808 2925 1884 Migne
2970 1803 3109 1876 CVI,

1835 1920 2092 1974 23——50
2127 1907 2234 1967 col.
2255 1903 2395 1973 CIV,
2437 1905 2892 1965 1326—1328.
2943 1894 3112 1953 Com-

1832 1999 2052 2076 positio
2097 2014 2238 2054 vero
2287 1992 2550 2061 metrica,
2605 1988 2658 2047 si
2703 2003 2971 2061 unquam
3014 2000 3112 2041 ex-

1834 2089 2012 2159 stitit,
2034 2088 2228 2145 lucem
2248 2100 2370 2142 non
2391 2080 2544 2141 vidit
2556 2078 2619 2157 ι).
2646 2111 2725 2120 -
2751 2076 2792 2134 J
2803 2073 3113 2149 osephus

1835 2175 2105 2237 sacerdos
2156 2193 2225 2232 ex
2269 2168 2617 2231 cancellario
2661 2165 2820 2241 regis
2865 2161 3115 2238 Aquita-

1833 2286 2063 2335 norum,
2085 2264 2431 2339 praeceptor
2448 2260 2607 2334 regis
2625 2253 2914 2314 Ludovici
2929 2249 3115 2319 Balbi,

1834 2351 2100 2437 narrat2)
2146 2352 2453 2411 historiam
2484 2344 2888 2405 translationis
2917 2356 3116 2413 corpo-

1834 2464 1967 2504 rum
1999 2462 2077 2502 33.
2112 2439 2464 2516 Raynoberti
2493 2433 2757 2511 episcopi
2788 2429 3117 2506 bajocensis

1839 2530 1900 2619 (†
1939 2544 2036 2598 16.
2070 2532 2203 2606 Maj.
2236 2547 2284 2592 c.
2319 2523 2492 2607 668),
2527 2529 2589 2586 et
2622 2522 2890 2591 Zenonis,
2940 2536 3119 2594 quam

738 2691 750 2702 .
1088 2690 1099 2702 .
1144 2688 1156 2701 .
1595 2685 1607 2697 .
1836 2624 1958 2683 luci
1988 2621 2155 2682 dedit
2183 2616 2615 2678 Dacherius
2655 2609 2958 2689 Spicilegii
2989 2607 3117 2676 ΧΠ,

499 2694 824 2751 mentarios
853 2691 1207 2748 transmisit.
1271 2690 1551 2745 Attamen
1591 2705 1655 2743 in
1687 2703 1780 2742 re·
1841 2719 2181 2776 600-621
2211 2731 2224 2777 ;
2301 2707 2391 2778 Π,
2483 2711 2826 2768 127—133
2891 2699 2983 2761 ed·
3046 2705 3119 2766 23

498 2783 758 2841 bellione
793 2779 1055 2838 filiorum
1101 2778 1383 2837 adversus
1414 2774 1781 2834 Ludovicum
1838 2803 1932 2860 Mi
1948 2820 2090 2876 gne
2123 2798 2264 2868 CVI,
2301 2805 2604 2862 391-90
2616 2803 2682 2863 53
2729 2791 2804 2849 ab
2836 2788 2952 2847 3110
2984 2803 3121 2860 pag..

500 2873 712 2973 11013111
747 2868 1029 2970 partibus·
1067 2867 1350 2968 adhaesi-t,
1397 2864 1783 2940 quamobrem
1838 2892 1948 2951 Sim
2010 2888 2431 2962 interpolatam
2503 2883 2662 2959 apud
2722 2875 3124 2940 Bollandism

503 2962 880 3035 imperatoris
912 2956 1129 3015 excidit
1158 2957 1351 3033 gratia
1382 2957 1443 3012 et
1473 2953 1543 3011 ad
1578 2953 1781 3011 corbe·
1847 2991 1943 3045 16·
1975 2979 2110 3054 Maj·
2139 2977 2245 3046 HL
2284 2981 2653 3043 620-625'
2688 2969 2795 3045 qui
2825 2968 2957 3043 ejus
2987 2981 3125 3023 auc-

495 3050 667 3126 jense
714 3047 778 3105 in
820 3046 1068 3105 Saxonis
1098 3043 1524 3103 monasterium
1557 3042 1783 3117 relega·
1839 3074 2029 3129 torem
2060 3068 2305 3125 censent
2323 3083 2452 3125 esse
2472 3061 2769 3139 quendam
2800 3057 3128 3115 Erveum

504 3140 604 3196 tus
639 3139 730 3195 est
763 3130 977 3217 (830):
1024 3134 1203 3209 paulo
1251 3136 1387 3208 post
1419 3149 1555 3190 vero
1588 3130 1785 3188 favore
1840 3159 2182 3237 (Hermum,
2227 3155 2286 3218 Β,
2316 3173 2430 3214 sec·
2461 3152 2625 3231 VIII)
2664 3153 2729 3211 in
2772 3153 2902 3227 ipsa
2943 3150 3130 3210 histo,

502 3225 730 3287 Rabani
787 3226 1098 3283 revocatus
1145 3221 1428 3299 priStinas
1473 3237 1784 3294 recupera·
1842 3249 1933 3307 ria
1964 3263 2136 3322 saepe
2168 3235 2496 3303 laudatum.
2527 3242 2684 3301 Huic
2702 3241 2922 3300 tribuit
2940 3239 3129 3297 Wat·

504 3317 597 3375 vit
628 3315 968 3392 dignitates.
1030 3312 1255 3370 Exinde
1289 3329 1396 3368 suo
1429 3307 1787 3367 monasterio
1844 3334 2180 3396 tenbach
2222 3335 2404 3393 etiam
2460 3332 2653 3391 Vitam
2698 3351 2745 3391 3·
2782 3329 3135 3408 Raynoberti

1846 3425 2114 3500 alioquin
2143 3423 2200 3482 b.
2231 3423 2400 3500 Lupo
2430 3441 2649 3498 magno
2680 3423 2810 3496 ejus
2840 3416 3135 3494 discipulo

1849 3513 2224 3590 adscriptam,
2276 3531 2459 3588 quam
2488 3510 2678 3569 edidit
2705 3510 2831 3569 Jul.
2863 3508 3040 3567 Lair
3068 3506 3137 3564 in

1851 3604 2007 3664 Bibl.
2040 3604 2111 3660 de
2141 3589 2359 3659 l'Ecole
2375 3601 2480 3659 des
2496 3600 2727 3659 chartas
2749 3597 2941 3656 Ser.V
2971 3604 3134 3659 1862

1852 3697 1895 3755 t.
1925 3692 2015 3751 111
2056 3711 2113 3767 p.
2166 3699 2531 3754 106-118-
2573 3721 2663 3733 —-
2708 3686 3137 3755 Haiminus,

510 3785 659 3840 <libes
683 3783 918 3849 amicu&
946 3781 1049 3851 qui
1069 3799 1172 3852 Pro
1193 3780 1355 3836 cultu
1382 3798 1450 3835 ⁸8·
1476 3778 1800 3849 maginum
1855 3781 2097 3841 Alcuini
2119 3779 2469 3856 discipulus,
2487 3778 2811 3837 monachus
2832 3776 2898 3835 Ο.
2921 3775 2978 3834 8.
2996 3775 3140 3833 Ben.

510 3856 697 3938 matti*
740 3854 802 3908 ³¹¹
850 3853 1170 3908 carceribus
1209 3868 1409 3933 P³P⁸¹¹⁸
1448 3853 1508 3931 9¹²
1530 3866 1581 3931 a.·
1608 3856 1711 3906 835
1738 3848 1801 3901 in
1857 3874 1917 3930 et
1978 3865 2282 3929 aedituus
2317 3886 2363 3927 3.
2424 3867 2663 3926 Vedasti
2725 3863 3139 3932 atrebatensis,

512 3929 781 3982 exsilium
821 3927 908 3979 est
949 3925 1167 3996 pulsus.
1217 3924 1326 3977 Hic
1361 3921 1605 3991 reliquit
1640 3936 1803 3975 enco-

512 3998 695 4053 mium
716 4001 772 4052 in
788 4018 829 4056 3.
852 4001 1173 4065 Dionysium
1191 3999 1569 4063 Areopayitam
1632 3991 1802 4045 assini
1857 3960 2188 4063 SsslJfflamm
2247 3957 2533 4059 magis'oejr
2593 3951 2655 4038 (†
2708 3953 2879 4032 334),
2940 3954 3145 4054 nffmf’

513 4069 733 4124 editum
760 4086 891 4123 cum
916 4069 1091 4138 hujus
1118 4084 1268 4137 opp„
1290 4067 1358 4120 ut
1381 4081 1416 4117 a
1443 4063 1483 4119 C
1499 4081 1532 4118 0
1548 4082 1575 4116 r
1644 4080 1673 4116 e
1690 4080 1717 4116 r
1732 4062 1755 4115 i
1772 4079 1803 4116 0
1859 4049 2143 4107 miracula
2172 4066 2218 4106 3.
2265 4046 2495 4105 Υεάαείι
2534 4064 2625 4122 ep.
2657 4045 3053 4103 atrebatensis
3082 4043 3145 4098 et

514 4144 556 4196 t.
584 4142 637 4195 ῙῙ
662 4140 1015 4211 Anbverpiae
1040 4144 1209 4198 1633;
1236 4136 1493 4191 venetiis
1516 4141 1684 4193 1735}
1711 4151 1805 4188 en·
1860 4136 2279 4197 cameracensis
2342 4132 2405 4217 (†
2473 4128 2626 4216 540)
2689 4133 2756 4191 in
2817 4131 2983 4191 Actis
3046 4128 3144 4187 SS,

515 4212 764 4267 comiiim
792 4211 1076 4283 (dubium)
1104 4214 1162 4263 in
1185 4228 1256 4264 33.
1276 4211 1617 4275 archanyelos
1640 4216 1685 4260 et
1711 4226 1805 4260 an·

512 4288 654 4353 yetus
713 4283 777 4337 in
829 4283 870 4338 C
887 4301 920 4338 0
936 4301 992 4336 111
1012 4284 1049 4336 b
1065 4298 1094 4335 e
1112 4281 1172 4333 fi
1187 4298 1212 4334 s
1229 4279 1286 4333 ii
1348 4277 1622 4333 Auctario
1672 4294 1804 4331 nov.

517 4354 754 4409 Parisiis
784 4361 921 4412 1648
948 4357 986 4407 t.
1012 4359 1037 4408 l
1059 4374 1070 4407 :
1112 4355 1488 4420 confessionem
1513 4352 1637 4417 fidei
1658 4348 1747 4401 ecl.
1772 4364 1806 4400 a.
1939 4349 1976 4416 ¹)
2005 4344 2089 4398 Cf.
2114 4343 2261 4398 Hist.
2288 4343 2376 4398 lit.
2402 4342 2473 4396 de
2498 4344 2556 4397 la
2580 4339 2670 4393 Fr.
2697 4338 2793 4402 IV,
2821 4340 3124 4396 607—613.

518 4426 576 4480 M
593 4444 624 4481 o
645 4445 682 4479 n
700 4429 725 4479 t
740 4427 768 4478 f
777 4443 812 4478 a
828 4444 867 4479 u
883 4443 913 4480 c
930 4442 962 4478 o
978 4443 1018 4477 11
1059 4423 1120 4477 in
1161 4421 1327 4479 catal.
1356 4420 1492 4476 bibl.
1521 4418 1806 4474 coislinia-
1935 4420 1977 4488 2)
2004 4416 2170 4469 Alius
2198 4414 2425 4469 videtui·
2442 4429 2477 4466 a
2497 4412 2530 4466 J
2535 4411 2710 4483 oseph
2730 4407 2965 4464 Alcuini
2986 4407 3152 4462 disci-

516 4514 643 4562 nae‚
670 4496 904 4550 Parisiis
935 4498 1070 4552 1715
1097 4513 1154 4564 p.
1181 4498 1249 4550 90
1284 4510 1325 4551 s.
1354 4496 1459 4546 etc.
1510 4491 1642 4544 Alia
1669 4508 1807 4558 quo·
1861 4489 2019 4560 pulo,
2047 4487 2150 4555 qui
2175 4504 2241 4541 30
2265 4487 2498 4556 jubente
2536 4483 2599 4536 in
2643 4479 3046 4553 compendium
3069 4495 3152 4533 re-

520 4584 632 4637 que
659 4568 712 4621 ei
737 4567 1088 4628 tribuuntur,
1110 4580 1356 4633 quorum
1372 4562 1703 4634 genuinitas
1724 4563 1810 4615 est
1865 4558 2027 4629 degit
2075 4576 2118 4611 s.
2168 4559 2221 4612 H
2238 4558 2304 4612 ie
2321 4575 2349 4611 i·
2364 4575 2396 4611 o
2411 4575 2452 4610 n
2466 4573 2505 4625 y
2522 4554 2617 4610 mi
2663 4556 3046 4610 cosummat-ia
3092 4554 3152 4605 in

520 4639 717 4703 dubia,
761 4642 828 4692 ut
870 4636 1124 4692 carmina
1149 4641 1205 4690 in
1249 4639 1297 4690 b.
1322 4638 1563 4689 Mariam
1601 4635 1674 4701 V„
1700 4637 1809 4687 vita
1863 4635 2066 4686 Isaiam
2082 4651 2100 4684 .·
2126 4632 2290 4701 cujus
2315 4646 2409 4698 op.
2428 4630 2614 4682 lucem
2634 4628 2863 4680 tantum
2883 4622 3158 4678 viderunt

520 4728 565 4765 3.
622 4712 883 4764 Theodori
929 4712 1186 4763 Studitae.
1254 4707 1337 4761 Cf.
1389 4705 1440 4758 K
1457 4723 1494 4758 n
1511 4721 1542 4759 o
1561 4722 1589 4758 e
1607 4724 1644 4775 p
1661 4704 1718 4759 fl
1735 4720 1765 4757 e
1781 4721 1809 4756 r
1865 4717 2059 4756 versus
2101 4701 2190 4755 illi
2273 4698 2530 4755 raemissi
2575 4699 2668 4753 vel
2706 4693 3019 4766 subjuncti.
3070 4692 3157 4748 cf.

523 4778 636 4834 KL.
666 4779 815 4842 VIII,
847 4785 999 4835 1498.
1865 4772 2113 4844 Migne
2138 4772 2233 4828 XC
2269 4773 2331 4840 X,
2358 4779 2478 4829 821.

476 766 720 843 quidem
784 783 962 841 prosa
1008 767 1070 823 et
1113 763 1385 828 carmine,
1433 779 1612 837 quam
1655 759 1761 816 ha-

480 856 585 915 bes
631 854 787 930 apud
832 855 1137 911 Browei·
1190 870 1282 928 op.
1328 851 1457 921 cit.;
1492 848 1763 909 8011311-

480 948 614 1003 nat
643 943 784 1002 hist.
834 942 979 1001 fuld.
1031 941 1156 1000 cod.
1204 940 1371 1016 prob.
1423 948 1630 1002 88-1
1653 946 1762 1007 14;

502 1035 567 1093 111
629 1030 1080 1091 Mabillonii
1158 1032 1287 1088 Act.
1365 1028 1462 1089 88.
1538 1027 1636 1098 lv,
1710 1037 1762 1094 1,

487 1131 868 1189 217—246;
922 1120 1176 1197 Migne
1222 1118 1331 1188 CV,
1383 1124 1765 1184 381--4223

486 1214 551 1270 in
582 1212 709 1271 MG.
743 1210 839 1271 SS.
870 1209 989 1280 XV,
1026 1216 1400 1278 221-—2333
1434 1205 1768 1283 germanice

485 1302 811 1377 interprete
845 1297 1273 1367 Grandaur‚
1308 1296 1540 1373 Lipsiae
1567 1306 1592 1358 1
1610 1302 1768 1362 8883

501 1399 689 1454 1890.
735 1390 894 1447 Haec
938 1388 1063 1446 vita
1093 1386 1295 1464 magni
1338 1387 1434 1445 est
1482 1382 1773 1443 momenti

489 1480 870 1553 multumque
900 1476 1198 1536 laudatur.

588 1634 733 1685 410.
778 1621 1215 1679 Hilduinus
1267 1615 1617 1700 (Aldoinus)
1669 1616 1774 1674 Al-

491 1712 655 1771 cuini
681 1711 1011 1786 discipulus
1026 1704 1090 1790 ¹),
1108 1708 1333 1767 illustri
1350 1725 1565 1784 genere
1585 1708 1774 1775 ortua,

492 1803 557 1861 Ο.
575 1802 628 1861 8.
646 1803 808 1871 Β311.,
829 1801 1054 1858 electus
1087 1801 1181 1857 est
1212 1816 1257 1856 s.
1290 1795 1560 1871 Dionysii
1594 1794 1775 1853 abbas

494 1900 623 1954 814
688 1885 840 1969 (815
908 1887 1236 1947 secundum
1297 1885 1639 1944 hodiernam
1682 1884 1775 1941 in-

494 1979 745 2039 choandi
816 1978 956 2036 anni
1026 1969 1363 2057 rationem).
1439 1972 1776 2031 Ludovieus

493 2068 638 2127 Pius
670 2069 829 2143 imp„
878 2067 1050 2141 cujus
1083 2067 1211 2123 erat
1251 2062 1775 2138 archicapellanus,

495 2158 682 2217 misso
703 2157 942 2214 Romam
964 2153 1239 2211 Lothario
1271 2152 1395 2211 filio
1425 2170 1532 2227 pro
1566 2150 1777 2209 sedan-

496 2247 589 2304 dis
623 2245 926 2304 occasione
957 2242 1260 2301 electionis
1292 2240 1549 2318 Eugenii
1567 2239 1643 2298 11.
1674 2259 1778 2315 pa-

494 2355 605 2414 pae
637 2334 901 2392 motibus
934 2332 1169 2401 exortis,
1204 2350 1339 2389 eum
1372 2328 1776 2389 consiliarium

496 2424 745 2485 addidit.
807 2421 1138 2480 Plurimum
1171 2420 1453 2478 laudatur
1484 2419 1557 2477 ab
1591 2417 1779 2477 omni-

497 2516 615 2572 bus
660 2512 826 2571 illius
870 2510 1158 2586 temporis
1199 2508 1606 2584 scriptoribus.
1669 2507 1779 2564 Ra-

498 2605 692 2664 1131133
708 2604 948 2660 Maurus
968 2602 1021 2659 ei
1043 2619 1184 2658 suos
1206 2600 1270 2657 in
1289 2600 1352 2657 ll.
1373 2598 1602 2673 Regum
1622 2615 1780 2654 com-

590 3575 624 3643 1)
653 3569 919 3625 Hilduini
981 3567 1238 3635 aequalis
1300 3565 1415 3619 fuit
1471 3564 1563 3617 Mi
1581 3581 1610 3618 c
1624 3565 1663 3618 11
1679 3580 1714 3616 a
1730 3563 1797 3616 31

508 3644 804 3769 presbyter
816 3643 875 3721 et
884 3639 1166 3720 syncellus
1177 3638 1427 3691 Thomae
1439 3636 1798 3717 patriarchae

555 3713 1009 3781 ierosolymitani
1035 3711 1359 3782 (808-820)
1375 3708 1659 3790 Theodori
1675 3708 1798 3761 Stu-
