3505 5161
503 209 537 263 3
547 209 625 263 39
1218 198 1518 248 401—431.
1547 190 1755 245 Poetae
1781 190 2099 251 christiani,
2125 188 2412 244 Sedulius.
2997 206 3120 262 340

594 387 735 443 185.
771 376 938 437 Circa
970 396 1021 436 a.
1057 386 1182 441 430
1233 377 1329 436 vel
1372 377 1527 437 forte
1572 376 1785 451 serius,
1841 377 2032 455 magis
2064 377 2337 453 implexa,
2383 393 2638 451 raroque
2682 373 2913 450 aliquid
2957 374 3125 434 addit

500 467 864 526 dissentiunt
884 466 1042 529 enim
1062 466 1180 525 viri
1199 465 1439 537 eruditi,
1469 465 1786 525 concinna-
1840 466 1915 526 ad
1945 469 2365 543 argumentum
2398 465 2646 526 uberius
2677 463 3123 527 illustrandum.

498 557 588 616 vit
608 556 746 615 Sed
766 554 984 614 nlius
1021 551 1082 638 (a
1100 555 1461 631 quibusdam
1494 555 1786 615 Coelius
1840 555 2151 615 Edidimus
2196 556 2306 615 hoc
2356 573 2594 615 carmen
2641 550 2889 637 (absque
2919 549 3119 634 prosa)

497 637 982 725 cognominatus)
1033 645 1364 721 presbyter,
1416 648 1592 722 poeta
1639 644 1783 705 alio-
1840 645 1998 704 inter
2045 645 2330 721 opuscula
2375 644 2475 708 SS.
2504 644 2618 708 PP.
2663 643 2897 714 selecta,
2946 642 3122 701 Oeni-

496 735 642 810 quin
694 734 873 810 plane
922 732 1168 811 ignotus
1182 731 1250 816 1),
1301 734 1476 810 plura
1525 734 1787 794 carmina
1838 737 2021 811 ponte
2072 742 2259 798 1876.
2287 734 2550 818 XXXIII,
2601 739 2925 796 76—175.
2990 731 3124 790 Alia

497 823 639 882 olim
673 822 875 901 magni
906 822 1077 892 facta,
1124 825 1198 882 ut
1226 826 1531 883 testantur
1560 825 1655 883 tot
1685 841 1783 883 eo-
1840 822 2109 901 ejusdem
2146 822 2403 883 carmina
2447 818 2688 904 sunt¹):
2733 822 3122 899 Epiqramma

494 912 748 972 rundem
771 912 1081 976 editiones,
1126 912 1444 973 Recensuit
1461 912 1620 972 enim
1637 914 1785 972 Are-
1841 908 2165 996 (dubium),
2201 912 2443 973 Collafio
2474 911 2538 971 V.
2558 918 2608 971 et
2626 911 2705 971 N.
2737 911 2799 969 T.
2821 928 2930 970 sen
2950 909 3118 986 hym-

494 1001 665 1060 valus
714 1001 777 1059 in
824 1000 1262 1077 prolegomenis
1311 1001 1595 1062 editionis
1644 1020 1785 1061 suae
1840 1020 1956 1062 uns
1990 997 2088 1083 (Ι),
2134 1001 2198 1061 in
2235 1020 2355 1077 qno
2379 1001 2541 1079 ‚sacta
2568 1000 2888 1077 utriusque
2917 999 3122 1058 Testa-

494 1089 1038 1165 praestantissimae
1090 1091 1304 1150 Romae
1365 1101 1530 1154 1794
1595 1091 1658 1150 in
1724 1101 1783 1153 4.
1838 1092 2027 1151 menti
2058 1089 2365 1168 ingeniose
2395 1092 2730 1166 comparat;
2768 1089 3123 1148 Acrostichis

494 1178 790 1239 editiones
814 1187 918 1241 41.
967 1178 1213 1256 Aliquot
1242 1198 1312 1238 ex
1344 1180 1476 1255 ejus
1508 1180 1782 1239 carmini·
1840 1198 1948 1240 seu
1996 1180 2256 1256 hymnus
2319 1179 2701 1239 abecedarius
2752 1179 2877 1257 (11.)
2934 1178 3120 1237 vitam

494 1267 607 1327 bus
659 1268 1034 1327 transierunt
1083 1268 1146 1328 in
1193 1287 1376 1328 nsum
1424 1269 1783 1329 ecclesiasti·
1840 1269 2060 1329 Christi
2107 1269 2436 1329 continens.
2510 1267 2743 1347 Dubius
2791 1271 2885 1327 est
2947 1266 3121 1327 cmo

493 1375 648 1428 cum,
684 1360 756 1415 ut
786 1357 1044 1433 hymnus
1074 1358 1138 1417 in
1168 1358 1325 1418 festo
1354 1357 1690 1418 nativitatis
1713 1359 1781 1422 D.
1853 1356 2210 1435 Viryilianus
2267 1357 2341 1418 de
2390 1357 2572 1418 Verbi
2631 1356 3040 1417 incarnatione
3050 1350 3120 1438 2).

493 1446 565 1516 ‚A
600 1445 741 1505 solis
773 1448 944 1505 ortus
976 1447 1234 1507 cardine‘
1265 1449 1328 1506 et
1356 1447 1420 1505 in
1450 1447 1783 1523 Epiphania
1837 1448 2081 1507 Praeter
2112 1447 2528 1506 Arevalnm
2574 1443 2663 1530 (et
2694 1446 2833 1506 inde
2863 1445 3120 1522 Migne

493 1536 560 1596 D.
607 1534 895 1605 ,Crudelis
945 1533 1206 1596 Herodes
1250 1537 1478 1595 Deum‘.
1542 1536 1783 1596 Eminet
1835 1536 1989 1611 XIX,
2023 1532 2401 1618 433—787)
2421 1536 2686 1611 aliosque
2717 1554 2897 1612 quam
2927 1534 3117 1610 pluri-

490 1623 653 1682 inter
683 1623 790 1682 illa
833 1642 1071 1685 carmen
1092 1626 1368 1701 paschale
1400 1643 1507 1684 seu
1536 1625 1778 1685 Mirabi-
1836 1644 1961 1686 mos
1983 1625 2397 1701 Seduliiopera
2415 1623 3119 1684 edideruntLooshorn

490 1712 640 1772 lium
674 1712 1019 1772 divinorum
1051 1715 1115 1778 ll.
1148 1714 1216 1786 V,
1254 1713 1415 1791 quod
1446 1714 1510 1772 in
1541 1714 1778 1773 decreto
1836 1716 2103 1792 (excepto
2124 1732 2299 1790 opere
2316 1707 2604 1795 paschali)
2616 1713 2910 1774 Monachii
2930 1724 2951 1776 1
2971 1722 3048 1777 87
3060 1722 3115 1783 9,

490 1802 563 1861 de
606 1802 959 1878 recipiendis
991 1802 1167 1863 libris
1199 1803 1435 1862 Gelasio
1464 1803 1511 1861 Ι.
1542 1802 1776 1863 tributo
1834 1804 1940 1881 qui
1983 1804 2056 1863 de
2101 1806 2343 1863 auctore
2385 1805 2592 1863 nostro
2636 1802 2831 1862 fusius
2875 1801 3119 1861 disserit

489 1891 950 1950 commendatur.
1016 1892 1262 1952 Constat
1304 1891 1458 1951 illud
1502 1892 1775 1951 versibus
1834 1892 2115 1955 Zeitschr.
2164 1892 2263 1950 fiir
2311 1892 2472 1951 kath.
2525 1892 2726 1952 Theol.
2783 1900 2970 1956 1880.
3013 1889 3113 1961 IV,

490 1980 740 2039 heroicis
771 1982 952 2056 atque
984 1981 1024 2039 l.
1052 1992 1104 2044 1.
1134 1981 1453 2058 praecipua
1482 1981 1773 2056 quaedam
1836 1991 2113 2053 74-90,
2162 1984 2223 2039 et
2267 1981 2490 2057 optime
2535 1981 2864 2040 Huemer
2895 1979 3116 2039 Vindo-

489 2070 642 2128 facta
671 2068 739 2127 V.
773 2068 836 2127 Τ.
867 2070 1079 2140 refert3
1118 2071 1183 2129 ll.
1220 2078 1254 2132 2
1292 2088 1367 2131 ss.
1397 2070 1599 2141 vitam,
1633 2089 1772 2145 pas·
1830 2072 2021 2131 bonae
2047 2079 2238 2141 1885,
2270 2069 2519 2146 inGorp.
2553 2087 2663 2132 scr.
2683 2069 2821 2129 eccl.
2842 2070 2944 2128 lat.
2964 2072 3007 2131 t.
3029 2068 3115 2138 X„

489 2158 728 2229 sionem,
775 2160 1269 2219 resurrectionem
1315 2160 1383 2218 D.
1428 2159 1501 2222 N.
1546 2158 1601 2223 J.
1635 2159 1768 2218 Chr.
1828 2161 1999 2236 cujus
2031 2160 2229 2218 exstat
2273 2158 2346 2217 de
2380 2158 2606 2218 Sednlii
2635 2161 2841 2234 poetae
2884 2157 3012 2217 vita
3054 2159 3115 2217 et

480 2247 656 2321 juxta
687 2247 1054 2307 harmoniam
1084 2248 1547 2325 Evangeliorum
1586 2248 1768 2325 virgi·
1827 2248 2064 2325 scriptis
2109 2247 2543 2319 commentatio,
2589 2248 2668 2311 ib.
2720 2255 2887 2312 1878
2934 2246 3000 2305 in
3048 2256 3103 2309 8.

489 2335 648 2394 liana
690 2336 895 2411 phrasi
942 2337 1191 2413 pulchre
1221 2337 1523 2397 describit.
1593 2338 1770 2396 Prae·
1831 2388 2147 2398 -----
2883 2398 2886 2401 .

488 2423 682 2482 mittit
713 2425 878 2501 operi
896 2426 1322 2502 praefationem
1341 2426 1669 2503 prosaicam
1693 2426 1770 2484 ad
1907 2457 1944 2526 ι)
1973 2452 2057 2507 Cf·
2088 2452 2307 2506 Nirgo
2325 2452 2363 2505 h
2377 2452 2398 2505 1
2439 2453 2491 2505 Π
2531 2461 2558 2517 5
2604 2453 2734 2513 187;
2784 2449 3018 2505 Ebert
3050 2450 3118 2503 [ς.

486 2513 783 2590 quendam
801 2514 1212 2575 Macedonium
1231 2515 1523 2587 abbatem,
1556 2515 1620 2574 in
1651 2533 1772 2592 qua
1828 2525 1865 2578 l.
1891 2532 1927 2583 3
1953 2541 1999 2578 c.
2027 2531 2092 2584 33
2118 2524 2162 2578 L
2178 2540 2213 2577 a
2229 2523 2266 2575 b
2282 2523 2321 2576 b
2337 2540 2366 2576 e
2395 2521 2458 2577 in
2485 2523 2619 2577 diss.
2646 2520 2781 2577 hist.
2806 2523 2881 2576 ad
2908 2520 3118 2576 Bellat-

487 2621 580 2679 op.
613 2604 876 2681 suscepti
905 2606 1196 2665 rationem
1228 2605 1485 2682 exponit,
1547 2604 1771 2664 Eodem
1828 2597 2054 2651 minum
2080 2597 2149 2651 de
2177 2595 2287 2649 scri
2331 2598 2373 2650 t.
2399 2597 2533 2652 eccl.
2559 2595 2629 2650 de
2654 2594 2917 2655 sedulio:
2962 2593 3120 2648 Bar-

484 2692 824 2752 Macedonio
856 2695 1133 2753 hortante
1165 2712 1406 2754 carmen
1436 2694 1500 2752 in
1531 2711 1770 2770 prosam
1828 2668 2230 2778 dffinhewer
2358 2668 2749 2732 .XI‚38—40.

1924 2737 2547 2812 )AnnotatFessler
2594 2736 3116 2807 Jungmannss,

486 2778 663 2882 (opus
712 2779 1013 2865 pasehssle)
1066 2783 1381 2854 ⁰⁰¹²V⁶rtit⁹
1444 2801 1595 2858 quae
1644 2801 1770 2842 απ·
1828 2819 1966 2867 4443
2020 2810 2084 2874 „J
2088 2827 2180 2863 am
2225 2811 2470 2866 antehac
2513 2811 2621 2864 sub
2660 2809 2829 2862 finem
2871 2823 2979 2862 sec.
3020 2808 3116 2861 IV.

483 2888 643 2930 mine
690 2870 822 2947 ipso
868 2872 1176 2931 obscurior
1226 2889 1400 2948 saepe
1450 2875 1542 2931 est
1589 2875 1770 2947 atque
1828 2880 2013 2936 Proba
2039 2881 2406 2936 Falconis.
2449 2880 2549 2952 pia
2573 2883 2837 2934 matrona
2862 2894 3118 2944 romana,

1830 2952 2167 3023 hujusmodi
2213 2951 2521 3007 Centonem
2569 2950 2944 3023 virgilianum
2971 2966 3117 3004 com-

483 3049 505 3054 -
522 3049 535 3052 ss
568 3049 799 3055 *ψῃ*
1870 3024 2026 3078 osuit
2049 3024 2153 3094 qui
2179 3040 2395 3079 sacram
2435 3021 2739 3091 utriusque
2765 3021 3115 3076 Testamenti

1828 3043 2131 3150 {istoriam
2183 3095 2443 3150 versibus
2490 3093 2838 3149 hexametris
2910 3096 3034 3165 694)
3084 3109 3114 3146 e

566 3167 599 3234 ¹)
628 3163 765 3218 Tres
805 3169 1137 3236 comparent
1169 3165 1231 3221 in
1271 3164 1622 3234 antiquitate
1669 3165 1774 3220 Se·
1829 3165 1933 3220 Vir
1975 3166 2080 3221 ilio
2107 3166 2391 3238 decerptis
2416 3165 2699 3220 exhibet.“
2755 3165 2838 3219 cf.
2939 3163 3115 3235 igne

483 3233 520 3286 d
539 3234 716 3290 ulii:
737 3237 1110 3305 noster,alius
1126 3237 1429 3309 episcopus
1440 3236 1774 3293 Britanniae
1827 3237 1906 3292 XI
1961 3279 1976 3304 ‚
2002 3245 2170 3295 803—
2187 3243 2270 3309 18)
2297 3240 2356 3291 et
2379 3236 2531 3291 inter
2549 3238 2746 3308 poetas
2772 3234 3116 3292 christianos

483 3304 552 3357 de
580 3323 785 3377 genere
809 3309 1123 3376 Scotorum,
1149 3309 1253 3378 qui
1286 3324 1337 3361 a.
1358 3311 1460 3365 721
1490 3308 1774 3378 subscrip·
1828 3309 2076 3364 minores
2103 3308 2191 3363 ed.
2218 3308 2255 3363 S
2272 3325 2301 3361 o
2317 3309 2357 3362 h
2374 3325 2404 3362 e
2421 3327 2459 3362 n
2476 3307 2553 3362 kl
2579 3307 2838 3363 Viennae
2869 3313 3023 3371 1888,
3052 3306 3112 3360 in

484 3375 561 3429 sit
608 3377 900 3434 decretum
952 3397 1108 3435 conc.
1152 3378 1407 3441 romani;
1457 3379 1624 3445 alius,
1668 3379 1773 3448 qui
1829 3396 1982 3450 corp.
2007 3397 2113 3434 scr.
2139 3382 2236 3437 lat.
2264 3380 2398 3436 eccl.
2425 3381 2465 3435 t.
2485 3378 2633 3436 XVL
2662 3377 2746 3433 cf.
2764 3379 2873 3433 hoc
2887 3394 3114 3431 carmen

482 3446 680 3502 floruit
703 3451 811 3505 sub
838 3449 1039 3505 Carolo
1068 3450 1161 3515 Μ.,
1187 3450 1325 3506 hinc
1360 3452 1486 3504 orta
1511 3449 1772 3506 confusio
1827 3456 1892 3505 de
1923 3454 2076 3506 Verbi
2100 3455 2470 3507 incarnatione
2489 3450 2663 3504 etiam
2683 3449 2842 3520 apud
2867 3448 2911 3502 F
2927 3465 2961 3501 a
2979 3448 3113 3504 bri-

524 3534 657 3597 enes
676 3522 895 3574 veteres
914 3521 1367 3603 bibliographos,
1388 3521 1491 3590 qui
1514 3524 1772 3578 nostrum
1828 3522 2022 3578 cium
2061 3522 2209 3578 Bibl.
2252 3523 2353 3577 lat.
2403 3521 2552 3576 med.
2601 3524 2660 3576 et
2707 3521 2813 3577 inf.
2860 3523 2972 3575 aet.
3017 3520 3112 3584 111,

482 3537 689 3644 dicunt
735 3594 828 3647 vel
878 3592 1051 3647 fuisse
1104 3592 1326 3664 origine
1378 3592 1627 3657 Scotum,
1679 3594 1773 3647 vel
1829 3601 1932 3651 302
1960 3611 2034 3648 ss.
2077 3610 2208 3649 cum
2252 3596 2520 3648 accurata
2558 3592 2950 3664 assignatione
2994 3608 3114 3648 ver·

482 3658 769 3730 dignitate
797 3662 1148 3734 episcopum.
1832 3683 1996 3720 suum
2027 3664 2282 3736 Virgilii,
2310 3665 2523 3735 quibus
2549 3667 2636 3719 est
2659 3681 2798 3719 usus
2821 3666 3042 3718 auctor.
