3505 5161
497 204 606 257 151

484 372 620 431 aliis
639 372 848 432 Basilii
872 372 1150 448 operibus
1171 373 1356 432 fuisse
1388 372 1462 432 ab
1494 371 1609 430 alio
1627 389 1768 432 con-

483 462 755 520 cinnatos
786 464 848 520 et
881 464 1088 537 postea
1117 461 1395 538 adjectos.
1458 461 1767 520 Garnie·

486 552 669 621 rius,
718 550 822 626 qui
865 551 1014 609 hanc
1053 550 1464 627 quaestionem
1496 553 1770 610 accurate

483 638 787 716 expendit,
851 657 951 699 eos
1002 640 1297 717 genuinos
1347 658 1476 701 esse
1526 657 1768 714 prorsus

485 732 667 806 negat
684 728 1052 805 argumentis
1073 729 1317 788 innixus
1350 727 1621 791 internis.
1656 729 1767 789 Cu-

473 819 581 894 jus
615 836 755 894 ergo
787 820 1005 877 erunt?
1039 818 1088 877 D
1105 838 1136 877 r
1151 839 1184 877 a
1201 837 1233 878 e
1251 837 1278 877 s
1294 835 1325 878 e
1341 818 1380 876 k
1397 837 1428 876 e
1460 819 1525 877 in
1547 818 1768 877 Ztschr.

485 906 583 965 fiir
612 906 1068 983 Kirchengesch.
1092 908 1173 966 XI
1204 903 1448 989 (1890),
1487 915 1699 970 22-6
1719 919 1765 977 1,

486 995 622 1055 illos
668 996 880 1055 asserit
929 997 981 1054 A
1001 1016 1039 1072 p
1057 1015 1089 1055 o
1107 998 1129 1055 l
1145 997 1167 1055 l
1182 996 1201 1054 i
1218 1016 1259 1056 n
1274 999 1385 1055 ari
1433 996 1735 1056 laodiceno
1752 1017 1766 1062 ς

482 1085 529 1141 F
540 1105 581 1142 u
593 1085 683 1142 nk
707 1085 1159 1162 Kirchengesch.
1171 1086 1461 1149 Abhandl.
1476 1104 1535 1144 u.
1549 1084 1766 1144 Unter-

484 1174 837 1250 suchungen
867 1172 943 1232 11.
976 1170 1341 1253 (Pederborn
1380 1174 1572 1253 1899)
1611 1184 1764 1237 291-

488 1271 613 1325 329
641 1263 822 1338 hujus
853 1262 1132 1338 opinione
1145 1264 1362 1339 rejecta
1378 1266 1618 1340 statpro
1652 1263 1766 1322 Di-

479 1351 701 1427 dymo
751 1352 1128 1412 alexandrino
1162 1353 1601 1430 comparatione
1632 1350 1766 1411 dili-

483 1442 651 1517 genti
670 1440 956 1501 instituta
974 1441 1135 1500 inter
1153 1442 1260 1501 hos
1282 1442 1466 1503 libros
1497 1444 1562 1500 et
1590 1460 1768 1516 opera

483 1528 741 1606 Didymi,
778 1548 930 1605 quae
964 1530 1157 1590 adhuc
1188 1535 1528 1606 supersunt.
1568 1563 1642 1573 —
1682 1531 1768 1589 De

483 1619 714 1692 Spiritu
744 1638 788 1680 ε.
822 1620 895 1677 acl
915 1620 1395 1696 Amphilochium
1421 1619 1607 1679 Iconii
1639 1619 1763 1694 epi-

485 1725 729 1782 scopum
746 1704 810 1785 ¹).
850 1708 1081 1768 Prodiit
1102 1708 1347 1767 seorsim
1382 1726 1503 1768 cur.
1535 1708 1574 1765 J
1589 1726 1623 1767 o
1640 1708 1678 1765 h
1696 1726 1766 1766 n·

566 1899 599 1964 Ι)
627 1894 891 1966 Reperies
920 1896 1096 1964 hujus
1140 1893 1406 1965 opusculi
1450 1894 1766 1950 versionem

483 1965 635 2019 inter
675 1967 950 2035 opuscula
1000 1966 1206 2020 selecta
1249 1966 1340 2021 ΞΒ.
1383 1966 1489 2020 ΡΡ.
1528 1983 1564 2019 a
1603 1965 1768 2021 nobis

485 2037 640 2091 edita
666 2042 706 2091 t.
734 2038 914 2090 XXXI
942 2035 1264 2108 Oeniponte
1294 2041 1448 2095 1875.
1475 2041 1652 2108 Amp
1669 2036 1768 2091 hi-

484 2109 553 2162 lo
572 2125 600 2160 c
617 2109 655 2161 h
673 2108 691 2160 i
710 2126 745 2161 ιι
764 2127 805 2173 S,
834 2106 936 2176 qui
964 2128 1004 2167 s,
1032 2107 1246 2163 Basilio
1272 2111 1472 2163 auctor
1497 2107 1614 2163 fuit
1637 2107 1767 2162 scri·

485 2178 657 2232 bendi
683 2180 790 2233 hoc
816 2197 978 2249 opus,
1005 2196 1034 2232 e
1062 2179 1421 2250 Cappadocia
1437 2182 1560 2233 erat
1578 2180 1772 2234 orium

480 2250 591 2304 dus
619 2259 675 2303 et
701 2250 952 2318 primum
976 2252 1173 2305 rhetor
1212 2252 1334 2305 foro
1369 2250 1650 2305 addictus.
1701 2252 1767 2305 In

484 2320 853 2376 solitudinem
882 2322 1245 2390 postmodum
1274 2322 1501 2377 secessit
1525 2322 1768 2377 familia-

482 2393 647 2459 rique
692 2392 948 2446 amicitia
985 2395 1226 2460 junctus
1271 2398 1358 2447 est
1400 2411 1441 2448 s.
1470 2393 1682 2448 Basilio
1709 2397 1769 2449 et

481 2483 526 2517 8.
553 2463 824 2535 Gregorio
848 2481 982 2528 naz„
1001 2463 1102 2533 qui
1123 2481 1253 2518 eum
1274 2465 1470 2537 magni
1492 2466 1766 2520 fecerunt.

487 2533 661 2590 Iconii
712 2534 1012 2607 episcopus
1062 2535 1207 2590 mira
1258 2535 1362 2590 Dei
1402 2536 1766 2608 providentia

482 2608 697 2660 electus
722 2625 769 2662 a.
794 2611 899 2664 374
921 2608 1200 2675 synodum
1222 2608 1411 2678 coegit
1430 2611 1535 2665 377
1540 2652 1551 2672 ,
1574 2608 1633 2662 iu
1651 2627 1767 2677 qua

480 2679 753 2732 adversus
770 2678 1091 2734 Macedonii
1105 2680 1384 2734 haeresim
1400 2679 1765 2734 divinitatem

483 2767 523 2803 s.
552 2749 801 2820 Spiritus
827 2750 1044 2814 asserit,
1074 2751 1244 2805 simul
1271 2751 1425 2805 edita
1441 2750 1672 2822 egregia
1686 2771 1766 2821 ep.

481 2824 731 2890 synodica
758 2821 830 2874 ad
852 2837 940 2892 ep.
957 2821 1161 2890 Lyciae
1183 2821 1579 2894 episcoporum
1596 2823 1768 2891 Lyca-

479 2892 646 2945 oniae
673 2893 991 2962 conscripta
1014 2892 1260 2956 nomine.
1289 2910 1435 2963 quae
1462 2894 1651 2948 adhuc
1677 2912 1766 2948 su-

483 2967 670 3033 perest
718 2963 987 3035 (Migne
1033 2965 1281 3028 XXXIX,
1334 2968 1596 3036 93—98):
1648 2964 1765 3020 imo

480 3033 711 3104 scripsit
728 3037 867 3090 teste
886 3036 937 3089 Η
951 3035 974 3089 i
990 3054 1019 3090 e
1035 3055 1062 3088 r
1079 3054 1110 3090 o
1130 3054 1165 3088 n
1177 3054 1280 3104 ym
1293 3054 1325 3090 o
1353 3054 1399 3089 c.
1423 3043 1538 3100 133,
1556 3036 1765 3091 librum

479 3110 542 3160 de
568 3109 777 3175 Spiritu
800 3128 841 3164 8.
871 3107 1025 3175 quod
1053 3107 1219 3163 Deus.
1261 3111 1320 3160 et
1346 3108 1499 3175 quod
1526 3108 1765 3163 adoran-

479 3177 589 3231 dus
606 3178 875 3245 quodque
892 3183 950 3231 et
966 3177 1328 3249 omnipotens
1346 3177 1435 3242 sit,
1454 3178 1557 3247 qui
1573 3181 1765 3233 tamen

482 3248 669 3319 periit.
702 3248 970 3303 Interfuit
994 3249 1210 3317 synodo
1256 3249 1766 3321 constantinopoli-

484 3325 648 3372 tanae
670 3336 720 3372 a.
737 3327 837 3376 381
856 3325 1030 3388 atque
1046 3338 1079 3372 a
1135 3320 1357 3375 atribus
1371 3322 1545 3375 hu‘us
1561 3321 1766 3389 synodi

479 3391 553 3443 ad
595 3390 1004 3444 restituendam
1050 3392 1086 3444 fi
1130 3408 1218 3445 em
1270 3340 1613 3446 cathoficam
1665 3409 1769 3463 per

485 3461 652 3514 Asiae
682 3461 1038 3530 provinciam
1065 3463 1361 3533 delegatus
1388 3465 1489 3516 est.
1518 3466 1564 3515 A
1587 3463 1765 3517 Theo-

478 3531 640 3585 dosio
668 3532 740 3584 M.
783 3532 1078 3600 ingeniose
1119 3533 1468 3604 impetravit,
1512 3537 1578 3587 ut
1606 3534 1763 3589 Aria-

484 3619 685 3657 norum
737 3603 1138 3658 conventicula
1186 3604 1645 3674 prohiberentur.
1700 3608 1764 3659 ln

480 3675 699 3741 synodo
739 3674 904 3728 Sidae
944 3675 1005 3728 in
1033 3675 1358 3745 pamphilia
1398 3693 1448 3729 a.
1475 3683 1581 3733 388
1605 3677 1763 3732 habi-

482 3749 541 3798 ta
568 3753 634 3801 ‘25
662 3744 1076 3815 episcoporum,
1122 3747 1215 3800 cui
1244 3747 1512 3818 praefuit,
1559 3748 1764 3802 Messa-

480 3817 767 3870 lianorum
817 3835 1031 3872 errores
1082 3818 1383 3872 damnavit
1432 3823 1479 3890 (†
1519 3837 1575 3890 p.
1620 3824 1763 3890 394).

484 3887 691 3968 Magna
719 3891 805 3941 est
832 3905 1002 3958 penes
1028 3893 1246 3943 veteres
1272 3891 1394 3958 ejus
1433 3891 1763 3956 auctoritas,

1322 190 1622 241 326—400.
1650 185 1704 238 S.
1733 184 1984 240 Basilius
2011 185 2273 257 Magnus.

2983 205 3103 259 152

1824 374 2031 441 ston,
2081 372 2292 432 Oxonii
2334 382 2532 444 1892;
2579 392 2714 432 cum
2759 373 2816 431 ll.
2863 373 2976 432 III
3000 376 3102 433 ad-

1824 478 2022 520 versus
2052 461 2404 521 Eunomium
2434 480 2557 522 cur.
2589 461 2647 524 J.
2681 464 2745 523 D.
2777 462 2849 520 H.
2884 463 3105 522 Gold-

1826 550 2043 619 horn‚
2121 548 2356 626 Lipsiae
2424 561 2608 615 1843.
2691 552 2751 610 L.
2832 553 3107 612 adoneus

1826 636 2194 698 Manichaeos
2238 639 2436 715 periit.
2469 672 2558 685 ·-
2589 641 2672 700 Ex
2720 638 2892 700 libris
2931 660 3060 700 exe
3080 673 3105 687 ·

1823 746 1864 803 g
1877 747 1909 786 e
1926 729 1954 785 t
1968 727 1989 785 i
2004 742 2036 786 c
2051 727 2072 786 i
2087 747 2114 787 s
2146 733 2474 803 supersunt
2492 729 2780 789 Homiliae
2798 748 3012 789 novem
3043 733 3104 789 in

1824 815 2218 877 Hexaemeron
2233 813 2299 898 1),
2346 819 2410 876 in
2443 819 2666 895 quibus
2696 836 2939 878 sensum
2972 838 3106 895 per-

1825 906 2100 980 sequitur
2144 906 2435 967 literalem
2478 925 2671 983 usque
2720 906 2794 965 ad
2845 907 3104 968 hominis

1825 994 2254 1063 formationem,
2286 1015 2464 1072 quam
2487 996 2830 1073 exposuisse
2861 1014 2983 1056 uon
3016 997 3104 1056 vi·

1823 1083 2031 1143 detur:
2077 1103 2271 1159 neque
2315 1083 2473 1144 euim
2512 1084 2705 1162 ipsius
2739 1090 2884 1144 sunt
2915 1086 3105 1145 homi-

1822 1170 1936 1231 liae
1967 1171 2119 1232 duae
2150 1175 2219 1231 de
2246 1173 2493 1233 hominis
2509 1181 2806 1238 structura
2835 1177 2898 1234 et
2925 1176 3107 1234 tertia

1821 1262 1891 1319 de
1913 1262 2219 1337 paradiso,
2252 1281 2403 1337 quae
2435 1264 2548 1322 sub
2569 1264 2699 1338 ejus
2718 1264 2959 1323 nomine
2989 1265 3105 1323 cir-

1824 1351 2320 1410 cumferebantur.
2387 1352 2503 1411 Eae
2552 1359 2895 1428 comparent
2924 1353 3105 1412 etiam

1823 1439 1982 1498 inter
2001 1458 2046 1498 s.
2068 1440 2116 1498 G
2132 1460 2162 1498 r
2175 1456 2206 1499 e
2223 1459 2264 1516 g
2278 1458 2312 1498 o
2328 1440 2428 1498 rii
2450 1441 2695 1517 nysseni
2713 1460 2891 1517 opera
2906 1443 3105 1519 Migne

1824 1527 1884 1587 P.
1918 1528 1982 1586 G.
2015 1528 2210 1597 XLIV,
2265 1538 2630 1594 257—298.
2677 1563 2761 1573 —-
2811 1531 3104 1591 Homiliae

1822 1612 1958 1697 (13)
1986 1618 2049 1674 in
2071 1617 2333 1677 Psalmo-s
2364 1619 2623 1697 (praeter
2652 1637 2803 1695 quos
2835 1620 3105 1696 quinque

1821 1705 1970 1764 aliae
2020 1710 2165 1765 sunt
2213 1705 2455 1788 dubiae)
2516 1708 2739 1784 quibus
2795 1709 3106 1785 praemisit

1825 1795 2233 1869 ,praeclarum
2264 1813 2422 1866 sane,
2449 1797 2653 1871 judice
2673 1795 3101 1879 Garnerio²)‚

1823 2036 2035 2091 husii
2079 2036 2504 2099 Altorfii1644;
2546 2039 2612 2091 A.
2640 2039 2731 2092 W.
2773 2040 3109 2094 Cuuonis

1823 2106 2205 2179 Magdeburgi
2230 2111 2394 2169 1795:
2423 2108 2468 2161 B
2485 2126 2515 2163 e
2532 2127 2559 2161 r
2575 2128 2612 2162 ιι
2629 2110 2668 2162 h
2687 2127 2718 2164 o
2736 2110 2756 2163 l
2773 2109 2850 2164 di
2873 2109 3109 2166 Altorffi

1827 2183 1892 2235 17
1895 2185 1964 2233 40
1989 2178 2050 2232 in
2079 2187 2130 2235 8.
2157 2178 2312 2244 Quae
2330 2185 2639 2251 supersunt
2651 2184 2807 2235 certa
2825 2183 2913 2235 vel
2929 2182 3108 2236 dubia

1823 2248 2011 2305 edidit
2060 2249 2599 2316 Combefisius,
2647 2252 2882 2306 Parisiis
2937 2260 3107 2313 1644:

1823 2321 2092 2376 Gallan
2113 2320 2188 2375 di
2272 2321 2369 2386 VI,
2455 2324 2770 2383 457—514z
2855 2324 3106 2394 Migne

1823 2393 2070 2457 XXXIX,
2116 2397 2376 2450 13—130.
2429 2393 2511 2448 cf.
2539 2393 2977 2450 Fessler-Ju
2998 2415 3105 2466 ng·

1821 2483 1877 2518 m
1894 2481 1929 2516 a
1944 2481 1982 2516 n
1999 2482 2036 2517 n
2063 2472 2090 2530 ἓ
2122 2472 2239 2520 115.

1936 2538 1970 2607 ¹)
2016 2535 2133 2589 Has
2183 2534 2448 2591 homilias
2499 2534 2735 2605 quidam
2787 2536 2831 2590 Ε
2848 2555 2884 2591 ιι
2903 2554 2929 2592 s
2944 2540 2971 2591 t
2984 2538 3023 2591 h
3038 2555 3073 2591 a
3092 2571 3108 2580 ·

1822 2606 1991 2661 thiu
2008 2624 2033 2661 s
2060 2606 2176 2661 sive
2204 2606 2548 2662 Eustachius
2567 2608 2690 2661 afer
2717 2607 2833 2671 „ita
2858 2612 3108 2665 transtu·

1820 2678 1894 2733 lit
1916 2677 1978 2732 in
2004 2679 2253 2733 latinum
2279 2694 2326 2732 c.
2340 2695 2393 2731 a.
2408 2686 2532 2741 440.
2559 2681 2627 2734 ut
2650 2678 2955 2750 ingenium
2979 2682 3109 2737 doc-

1821 2748 2029 2804 tissimi
2068 2749 2312 2832 (Basilii)
2353 2749 2657 2805 facundiae
2707 2768 2842 2805 suae
2885 2751 3108 2807 viribus

1820 2819 2222 2892 aequiparasse
2250 2821 2564 2875 videatur.“
2621 2823 2706 2876 Ita
2746 2823 2816 2876 de
2856 2841 2921 2878 eo
2950 2824 3040 2878 Ca
3060 2843 3108 2878 s-

1821 2891 2132 2946 siodoru
2150 2910 2175 2946 s
2215 2891 2400 2946 Instit.
2429 2892 2546 2946 div.
2583 2891 2670 2947 lit.
2698 2910 2745 2947 c.
2778 2903 2823 2950 l.
2874 2894 3106 2949 Dicavit

1821 2980 1946 3017 eam
1985 2963 2303 3018 versionem
2342 2963 2695 3032 Syncleticae
2734 2964 3106 3020 diaconissae.

1820 3034 2127 3105 Reperitur
2164 3051 2230 3088 ea
2274 3035 2459 3090 versio
2503 3035 2579 3089 ad
2617 3036 2831 3091 calcem
2871 3039 2913 3090 t.
2946 3046 2990 3094 1.
3017 3038 3106 3092 ed.

1821 3105 2136 3172 maurinae,
2187 3110 2246 3160 et
2290 3105 2352 3159 iu
2402 3105 2553 3177 Mig
2571 3124 2655 3162 ne
2705 3107 2768 3161 P.
2818 3108 2884 3161 G.
2935 3109 3106 3173 XXX,

1821 3184 2121 3235 869—968.
2173 3176 2254 3231 Ea
2280 3180 2471 3231 tamen
2511 3193 2626 3232 non
2670 3179 2757 3232 est
2780 3177 2919 3233 satis
2943 3197 3106 3234 accu-

1821 3251 1961 3302 rata.
2012 3250 2102 3302 Ab
2126 3249 2234 3302 hoc
2277 3247 2623 3303 Eusthathio
2662 3250 2808 3304 alter
2848 3251 3106 3320 ejusdem

1819 3318 2070 3374 nominis
2095 3318 2381 3391 distingui
2422 3320 2595 3374 debet
2618 3320 2737 3376 scil.
2766 3320 3107 3376 Eustathius

1822 3393 1857 3444 S
1875 3408 1905 3444 e
1924 3393 1959 3444 b
1974 3407 2007 3444 a
2023 3409 2049 3444 s
2065 3393 2091 3443 t
2105 3406 2134 3443 e
2151 3409 2190 3444 n
2208 3408 2244 3445 u
2263 3410 2290 3445 s
2327 3391 2628 3462 episcopus
2669 3391 2960 3461 quondam
3001 3393 3106 3448 Ba·

1821 3462 1950 3516 silio
1976 3461 2263 3516 amicitiae
2291 3463 2522 3517 vinculo
2534 3462 2792 3529 junctus,
2819 3465 2916 3519 sed
2931 3464 3104 3521 homo

1822 3531 2134 3604 versipellis
2178 3536 2236 3587 et
2274 3533 2482 3589 dubiae
2528 3533 2677 3598 fidei,
2723 3535 2825 3604 qui
2869 3552 2926 3589 se
2954 3540 3105 3606 post-

1819 3605 2052 3659 modum
2093 3605 2346 3659 ostendit
2382 3604 2442 3658 in
2484 3604 2729 3660 Arianos
2768 3622 3105 3677 propensus.

1820 3675 1967 3729 Hinc
1995 3694 2035 3729 s.
2065 3675 2313 3730 Basilius
2338 3675 2799 3732 communionem
2825 3695 2956 3732 cum
2977 3678 3104 3749 ipso

1818 3747 2055 3818 abrupit
2079 3747 2405 3815 fidelesque,
2446 3750 2514 3800 ut
2551 3750 2626 3804 ab
2650 3749 2776 3802 e'us
2801 3749 3105 3805 fraudibus

1821 3821 2105 3882 caverent,
2132 3820 2376 3874 monuit.
2427 3818 2642 3873 Verum
2701 3819 3011 3875 'ustathius
3036 3837 3104 3875 eo

1819 3888 2209 3959 improbitatis
2234 3889 2525 3971 processit,
2554 3893 2622 3944 ut
2647 3888 2947 3972 epistolam
2974 3892 3104 3946 hae—

481 3958 583 4026 qui
634 3959 816 4030 ipsius
866 3960 1208 4014 testimoniis
1252 3962 1323 4014 ad
1376 3963 1764 4016 confirmanda
1817 3960 1994 4015 retico
2022 3977 2192 4015 sensu
2233 3961 2504 4014 infectam
2531 3960 2732 4015 Basilii
2771 3962 3003 4018 nomine
3028 3963 3103 4017 ad

480 4030 752 4111 dogmata
768 4031 1048 4085 catholica
1064 4048 1230 4102 saepe
1250 4035 1513 4097 utuntur,
1531 4034 1627 4086 sed
1639 4035 1688 4116 ej
1698 4051 1765 4087 us

480 4104 710 4172 scripta,
738 4102 786 4156 si
811 4102 1094 4172 ejusmodi
1132 4104 1454 4172 fragmenta
1493 4104 1763 4175 excipias,

482 4172 805 4242 perierunt:
848 4191 995 4241 quae
1040 4173 1195 4228 enim
1235 4177 1342 4229 sub
1381 4176 1503 4244 ejus
1528 4176 1763 4229 nomine

1818 4030 2247 4100 Apollinarium
2267 4034 2567 4086 confictam
2588 4035 2884 4104 spargeret
2900 4033 2961 4087 in
2982 4034 3105 4088 vul-

1818 4121 1942 4174 gus,
1971 4120 2086 4170 qua
2113 4103 2182 4157 de
2207 4119 2268 4157 re
2296 4102 2543 4158 Basilius
2582 4105 2644 4158 in
2685 4104 2802 4159 suis
2842 4104 3106 4174 epistolis

1819 4191 1933 4229 non
1985 4176 2156 4230 semel
2207 4175 2596 4242 conqueritur.
2649 4176 2732 4229 Cf.
2782 4175 2825 4228 F
2842 4191 2871 4229 e
2889 4194 2914 4230 s
2931 4194 2956 4230 s
2972 4176 2993 4230 1
3008 4193 3039 4231 e
3054 4195 3104 4230 r-

481 4246 743 4312 prostant
786 4245 876 4299 vel
919 4245 1096 4299 dubia.
1136 4245 1224 4299 vel
1266 4248 1460 4316 spuria
1504 4249 1657 4311 sunt,
1696 4249 1766 4300 ut
1817 4245 1849 4299 J
1868 4263 2249 4316 ungmanu
2275 4254 2302 4312 g
2333 4254 2449 4302 101.
2501 4245 2646 4300 Eum
2687 4249 2880 4300 tamen
2906 4249 3106 4301 tuetur

480 4319 739 4376 home'le'ae.
780 4321 885 4372 vita
923 4337 962 4372 8.
1008 4320 1206 4373 Basilii
1230 4320 1335 4371 etc.
1388 4317 1574 4387 Ipsius
1614 4319 1762 4372 forte

480 4389 619 4439 sunt
654 4390 839 4442 Jambi
876 4390 949 4442 ad
972 4390 1239 4442 Seleucum
1279 4387 1474 4441 referti
1515 4388 1763 4458 egregiis

482 4456 714 4511 monitis
742 4459 812 4510 ad
827 4459 1071 4527 juvenes
1090 4458 1273 4513 literis
1310 4459 1534 4512 deditos
1554 4462 1613 4513 et
1645 4475 1758 4514 non

480 4528 603 4580 sine
649 4528 833 4598 pretio
879 4547 981 4600 pro
1026 4529 1264 4584 historia
1291 4529 1524 4586 canonis
1551 4549 1592 4583 s,
1620 4529 1763 4584 Scri·

480 4603 703 4669 pturae,
748 4599 899 4653 inter
944 4617 1115 4671 opera
1155 4619 1193 4654 s.
1224 4601 1484 4673 Gregorii
1525 4618 1647 4657 naz.
1675 4603 1763 4657 ed.

481 4670 617 4722 Ben.
646 4671 714 4733 ΙΙ,
747 4678 882 4726 1089
909 4689 1007 4729 ss.:
1034 4671 1281 4742 Migne
1310 4673 1585 4736 XXXVss,
1610 4674 1762 4730 1577.

481 4744 541 4793 et
580 4740 807 4810 saepius
846 4741 1078 4795 seorsim
1120 4743 1260 4796 editi
1302 4761 1419 4796 eur.
1450 4743 1762 4798 Ritters·

1819 4316 1906 4370 Fr.
1935 4316 2156 4371 Loofs
2200 4317 2538 4371 Eustathius
2584 4336 2635 4371 v.
2676 4317 2802 4372 Seb.
2843 4319 2963 4372 und
3008 4319 3104 4372 die

1819 4387 2196 4459 Chronologie
2223 4389 2323 4442 der
2347 4388 2796 4443 Basiliusbriefe.
2839 4388 2980 4444 Eine
3006 4406 3103 4460 pa-

1818 4459 2105 4513 tristische
2134 4459 2349 4523 Studie‚
2376 4459 2544 4515 Halle
2571 4467 2725 4517 1898.
2749 4461 2839 4514 Ab
2856 4463 3106 4528 utroque

1818 4530 2104 4600 distingui
2146 4531 2316 4584 debet
2359 4549 2401 4585 s.
2445 4531 2826 4586 Eusthathius
2865 4549 2899 4586 a
2916 4533 3106 4586 ntio-

1818 4601 2097 4656 chenus
2122 4602 2192 4655 de
2221 4620 2334 4669 quo
2362 4601 2527 4656 infra.

1892 4676 1931 4744 2)
1960 4672 2204 4726 Praefat.
2249 4689 2440 4743 gener.
2467 4683 2494 4740 ς
2520 4680 2553 4730 6
2579 4693 2635 4727 ιι.
2661 4681 2731 4730 30
2775 4673 2836 4727 in
2882 4691 2983 4727 sua
3013 4674 3102 4729 ed.

1818 4761 1949 4814 opp.
1977 4763 2018 4798 s.
2046 4743 2261 4798 Basilii.
