3505 5161
370 250 505 304 *109

381 413 783 501 491-497)‚
834 419 941 478 ubi
989 419 1187 496 ipsum
1234 422 1535 482 describit.
1580 454 1668 466 -

378 508 628 568 Librum
681 508 923 567 Comitis
973 509 1217 582 dictum,
1271 511 1376 586 qui
1425 511 1572 570 olim
1620 530 1667 571 s.

378 598 747 675 Hieronymo
806 598 925 656 suit
972 600 1240 659 tributus
1274 596 1368 682 (cf.
1401 620 1458 677 p.
1496 604 1666 677 267),

364 687 761 746 directorium
823 687 949 747 scil.
1025 689 1318 763 quoddam
1396 689 1667 749 indicans

381 776 666 836 lectiones
696 795 805 852 pro
851 776 1108 853 singulis
1141 779 1283 837 anni
1316 779 1488 838 festis
1520 780 1667 838 satis

378 865 689 925 turbatum
722 867 976 925 correxit
1020 870 1082 925 et
1118 868 1190 925 ad
1222 868 1543 944 pristinam
1574 887 1667 926 re-

377 954 612 1014 vocavit
642 954 893 1013 formam
923 949 1038 1036 (ed.
1071 956 1229 1016 inter
1259 975 1392 1034 opp.
1425 957 1480 1016 b.
1513 958 1667 1017 card.

370 1044 760 1105 ''l’ommasi
792 1043 859 1115 V,
899 1053 1022 1109 297
1060 1046 1149 1109 ed.
1183 1043 1548 1129 Vezzosi).
1579 1070 1667 1091 —

377 1133 650 1208 Denique
677 1133 939 1191 multum
959 1136 1181 1194 meruit
1209 1135 1273 1193 in
1303 1136 1668 1196 emendando

370 1225 552 1281 textu
564 1218 841 1299 Vulqatac
849 1225 1287 1284 amanuensium
1298 1225 1669 1303 negligentia

383 1315 477 1371 sat
486 1312 829 1376 deformato,
863 1313 1112 1373 Textum
1132 1333 1203 1374 ex
1222 1315 1487 1390 antiquis
1497 1315 1666 1375 codd.

366 1401 761 1461 emendatum
821 1405 1054 1461 strenae
1102 1404 1294 1463 instar
1342 1403 1667 1462 Maecenati

380 1509 488 1549 suo
520 1491 723 1550 Oarolo
754 1491 895 1566 imp.
930 1491 1153 1551 obtulit
1199 1493 1265 1551 in
1295 1493 1466 1552 festis
1498 1496 1666 1551 nata-

380 1579 534 1638 litiis
567 1579 808 1638 Domini
842 1588 986 1654 801,
1035 1582 1141 1657 qui
1173 1583 1527 1641 auctoritate
1558 1600 1668 1641 sua

382 1669 557 1727 illum
605 1686 715 1744 per
762 1669 1082 1745 imperium
1131 1672 1388 1731 induxit.
1463 1672 1665 1747 Usque

369 1758 456 1816 ad
508 1774 621 1817 sec.
671 1757 810 1816 XIII
858 1760 1199 1835 saepissime
1249 1760 1510 1820 librariis
1557 1778 1664 1836 pro

383 1847 702 1923 archetypo
733 1850 878 1917 erat,
925 1848 1013 1907 ita
1043 1852 1115 1907 ut
1143 1866 1265 1907 non
1295 1849 1469 1925 pauci
1500 1849 1664 1908 codd.

381 1936 736 2012 superstites
767 1936 958 1995 adhuc
990 1937 1131 1996 sint.
1158 1972 1248 1982 -—
1267 1939 1668 1997 Probabiliter

374 2025 607 2083 :meruit
619 2019 668 2107 ¹)
717 2028 778 2083 et
821 2026 893 2085 de
939 2027 1349 2087 uniformitate
1397 2028 1666 2105 liturqiae

381 2132 490 2190 per
518 2132 751 2173 omnem
780 2116 1185 2190 potentissimi
1228 2117 1352 2175 illis
1381 2116 1540 2193 regis
1573 2116 1664 2175 di-

380 2202 606 2261 tionem
625 2203 957 2279 adaptando
987 2204 1144 2263 hunc
1174 2206 1239 2263 in
1269 2205 1446 2264 finem
1474 2223 1665 2264 sacra-

376 2291 741 2351 mentarium
790 2293 1229 2372 gregorianum.
1280 2295 1425 2370 Ejus
1455 2294 1667 2354 merita

383 2381 448 2439 in
490 2400 615 2440 rem
661 2381 986 2441 litei-ariam
1016 2383 1103 2441 ita
1132 2384 1340 2459 paucis
1374 2384 1664 2460 complec-

381 2469 538 2528 titur
568 2470 758 2529 Cave
788 2471 944 2535 Hist.
976 2472 1066 2534 lit.
1095 2483 1148 2546 1,
1174 2482 1296 2536 637
1318 2494 1331 2532 ε
1370 2473 1665 2542 „Alcuino

371 2558 678 2636 quidquid
697 2560 1008 2636 penitioris
1027 2560 1347 2634 doctrinae,
1372 2562 1666 2639 quidquid

383 2649 683 2724 politioris
716 2649 1054 2710 literaturae
1091 2651 1208 2711 isto
1253 2655 1315 2710 et
1360 2651 1664 2728 sequenti-

379 2739 498 2797 -bus
530 2739 750 2797 seculis
784 2739 974 2799 Gallia
1004 2742 1279 2812 ostentat,
1328 2744 1524 2800 totum
1570 2759 1665 2799 ac-

1349 235 1628 291 Paulinus
1654 236 2043 307 aquilejensi&

2871 258 2995 312 710

1819 431 1963 486 387.
1995 422 2162 481 Alter
2200 423 2375 497 plane
2406 423 2667 483 illustris
2700 425 2880 502 hujus
2910 444 3006 485 ae·-

1722 512 1871 570 tatis
1904 511 2157 588 scriptor
2187 511 2306 571 fuit
2349 513 2734 573 Paulinus
2752 558 2765 585 ,
2817 516 3007 574 Italus

1722 601 1982 673 natione,
2016 601 2211 677 patria
2239 599 2686 677 Forojuliensis‚
2723 604 2866 673 ,lux
2885 606 3009 663 Au-

1725 690 1945 761 soniae,
1993 690 2221 766 patriae
2266 690 2445 751 decus
2484 695 2546 750 et
2578 692 2837 769 inclytus
2870 710 3007 752 auc-
3103 732 3112 743 ·

1722 783 1883 851 tor,‘
1937 780 2012 840 ab
2060 779 2319 839 Alcuino
2368 780 2566 840 dietus
2615 787 2806 857 poem.
2861 791 3006 846 212.

1723 869 1929 927 Carolo
1961 870 2038 928 M.
2082 872 2210 928 erat
2253 869 2329 928 ob
2368 869 2668 930 doctrinae
2698 874 3006 946 praestan-

1722 958 1875 1017 tiam
1905 961 1967 1016 et
1997 958 2295 1018 virtutum
2325 959 2702 1035 splendorem
2720 960 3007 1035 acceptis-

1723 1047 1929 1120 simus,
1991 1066 2169 1123 quam
2229 1048 2304 1107 ob
2353 1067 2479 1107 rem
2528 1068 2663 1107 eum
2713 1049 2778 1108 in
2826 1049 3008 1109 rebus

1723 1135 2103 1212 gravioribus
2141 1135 2398 1196 libenter
2443 1138 2761 1198 consuluit.
2820 1141 3007 1198 Ante-

1724 1244 1904 1300 quam
1938 1225 2272 1302 patriarcha
2301 1227 2687 1303 aquileiensis
2732 1231 2827 1287 est
2870 1246 3008 1288 con-

1722 1315 1996 1385 stitutuS,
2029 1315 2445 1391 grammaticae
2476 1315 2833 1393 magistrum
2864 1318 3008 1395 egit.

1723 1404 2165 1463 Cordialissima
2193 1404 2425 1463 exstitit
2454 1405 2613 1464 inter
2642 1424 2779 1465 eum
2811 1409 2875 1465 et
2902 1407 3008 1465 Al-

1722 1492 1965 1552 cuiuum
2012 1492 2287 1564 amicitia,
2334 1493 2440 1570 qui
2472 1513 2608 1552 eum
2657 1498 2730 1553 ut
2776 1497 3006 1571 patrem

1719 1584 1812 1641 est
1842 1584 2177 1653 veneratus,
2208 1585 2389 1659 atque
2419 1601 2606 1659 poem.
2636 1595 2658 1646 l
2682 1594 2757 1647 14
2791 1584 2881 1643 ita
2911 1584 3003 1643 in-

1721 1671 1902 1746 cipit:

1814 1835 1842 1865 ,
1858 1795 1904 1854 Ο
1937 1795 2183 1854 Pauline
2229 1797 2416 1871 pater,
2467 1799 2685 1872 pastor,
2749 1798 3003 1873 patriar·

2155 1885 2279 1955 cha,
2313 1886 2604 1957 sacerdOS,

1809 1975 1954 2033 Pars
1986 1974 2213 2033 animae
2232 1974 2444 2032 melior
2473 1976 2713 2033 nostrae
2744 1994 2880 2051 pars
2912 1976 3005 2036 111-

2152 2063 2311 2139 clyta
2340 2063 2498 2122 vitae
2515 2087 2528 2137 ;
2546 2071 2573 2101 ‘

1720 2173 1901 2247 atque
1932 2170 2018 2228 ita
2049 2169 2339 2230 absolvit:

1812 2278 1933 2348 ,Et
1962 2295 2125 2337 nunc
2155 2280 2217 2336 et
2246 2295 2479 2353 semper
2496 2277 2597 2350 mi,
2632 2278 2714 2336 mi
2734 2278 3001 2351 Pauline,

2150 2367 2362 2438 valete,

1809 2455 2099 2516 Carminis
2143 2455 2240 2514 hic
2283 2455 2460 2514 finem
2504 2455 2780 2532 lacrymis
2829 2457 3004 2517 facie-

2147 2562 2283 2604 mus
2313 2544 2528 2604 amoris

1812 2634 1925 2693 Sed
1970 2653 2277 2711 nunquam
2324 2634 2474 2693 sacri
2504 2633 2682 2694 finem
2713 2635 2999 2696 faciemus

2150 2723 2382 2783 amoris.
2398 2731 2424 2761 ‘

387 2831 627 2902 ceptum
677 2829 883 2887 referri
935 2829 1128 2889 debet.
1204 2831 1273 2889 Ei
1337 2830 1665 2890 academiae
1722 2830 1877 2888 Hinc
1927 2829 2207 2904 frequens
2257 2828 2415 2887 inter
2473 2846 2572 2887 eos
2621 2829 3007 2905 epistolarum

378 2915 749 2992 parisiensis,
769 2918 1131 2989 turonensis,
1155 2919 1465 2989 fuldensis,
1500 2936 1666 2978 sues-
1722 2917 2154 2979 commercium.
2220 2916 2524 2986 Quomodo
2557 2920 2754 2976 autem
2789 2918 2852 2975 in
2885 2918 3011 2977 vita

385 3006 695 3076 sionensis,
742 3007 1010 3082 aliaeque
1047 3009 1253 3083 plures
1285 3007 1574 3084 originem
1608 3010 1670 3065 et
1723 3026 1786 3066 se
1806 3006 2156 3076 dilexerunt,
2188 3007 2275 3064 ita
2305 3008 2366 3064 et
2395 3006 2459 3064 in
2487 3008 2681 3065 morte
2712 3024 2832 3065 non
2867 3009 3010 3065 sunt

385 3094 750 3154 incrementa
780 3096 1028 3168 debent3
1076 3098 1297 3173 quibus
1328 3097 1432 3155 ille
1465 3096 1516 3155 si
1548 3114 1669 3154 non
1725 3095 2000 3171 separati.
2063 3094 2210 3153 Nam
2252 3113 2321 3153 eo
2369 3095 2499 3170 ipso
2530 3112 2702 3165 anne,
2751 3114 2871 3171 quo
2903 3096 3009 3154 Al-

386 3201 668 3260 praesens
700 3184 961 3260 praefuit
1004 3190 1111 3245 aut
1146 3186 1534 3245 fundamenta
1565 3203 1668 3260 po-

389 3272 530 3344 suit,
563 3273 773 3332 saltem
806 3274 1077 3333 doctrina
1107 3275 1424 3350 praeluxit,
1476 3293 1669 3333 exem-

380 3362 489 3436 plo
519 3362 791 3436 praeivit,
834 3366 896 3421 et
924 3364 1225 3424 beneficiis
1258 3385 1292 3423 a
1324 3365 1527 3424 Carolo
1560 3364 1671 3422 im-

389 3451 644 3525 petratis
676 3447 1042 3533 adauxit2).‘

471 3663 482 3695 ¹
535 3656 618 3713 Cf.
671 3656 763 3709 Ba.
783 3674 812 3711 6
829 3676 863 3711 11
886 3677 940 3710 111
959 3674 986 3710 6
1005 3676 1032 3711 1·
1084 3658 1231 3712 Hist.
1274 3659 1472 3714 Jahrb.
1518 3663 1672 3715 1893.

392 3728 468 3781 XI
527 3767 539 3792 ,
561 3734 843 3784 241-302
871 3729 1056 3783 Ueber
1080 3731 1181 3783 das
1202 3732 1553 3800 sogenannte
1572 3729 1673 3782 Ge·

395 3799 695 3852 [asianum.
746 3801 813 3852 ln
854 3801 1180 3856 inventario
1221 3801 1478 3855 thesauri
1503 3802 1674 3855 eccle·

383 3871 509 3923 siae
535 3871 880 3926 centulensis
905 3889 956 3925 a.
983 3880 1083 3928 831
1122 3876 1354 3927 notatur
1385 3873 1674 3934 „Messalis

394 3940 782 4010 Gregorianus
809 3947 867 3996 et
883 3943 1216 3999 Gelasianus
1236 3944 1522 3997 modernis
1539 3946 1672 3996 tem-

295 4010 320 4027 ‘
435 4013 630 4067 oribus
655 4014 729 4067 ab
756 4014 967 4068 Albino
997 4015 1348 4068 ordinatus“.
1391 4016 1473 4069 Cf.
1500 4014 1673 4068 etiam

1012 4127 1025 4139 .
1060 4095 1181 4143 195⁸·r
1212 4105 1281 4139 ss,

468 4159 511 4227 ²)
540 4155 623 4210 Cf.
650 4156 720 4208 de
748 4174 812 4210 eo
844 4106 1006 4210 Vita.p
1021 4160 1095 4211 ab
1120 4175 1405 4226 anmymo
1433 4155 1674 4225 antiquo

395 4227 735 4296 conscripta,
762 4228 824 4281 in
842 4231 965 4281 Act.
989 4229 1080 4282 SS.
1108 4235 1189 4285 19.
1219 4229 1350 4297 Maj.
1380 4229 1474 4291 1V,
1501 4235 1675 4284 335—-

399 4305 533 4356 3442
562 4297 810 4368 Migne
839 4300 897 4364 C,
926 4307 1202 4358 ese—106:
1231 4301 1376 4353 jaffe
1407 4300 1543 4354 bibl.
1573 4317 1675 4353 rer.

398 4371 584 4422 Germ.
629 4368 724 4434 VI,
769 4377 975 4430 3—34;
1026 4372 1088 4424 in
1130 4372 1255 4425 MG.
1313 4371 1404 4425 SS.
1464 4371 1582 4432 XV,
1633 4379 1677 4434 1,

420 4084 703 4138 Vei-ner
730 4085 941 4141 Aleuin

1725 3186 1941 3244 cuinus
1987 3184 2259 3254 decessit,
2313 3184 2603 3243 Paulinus
2652 3203 2685 3242 e
2727 3184 2854 3243 vita
2898 3185 3010 3242 mi-

1726 3275 1923 3352 gravit
1973 3276 2232 3348 quatuor
2289 3273 2661 3331 solummodo
2711 3273 3010 3331 mensium

1729 3364 1920 3440 spatio
1940 3363 2312 3438 interposito.
2355 3362 2519 3421 Obiit
2538 3362 2694 3420 enim
2713 3362 3006 3421 Paulinus

1736 3463 1832 3516 11.
1865 3451 1998 3510 Jan.
2035 3460 2160 3514 804
2197 3452 2373 3527 juxta
2403 3451 2750 3510 Madrisium
2782 3450 2845 3509 in
2877 3452 3010 3526 ejus

1727 3541 1857 3600 vita
1896 3559 1944 3600 c.
1993 3551 2103 3610 133
2153 3540 2510 3599 recentiores
2557 3558 2696 3599 vero
2741 3540 3011 3599 historici

1727 3634 1980 3689 mortem
2012 3630 2143 3704 ejus
2174 3630 2484 3708 assignant
2514 3649 2566 3688 a.
2593 3630 2719 3704 jam
2744 3638 2887 3693 802.
2919 3630 3012 3688 Ab

1728 3719 1992 3778 Ecclesia
2036 3720 2195 3777 inter
2239 3721 2474 3778 sanctos
2515 3719 2751 3780 colitur.
2812 3717 3007 3777 Inter-

1729 3808 1862 3878 fuit,
1928 3809 2046 3866 imo
2110 3811 2171 3866 et
2229 3808 2490 3883 praefuit
2538 3807 2719 3865 variis
2770 3808 3013 3883 synodis

1730 4015 1794 4069 0.
1846 4017 1898 4069 S.
1952 4015 2086 4068 Ben.
2139 4013 2215 4085 (M
2236 4015 2407 4082 igne
2460 4012 2544 4077 CI,
2614 4018 3014 4085 1415—1442):

1732 4087 1805 4138 W
1824 4104 1896 4139 er
1913 4105 1950 4139 11
1967 4103 2041 4140 61·
2085 4085 2297 4139 Alcuin
2324 4084 2441 4137 und
2469 4087 2591 4137 sein
2617 4085 2818 4141 Jahrb.
2846 4084 3015 4137 Wien

1736 4165 1868 4214 1881
1917 4157 2003 4211 ed.
2051 4165 2082 4213 2
2126 4160 2183 4210 et
2225 4155 2338 4209 KL.
2385 4165 2429 4217 l,
2469 4159 2752 4212 462—467
2771 4176 2783 4212 z
2834 4155 3017 4210 Mon·

1732 4249 1771 4283 n
1788 4230 1808 4281 i
1826 4241 1899 4282 er
1943 4229 2157 4282 Alcuin
2200 4230 2259 4280 et
2283 4227 2692 4295 Charlemagne
2737 4242 2873 4279 avec
2919 4229 3016 4280 des

1734 4302 2049 4370 fragments
2066 4300 2203 4353 d'un
2225 4297 2627 4352 commentaire
2655 4297 2842 4351 incdit
2865 4297 3018 4351 d'Al-

1734 4371 1872 4425 611111
1913 4389 2009 4425 8111·
2049 4389 2091 4424 8.
2119 4369 2403 4424 Ma-tthieu
2446 4371 2504 4420 et
2542 4368 2791 4422 d'autres
2830 4367 3018 4438 pisces

403 4444 683 4498 182—197
695 4442 781 4495 ed.
795 4441 886 4499 W.
908 4445 953 4494 A
973 4461 1049 4496 rn
1067 4445 1143 4496 dt
1169 4447 1290 4502 etc.;
1318 4442 1360 4495 F
1379 4461 1404 4494 1·
1421 4459 1452 4496 o
1473 4445 1507 4496 b
1522 4459 1551 4494 e
1569 4441 1680 4494 nii
1734 4443 1999 4513 publiees
2023 4459 2170 4514 pour
2195 4439 2252 4495 la
2277 4457 2452 4511 prem.
2470 4439 2595 4503 fois,
2625 4439 2858 4493 Parisiis
2882 4447 3021 4496 1864

399 4511 680 4579 praefatio
726 4515 1011 4582 generalis
1055 4519 1113 4567 et
1161 4514 1566 4569 commentatio
1611 4514 1681 4567 de
1736 4515 1825 4568 ed.
1854 4523 1916 4574 2;
1963 4515 2004 4566 P
2022 4531 2054 4567 o
2073 4514 2188 4566 tth
2207 4531 2240 4566 a
2257 4530 2280 4564 s
2298 4515 2324 4565 t

2365 4530 2421 4580 p.
2449 4517 2518 4566 33
2545 4529 2603 4573 s.‚
2649 4513 2707 4565 et
2735 4518 2888 4575 1149,
2916 4511 3020 4579 qui

399 4582 523 4651 ejus
542 4582 682 4648 rita,
703 4587 763 4637 et
781 4587 831 4637 A
848 4605 885 4638 n
902 4587 938 4639 d
956 4604 983 4637 r
1000 4603 1029 4641 e
1045 4604 1078 4639 a
1095 4603 1124 4638 6
1147 4585 1486 4650 Quercetani
1505 4585 1681 4655 praef.
1737 4585 2028 4656 copiosam
2064 4585 2173 4638 exh
2200 4586 2299 4638 bet
2334 4583 2690 4636 literaturam
2711 4604 2723 4642 ι
2765 4581 2882 4637 Sic
2901 4583 2937 4635 k
2953 4597 2982 4635 e
3000 4583 3021 4634 1

394 4669 535 4707 suae
562 4655 649 4708 ed.
676 4657 1019 4726 praemissae
1049 4657 1218 4730 (Mig
1240 4675 1314 4709 ne
1344 4659 1399 4711 C.
1418 4661 1450 4711 9
1472 4661 1680 4727 -135);
1738 4656 2183 4711 Alcuinstudien
2233 4655 2404 4707 Wien
2434 4660 2600 4712 1875:
2653 4654 2700 4708 D
2719 4654 3022 4709 iimmler

400 4721 535 4778 Riv
554 4729 625 4779 et
667 4727 731 4780 in
776 4728 920 4781 Hist.
962 4729 1045 4784 lit.
1089 4729 1157 4782 de
1186 4730 1240 4782 la
1268 4729 1355 4781 Fr.
1384 4727 1478 4782 lv.
1509 4733 1682 4783 295-
1740 4729 1891 4798 Aug.
1918 4728 1971 4782 d.
2000 4728 2189 4798 Biogr.
2225 4735 2269 4791 1,
2298 4731 2611 4788 343—3483
2663 4726 2809 4781 Ebe
2828 4729 2894 4779 rt
2920 4729 2960 4781 t.
2990 4734 3021 4782 2

396 4799 879 4858 347;701—705;
930 4800 1301 4854 Mabillon
1341 4800 1401 4853 in
1442 4800 1682 4852 Mass.
1738 4799 1987 4855 l.4c.1.
3005 4809 3008 4812 '

2594 4890 2703 4945 23·
