3505 5161
459 268 569 320 561
1513 252 1568 307 ὃ.
1596 249 1908 321 Gregorius
1933 250 2007 305 M.
2943 269 3062 324 562

448 440 565 508 tur,
614 438 784 494 utet
816 454 1029 495 sensus
1061 439 1288 501 crescat
1318 436 1590 502 etelatio
1624 436 1727 495 de·
1799 500 1807 507 ,
1847 445 2021 507 r313.
2043 437 2276 513 Magni,
2323 440 2384 495 et
2428 436 2641 516 merito
2687 437 2950 512 quidem,
3001 438 3068 517 fit

450 527 692 594 crescat,
739 524 884 585 dum
914 529 1160 601 propter
1188 544 1293 584 vos
1339 526 1534 595 disco,
1553 526 1731 601 'quod
1786 526 1939 584 liber
1969 527 2197 602 reputas
2225 527 2545 600 pastoralis
2575 521 2883 607 (Lxxvu,
2940 538 3076 590 9-,-,

450 614 607 674 inter
652 632 756 674 vos
803 615 995 683 doceo,
1046 614 1211 688 quia
1240 615 1469 691 (verum
1516 610 1737 696 fateor)
1796 611 1962 694 128),
1996 634 2112 690 quo
2132 615 2397 674 muneris
2419 616 2739 690 pastoralis
2762 633 3065 690 oneraac-

450 702 798 779 plerumque
820 703 1122 762 vobiscum
1142 703 1321 776 audio
1342 703 1503 779 quod
1534 704 1730 765 dico,‘
1786 707 1988 763 curate
2020 703 2265 779 exponit
2297 700 2369 783 (c.
2389 723 2440 767 a.
2463 702 2635 783 591),
2673 707 2786 783 ,ut
2816 708 2878 762 et
2908 705 3064 774 haec,

453 824 532 839 -—
568 792 855 853 Homilice
883 792 981 851 XL
1025 795 1087 852 in
1134 793 1448 870 annqelia
1495 794 1563 853 in
1596 803 1629 855 2
1666 794 1728 857 11.
1786 793 1892 868 qui
1924 798 2109 863 vacat,
2143 793 2380 863 incaute
2413 812 2531 852 non
2563 797 2818 873 expetat,
2864 799 2926 852 et
2963 794 3067 870 qui

452 880 806 941 distributae
822 878 887 963 l),
937 882 1171 951 ubereS,
1210 883 1420 957 planae
1450 886 1514 942 et
1538 883 1729 945 *utiles
1785 883 2023 943 incaute
2054 882 2319 957 expetiit,
2359 883 2642 958 adeptum
2675 900 2737 940 se
2770 901 2902 941 esse
2933 903 3067 959 per-

448 970 520 1033 ad
553 969 890 1029 formandos
922 988 1133 1041 mores,
1185 988 1453 1037 sermone
1484 974 1730 1047 paterno
1785 972 2115 1035 timescat.‘
2183 971 2368 1030 Docet
2409 974 2611 1031 autem
2657 991 2729 1030 ex
2774 972 2978 1030 ordine
3021 984 3069 1034 1.

451 1061 512 1118 et
542 1059 784 1118 cordiali
818 1060 1177 1135 compositae
1200 1056 1728 1141 (1075—1314):
1789 1060 1918 1130 ,ad
1937 1059 2173 1131 culmen
2205 1060 2458 1136 quisque
2478 1060 2788 1137 regiminis
2815 1061 3071 1136 qualiter

451 1148 586 1207 hinc
631 1167 702 1206 ex
746 1150 1049 1224 plerisque
1081 1149 1379 1208 derivatae
1425 1153 1569 1211 sunt
1612 1151 1729 1208 lec·
1786 1149 2063 1219 veniat&
2124 1159 2180 1211 2.
2232 1150 2348 1218 ,ad
2398 1149 2508 1208 hoc
2555 1148 2669 1207 rite
2717 1149 3070 1224 perveniens

448 1236 639 1296 tiones
670 1238 733 1295 in
764 1238 1140 1297 Breviarium
1170 1238 1462 1301 Ecclesiae
1494 1239 1729 1298 latinae.
1787 1239 2049 1314 qualiter
2079 1239 2316 1307 vivat‘3
2370 1248 2424 1301 3.
2460 1238 2651 1309 ,bene
2684 1238 2890 1297 vivens
2925 1258 3069 1313 qua-

452 1327 702 1401 Propter
731 1345 944 1392 earum-
965 1326 1291 1386 utilitatem
1335 1346 1433 1386 eas
1481 1327 1731 1387 seorsim
1787 1327 1925 1386 liter
1954 1327 2237 1398 doceat‘3
2273 1340 2328 1389 4.
2364 1332 2562 1396 ,recte
2582 1327 2798 1385 docens
2820 1328 3068 1386 infirmi-

449 1414 743 1475 edidimus
772 1416 931 1477 inter
961 1417 1247 1496 opuscula
1291 1435 1336 1483 s,
1370 1417 1489 1477 PP.
1513 1418 1731 1476 selecta
1786 1420 1971 1476 tatem
2014 1435 2183 1475 suam
2226 1416 2497 1492 quotidie
2544 1420 2765 1491 quanta
2802 1417 3068 1475 conside-

449 1508 492 1565 t.
532 1503 627 1566 VI.
679 1522 788 1564 ser.
839 1514 908 1575 23
958 1506 1287 1581 Oeniponte
1346 1515 1539 1575 1892;
1587 1506 1729 1564 Pro·
1787 1506 2015 1579 ratione
2047 1508 2419 1582 cognoscat‘,
2469 1509 2539 1564 ut
2583 1505 2709 1580 ipse
2751 1524 2860 1564 nos
2900 1505 3071 1564 docet

450 1593 683 1653 dietant
713 1598 774 1652 et
803 1594 1161 1671 Ingolstadii
1201 1604 1386 1658 1822.
1419 1628 1507 1639 —
1537 1595 1731 1653 Dubia
1787 1595 1852 1653 in
1881 1614 1972 1670 ep.
2004 1595 2176 1670 operi·
2200 1595 2521 1670 praemissa
2551 1593 2624 1652 ad
2654 1594 2946 1669 Joannem
2978 1613 3069 1669 ep.

450 1701 589 1743 vero
636 1686 811 1742 sunt:
860 1683 1166 1760 Expositio
1213 1686 1275 1741 in
1319 1685 1357 1743 l.
1409 1688 1461 1742 1.
1510 1685 1728 1760 Reyum
1780 1687 1954 1759 juxta
1984 1683 2186 1759 plures
2223 1686 2748 1754 ravennatensem,
2793 1683 3070 1758 probabi-

450 1767 667 1851 (usque
718 1773 791 1830 ad
851 1783 946 1843 16,
1009 1782 1117 1842 13;
1174 1774 1266 1831 Mi
1284 1793 1426 1850 gne
1475 1773 1728 1841 LXXIX,
1786 1772 1909 1832 lius
1940 1772 2651 1848 constantinopolitanum
2664 1767 2731 1852 ¹).
2780 1772 2869 1830 Ob
2902 1790 3070 1845 suam

452 1858 757 1943 9—467),
790 1861 941 1920 forte
972 1861 1286 1927 Claudii
1317 1863 1551 1921 abbatis
1570 1862 1727 1929 Clas·
1786 1861 2112 1922 utilitatem
2144 1862 2296 1920 liber
2328 1860 2668 1920 bicaureus
2701 1861 2893 1936 ipsius
2926 1861 3068 1919 Gre-

449 1950 674 2013 sitanae
724 1951 893 2009 urbis
946 1947 1011 2033 (†
1057 1949 1240 2031 601),
1298 1952 1404 2026 qui
1452 1940 1729 2028 praesens
1786 1951 1940 2029 gorii
1963 1951 2089 2026 jam
2118 1954 2314 2010 aetate
2332 1950 2607 2009 hortante
2630 1950 2911 2009 Mauritio
2931 1951 3070 2024 imp.

444 2036 779 2119 audierat2)
811 2040 1160 2115 Gregorium
1190 2040 1639 2101 concionantem
1669 2045 1731 2098 et
1787 2042 1862 2101 ab
1919 2041 2344 2099 Anastasio
2405 2039 2756 2098 antiocheno
2817 2039 3070 2114 patriar-

332 2144 335 2145 ’
450 2146 533 2197 ea,
566 2147 715 2203 quae
747 2129 820 2187 de
844 2147 1065 2205 regum
1090 2128 1338 2188 historia
1355 2132 1727 2204 exposuerat,

450 2217 661 2276 minus·
702 2217 953 2276 feliciter
1014 2218 1207 2277 literis
1258 2218 1727 2295 consignaverat.

451 2337 539 2363 2-
586 2305 891 2382 Expositio
950 2308 1012 2365 in
1068 2307 1309 2375 Cantica
1371 2309 1729 2366 canticorum

450 2390 874 2477 (471—548),
907 2396 1222 2471 compilata
1239 2396 1393 2455 forte
1426 2415 1495 2454 ex
1515 2412 1560 2454 s,
1582 2414 1727 2471 pon-

447 2484 620 2543 tificis
652 2485 910 2559 scriptis,
960 2485 1065 2542 sed
1112 2500 1157 2543 s.
1196 2484 1316 2542 11d
1332 2503 1364 2542 e
1381 2505 1417 2561 p
1434 2486 1476 2542 h
1489 2504 1522 2544 o
1538 2504 1580 2543 ιι
1595 2503 1623 2553 s
1641 2503 1682 2542 u
1699 2504 1727 2542 s

447 2573 745 2634 toletanus
777 2574 849 2634 de
880 2573 967 2632 ill.
997 2574 1106 2634 vir.
1128 2574 1361 2650 scriptis
1379 2594 1428 2638 c.
1458 2587 1477 2637 l
1510 2574 1729 2636 diserte

447 2666 731 2722 testatur:
770 2663 1004 2738 ,Super
1021 2664 1058 2726 l.
1080 2663 1427 2734 Salomonis,
1462 2664 1559 2724 cui
1578 2664 1728 2723 titu-

449 2753 542 2812 lus
601 2756 695 2810 est
742 2752 1051 2812 Canticum
1101 2753 1481 2822 canticorum,
1548 2773 1729 2828 quam

451 2840 599 2899 mir—e
630 2841 911 2911 scribens,
944 2841 1152 2900 morali
1186 2860 1365 2900 sensu
1383 2860 1534 2916 opus
1555 2861 1728 2902 omne

446 2929 785 3004 exponendo
818 2931 1169 3005 percurrit.‘
1202 2963 1291 2980 -ψ-
1325 2931 1634 3005 Expositio
1666 2933 1730 2988 in

456 3017 579 3078 ,VII
603 3017 865 3079 Psalmos
880 3021 1325 3093 ‘poenitentiales
1357 3014 1420 3099 (5
1433 3029 1540 3081 49·
1552 3031 1585 3083 6
1599 3029 1631 3081 5
1642 3014 1726 3102 8),

447 3126 626 3182 quam
645 3109 921 3167 nonnulli
934 3109 1216 3169 tribuunt
1234 3109 1366 3176 Grre
1376 3128 1416 3185 g
1427 3128 1461 3166 ο
1474 3109 1579 3168 rio
1592 3109 1724 3178 V11;

452 3195 772 3262 Concordia
802 3199 1167 3273 quorundam
1198 3199 1653 3257 testimoniorum
1682 3217 1727 3256 s.

448 3285 807 3362 Scripturae,
856 3306 1007 3361 quae
1055 3287 1170 3345 sibi
1217 3286 1500 3345 videntur
1544 3305 1727 3362 oppo-

449 3374 563 3433 sita
594 3372 700 3455 (ib.
737 3373 1133 3456 659—678).

524 3670 559 3738 ¹)
588 3666 670 3720 cf.
711 3667 757 3720 G
775 3687 803 3721 r
824 3667 977 3722 isar
1010 3668 1275 3724 Zeitschr.
1318 3669 1410 3724 fiir
1450 3669 1505 3723 k.
1533 3669 1730 3723 Theol.

452 3739 1040 3800 1885.1X,385-422;
1068 3741 1614 3798 Pfeilschifter
1639 3741 1731 3794 die

446 3810 845 3864 authentische
895 3813 1160 3882 Ausgabe
1206 3812 1306 3866 der
1358 3812 1731 3884 Evangelien-

446 3879 719 3935 homilien
748 3880 992 3953 Gregors
1019 3881 1116 3937 des
1144 3882 1238 3937 Gr.
1264 3881 1551 3940 Miinchen
1580 3890 1732 3941 1900.

518 3955 559 4021 ²)
589 3952 854 4007 Testatur
878 3955 947 4007 de
978 3955 1085 4009 hoc
1128 3953 1448 4010 Claudio
1490 3974 1532 4009 s.
1574 3956 1730 4010 Gre-

447 4040 485 4098 ς
502 4039 533 4075 0
550 4022 667 4076 riu
684 4042 710 4077 s
736 4025 774 4078 1.
791 4025 911 4090 ΧΠ,
927 4043 1015 4095 ep.
1032 4034 1131 4082 24:
1161 4026 1527 4088 „Carissimus
1555 4045 1732 4096 quon-

447 4099 577 4147 dam
606 4095 757 4150 filius
783 4113 944 4151 meus
970 4097 1260 4164 Claudius,
1288 4100 1485 4168 aliqua
1523 4115 1614 4153 me
1653 4099 1731 4153 lo·

447 4170 657 4232 quenoe
685 4167 755 4220 de
783 4167 1122 4232 Proverbiis,
1165 4169 1235 4223 de
1263 4171 1512 4226 Canticis
1556 4169 1731 4225 canti·

445 4253 657 4302 corum,
685 4238 755 4292 de
776 4240 1093 4310 prophetis,
1119 4240 1265 4298 dell.
1286 4258 1515 4311 quoque
1531 4259 1730 4312 regum

446 4309 505 4359 et
552 4308 621 4362 de
671 4309 1070 4380 Heptateucho
1111 4312 1389 4375 audierat,
1433 4329 1579 4382 quae
1624 4330 1730 4382 ego

447 4378 659 4449 scripto
688 4381 911 4436 tradere
953 4399 1088 4452 prae
1130 4383 1465 4438 infirmitate
1492 4400 1608 4438 non
1636 4402 1732 4453 po·

448 4449 553 4513 tui,
581 4449 702 4522 ipse
728 4468 795 4506 ea
835 4471 937 4507 suo
979 4471 1147 4509 sensu
1174 4455 1433 4519 dictavit,
1477 4471 1548 4508 ne
1593 4454 1732 4510 obli-

1787 2125 1959 2210 cha2)
2007 2148 2212 2206 graece
2272 2128 2392 2188 fuit
2441 2147 2668 2201 versus,
2732 2148 2767 2185 a
2827 2127 3070 2204 synodis

1788 2219 2068 2294 pluribus
2098 2219 2259 2277 inter
2302 2218 2490 2289 libros
2535 2217 2729 2289 ‚cuivis
2781 2216 3070 2275 sacerdoti

1785 2308 2037 2367 maxime
2087 2306 2961 2381 necessarioscommendatus,
3009 2308 3070 2363 et

1785 2397 2129 2471 saepissime
2148 2396 2367 2469 editus,
2403 2396 2662 2471 primum
2683 2394 3069 2472 Argentorati

1799 2496 1996 2556 14963
2028 2505 2152 2551 cur.
2179 2485 2353 2546 E..W.
2386 2484 2779 2543 Westhoff
2804 2485 3075 2543 Miinster

1797 2586 1958 2639 1860
1985 2579 2112 2646 etc,
2147 2574 2326 2634 etiam
2362 2595 2396 2634 a
2426 2575 2598 2635 nobis
2611 2573 2660 2652 ³)
2684 2574 2840 2633 inter
2871 2592 3071 2650 opusc.

1862 2821 1900 2880 ¹')
1930 2816 2013 2869 Cf.
2055 2815 2319 2871 Dzialo
2341 2815 2527 2867 wski
2567 2814 2644 2870 in.
2669 2817 2970 2868 comment.
2997 2814 3068 2866 ad

1785 2885 1991 2942 Isidori
2019 2888 2088 2941 de
2115 2887 2221 2940 vir.
2249 2886 2329 2941 ill.
2359 2902 2404 2942 c.
2432 2895 2515 2941 40.
2736 2895 2740 2898 '

1805 2981 1810 2984 ·
1857 2965 1900 3030 ²)
1930 2959 2037 3013 Hic
2089 2958 2426 3011 Anastasius
2474 2957 2721 3010 discerni
2773 2954 2952 3010 debet>
2997 2958 3072 3010 ab

1787 3033 1835 3084 A
1857 3050 1887 3082 n
1906 3047 1940 3083 a
1956 3049 1982 3085 s
1998 3033 2071 3084 ta
2087 3045 2112 3084 s
2129 3030 2199 3084 io
2241 3047 2343 3083 suo
2386 3028 2810 3098 praedecessore
2851 3026 2914 3079 in
2941 3027 3072 3081 sede

1785 3102 2147 3163 antiochena,
2165 3101 2234 3154 de
2247 3118 2362 3168 quo
2380 3099 2599 3169 egimus
2616 3119 2670 3168 p.
2690 3106 2817 3158 52&
2835 3099 2908 3151 ab
2924 3099 3072 3151 Ana·

1787 3174 1960 3227 stasio
2001 3172 2128 3226 Sin
2146 3171 2211 3225 ai
2229 3175 2318 3236 ta,
2359 3171 2427 3224 de
2465 3187 2579 3239 quo
2608 3169 2778 3232 infra,
2804 3168 3071 3236 aliisque,

1787 3262 2032 3312 quorum
2084 3244 2299 3297 mentio
2350 3242 2541 3295 adhuc
2592 3244 2859 3294 recurret.
2938 3240 3075 3294 Fuit

1786 3316 2114 3385 patriarcha.
2164 3314 2543 3369 antiochenus
2595 3317 2893 3374 599—609,
2956 3328 3071 3379 quo

1786 3403 1939 3442 anno
1984 3389 2312 3468 peremptus
2337 3389 2424 3438 est
2467 3402 2500 3436 a
2543 3382 2576 3436 J
2583 3383 2779 3436 udaeis
2837 3382 2973 3435 hinc
3000 3385 3073 3437 ab

1787 3458 2037 3512 Ecclesia
2064 3457 2213 3511 inter
2237 3462 2514 3525 martyres
2540 3454 2767 3509 colitur.
2796 3453 2933 3522 Ejus
2955 3470 3072 3507 ver·

1788 3530 1870 3583 sio
1899 3546 2103 3599 graeca,
2123 3528 2348 3597 jamdiu
2375 3527 2617 3582 interiit.

1861 3605 1902 3672 ³)
1933 3601 2160 3654 Praeter
2184 3599 2300 3653 alia
2325 3597 2583 3653 encomia
2622 3596 2797 3665 hujus
2824 3596 2879 3659 l.,
2926 3614 3072 3666 quae

1787 3671 2047 3725 invenies
2096 3671 2254 3741 apud
2295 3666 3073 3738 Fessler·Jungmann

1788 3753 1814 3808 ξ
1842 3749 1947 3799 268
1990 3746 2048 3796 et
2090 3742 2151 3795 in
2196 3744 2373 3813 praef.
2415 3743 2640 3795 nostrae
2685 3738 2974 3802 editionis,
3001 3741 3072 3794 cf.

1788 3831 1936 3882 quae
1973 3814 2046 3869 de
2086 3832 2152 3868 eo
2193 3814 2456 3868 scribunt
2497 3811 2545 3865 N
2565 3809 2781 3864 otker
2811 3809 2939 3865 Bal
2965 3813 3073 3865 bu-

1789 3886 1864 3940 lu
1882 3904 1906 3938 s
1949 3886 2018 3938 de
2063 3885 2358 3954 interpret.
2402 3883 2519 3938 div.
2560 3881 2753 3951 script.
2805 3881 2882 3953 (M
2899 3883 2920 3937 i
2935 3903 2973 3952 g
2993 3901 3027 3935 n
3045 3901 3073 3935 e

1794 3964 1912 4020 131,
1941 3960 2084 4027 999),
2113 3955 2214 4023 qui
2240 3956 2393 4010 inter
2412 3954 2528 4010 alia
2549 3953 2723 4021 hujus
2750 3954 2794 4018 1..
2814 3954 3074 4008 encomia

1789 4029 1967 4090 effert,
1996 4026 2336 4092 Gregorium
2376 4027 2439 4079 in
2478 4043 2543 4081 eo
2589 4027 2739 4086 „tam
2779 4027 2963 4079 multa
3003 4026 3072 4081 de

1790 4099 1862 4153 N.
1906 4101 1965 4153 et
2005 4100 2069 4152 V.
2107 4098 2467 4153 Testamento
2513 4094 2768 4166 posuisse
2809 4100 2866 4148 et
2908 4114 3072 4167 expo-

1789 4170 1987 4234 suisse,
2029 4175 2094 4224 ut
2128 4169 2178 4223 si
2216 4187 2346 4225 eum
2386 4166 2692 4223 memoriae
2721 4169 3073 4222 commenda-

1791 4242 1955 4304 veris,
1981 4241 2242 4296 omnium
2268 4241 2547 4295 librorum
2569 4237 2807 4291 scicntia
2832 4240 3072 4293 refertus

1789 4331 1906 4368 esse
1920 4313 2222 4372 videaris⁴⁶2
2248 4312 2281 4366 J
2296 4329 2422 4366 oan
2436 4328 2555 4364 nes
2574 4308 2850 4364 diaconus
2872 4311 2931 4363 in
2953 4310 3073 4363 vita

1791 4404 1832 4438 s.
1860 4385 2123 4456 Gregorii
2166 4385 2266 4449 1V,
2293 4389 2363 4441 73
2407 4382 2629 4452 (Mign
2647 4397 2675 4432 e
2702 4378 2920 4446 LXXV,
2949 4387 3073 4452 22⁴)

1790 4459 1847 4510 et
1896 4457 1939 4510 L
1958 4456 1977 4509 i
1993 4477 2020 4511 c
2038 4456 2059 4509 i
2074 4475 2112 4509 n
2129 4457 2150 4510 i
2167 4473 2201 4509 a
2217 4473 2256 4508 n
2273 4473 2311 4509 ιι
2329 4473 2354 4508 s
2405 4450 2798 4525 (Lucinianus)
2845 4453 3073 4508 Cartha-

448 4520 613 4578 vione
641 4523 986 4593 deperirent,
1031 4528 1098 4579 ut
1135 4529 1271 4596 apto
1314 4529 1565 4596 tempore
1592 4526 1733 4579 haec
1788 4527 1942 4597 ginis
1969 4526 2293 4599 spartariae
2321 4526 2724 4598 (Carthagena)
2753 4526 3074 4596 episcopus,

447 4591 642 4648 eadem
669 4594 815 4647 mihi
858 4595 1097 4650 inferret
1136 4601 1194 4652 et
1233 4597 1592 4651 emendatius
1618 4597 1731 4651 dic·
1789 4599 1892 4667 qui
1920 4599 2192 4654 occubuit
2230 4598 2335 4653 GP.
2377 4615 2595 4653 veneno
2633 4600 2721 4670 (ut
2747 4600 2958 4666 ferunt)
2986 4613 3074 4650 ex-

446 4664 725 4744 tarentur.
751 4665 907 4731 Quae
936 4684 1065 4721 cum
1094 4668 1241 4722 mihi
1267 4667 1512 4739 legisset,
1534 4669 1733 4722 inveni
1789 4670 2032 4726 stinctus
2057 4669 2398 4736 abraemulis
2425 4675 2472 4742 (ἢ
2498 4670 2640 4738 602),
2668 4672 2734 4723 ut
2758 4670 2931 4724 refert
2961 4667 3075 4721 Isi-

446 4733 730 4790 dictorum
758 4753 1014 4792 meorum
1031 4756 1259 4794 sensum
1278 4739 1439 4793 valde
1468 4739 1731 4794 inutilius
1788 4742 1824 4795 d
1843 4760 1875 4796 o
1892 4760 1920 4794 r
1937 4761 1974 4796 u
1992 4761 2018 4796 s
2045 4742 2194 4812 hisp„
2221 4742 2290 4795 de
2317 4740 2422 4796 vir.
2449 4742 2533 4796 ill.
2559 4759 2606 4795 c.
2626 4750 2712 4806 42,
2739 4741 2841 4810 qui
2866 4740 2919 4794 ei
2937 4742 3075 4794 mul·

450 4804 621 4860 fuisse
648 4812 1091 4879 permutatum“.

1788 4815 1874 4866 tas
1901 4813 2109 4868 tribuit
2133 4817 2391 4882 epistolas,
2418 4830 2487 4868 ex
2514 4814 2726 4882 quibus
2747 4817 2860 4868 tres
2878 4813 3075 4882 legun-
