3505 5161
1497 256 1891 328 Berengarius.

392 272 553 326 1049
2834 277 3000 330 1050

374 443 717 519 juramento
762 442 1094 517 promisit.‘
1159 443 1386 502 Exinde
1425 446 1660 502 contro·
1715 444 1908 502 factus
1958 447 2050 502 est
2098 443 2162 502 in
2213 444 2336 502 vita
2381 447 2442 503 et
2486 447 2624 520 post
2668 446 2920 503 mortem
2967 465 3000 504 a

378 530 571 591 versia
589 531 940 607 aliquandiu
959 532 1323 607 conquievit,
1355 532 1537 592 rediit
1566 537 1659 591 ta·
1714 531 1992 609 pluribus
2007 534 2154 591 viris
2166 533 2468 592 catholicis
2480 534 2554 592 ob
2566 533 2857 609 quandam
2869 553 3004 611 pro-

381 640 519 681 men
565 640 687 679 non
734 619 843 679 diu
888 624 1095 697 postea
1138 621 1534 699 Berengarius
1584 621 1658 680 ad
1716 621 1924 680 bitatis
1943 622 2302 699 pietatisque
2323 622 2576 698 speciem
2591 618 2671 699 ¹):
2704 641 2912 681 verum
2939 626 3002 683 et

381 710 671 770 haeresim
703 728 883 773 suam.
922 711 969 769 E
1001 710 1250 769 consilio
1271 710 1661 770 Hildebrandi
1716 712 1850 787 ejus
1882 711 2007 770 vita
2038 710 2304 771 ostendit
2334 730 2469 770 eum
2511 711 2699 771 fuisse
2730 711 2878 771 mire
2906 713 3003 772 in-

380 800 628 859 Romam
672 800 838 858 venit
881 819 932 862 a.
964 810 1126 863 1059
1174 803 1354 876 atque
1385 799 1664 858 interfuit
1717 803 2107 873 constantem,
2151 819 2287 859 cum
2318 800 2496 859 toties
2528 801 2774 859 redierit
2804 801 2878 859 ad
2909 820 3000 859 er-

380 908 629 965 magnae
661 889 885 965 synodo
917 889 1295 963 lateranensi,
1340 908 1476 948 cum
1521 907 1662 948 vero
1716 907 1894 960 roreS,
1928 909 2079 966 quos
2108 889 2453 950 solemniter
2471 889 2865 966 abjuraverat,
2900 890 3004 949 de-

382 997 558 1037 suum
578 996 832 1037 errorem
854 978 1106 1053 probare
1124 997 1244 1037 non
1272 981 1491 1054 posset,
1525 997 1661 1036 eum
1718 978 1837 1037 fuit
1869 979 1923 1037 ei
1957 985 2018 1039 et
2049 979 2357 1049 veracitas,
2408 978 2606 1038 utitur
2635 979 2872 1039 miseris
2905 997 3003 1037 so-

381 1066 681 1143 abjuravit
710 1067 1147 1144 formulamque
1179 1068 1316 1126 fidei
1347 1068 1421 1126 ab
1457 1067 1660 1126 Hilde-
1719 1067 2135 1144 phismatibu3‚
2171 1069 2234 1127 in
2266 1068 2567 1144 loquendo
2598 1072 2659 1127 et
2690 1068 3005 1128 scribendo

381 1156 605 1214 brando
626 1156 1036 1215 concinnatam
1047 1157 1440 1233 jurejurando
1462 1156 1659 1214 firma·
1717 1157 1835 1216 fuit
1865 1156 2269 1237 maledicus2).
2334 1157 2417 1217 De
2465 1160 2595 1234 ejus
2642 1158 2880 1234 scriptis
2915 1157 3006 1216 ita

382 1246 487 1304 vit.

554 1244 709 1314 ,Sed
742 1245 1133 1322 Beringirius,
1181 1247 1259 1304 ib.
1306 1266 1364 1306 11.
1400 1256 1455 1315 6,
1505 1264 1662 1305 more
1717 1250 1917 1305 censet
1949 1247 2415 1324 Sigebertus
2459 1247 2888 1324 gemblacensis
2928 1245 3005 1305 de

383 1353 490 1393 suo
533 1334 604 1392 ad
650 1334 960 1412 proprium
993 1335 1285 1395 vomitum
1316 1335 1510 1394 redire
1543 1354 1663 1393 non
1718 1336 1922 1412 script.
1967 1337 2103 1395 eccl.
2150 1354 2198 1396 c.
2251 1345 2402 1399 154:
2455 1334 2650 1405 ,Quia
2698 1336 2877 1395 multi
2927 1335 3000 1393 ad

382 1422 602 1493 timuit,
636 1427 698 1482 et
728 1424 892 1482 ultra
921 1443 1123 1483 omnes
1157 1424 1483 1484 haereticos
1513 1443 1659 1484 rom.

382 1511 689 1588 pontifices
720 1516 783 1572 et
802 1531 846 1571 s.
867 1532 1168 1572 romanam
1189 1513 1511 1572 Ecclesiam
1531 1532 1662 1572 ver-

383 1603 475 1661 bis
508 1605 570 1660 et
601 1601 840 1678 scriptis
872 1602 1280 1679 blasphemare
1311 1620 1660 1678 praesump-

384 1691 465 1751 sit
494 1735 509 1750 .
542 1736 556 1750 .
589 1736 602 1751 .
638 1686 749 1772 (et)
779 1692 1064 1751 haeresim
1086 1710 1256 1751 suam
1277 1735 1290 1749 .
1311 1736 1325 1749 .
1346 1735 1361 1749 .
1393 1690 1661 1751 clanculo

382 1800 489 1857 per
527 1780 850 1857 discipulos
880 1799 1020 1840 suos
1069 1799 1495 1857 usquequaque
1543 1799 1664 1839 non

383 1870 638 1930 cessavit
686 1869 1126 1929 disseminare.¹
1212 1868 1339 1939 Quo
1388 1888 1509 1928 non
1558 1871 1660 1928 ob-

384 1962 576 2019 stante
625 1958 960 2018 Alexander
990 1959 1049 2016 11
1095 1962 1157 2017 et
1202 1959 1521 2035 Gregorius
1552 1959 1664 2017 VlI

387 2049 769 2124 indulgenter
799 2048 1118 2106 admodum
1163 2066 1301 2106 eum
1331 2051 1665 2107 tractarunt

390 2141 450 2195 et
493 2157 527 2196 a
567 2136 981 2196 vexationibus
1029 2139 1173 2195 sunt
1203 2136 1404 2199 tutati.
1469 2137 1662 2196 Variis

390 2230 582 2286 tamen
613 2227 678 2285 in
698 2225 922 2285 Galliae
962 2226 1207 2301 synodis
1239 2225 1461 2284 iterum
1495 2226 1659 2285 dam·

386 2315 512 2374 nati
550 2319 696 2374 sunt
740 2316 870 2391 ejus
917 2332 1159 2385 errore8‚
1206 2316 1553 2391 praesertim
1600 2315 1664 2373 in

384 2405 609 2481 synodo
659 2403 1012 2480 pictaviensi
1063 2423 1112 2467 a.
1169 2414 1357 2474 1075,
1421 2404 1527 2464 ubi
1587 2405 1663 2464 ob

382 2495 638 2553 abusum
686 2494 1059 2553 auctoritatis
1118 2511 1163 2555 s,
1214 2492 1424 2552 Hilarii
1473 2494 1660 2571 picta-

380 2584 606 2643 viensis
639 2584 845 2643 mortis
878 2584 1208 2659 periculum
1241 2583 1512 2646 incurrit.
1551 2584 1663 2643 Ro-

379 2692 539 2731 mam
572 2676 814 2731 vocatus
848 2692 899 2735 a.
940 2682 1103 2736 1078
1152 2676 1214 2732 et
1245 2672 1419 2732 initio
1450 2693 1484 2731 a
1518 2674 1660 2732 Gre-

382 2760 548 2839 gorio
569 2760 694 2822 VII.
714 2761 1237 2837 indulgentissime
1268 2761 1342 2821 ob
1374 2780 1512 2821 suas
1533 2762 1662 2837 opi-

380 2850 591 2909 niones
643 2854 735 2909 est
773 2850 1097 2925 judicatus,
1149 2850 1343 2910 dictus
1386 2870 1662 2910 romanae

382 2938 680 2998 Ecclesiae
701 2939 879 3009 filius,
913 2939 1055 2998 adeo
1085 2942 1156 2999 ut
1188 2941 1283 2999 vel
1313 2940 1440 3015 ipse
1461 2941 1660 3016 ponti-

382 3029 474 3087 fex
508 3029 906 3104 suspicionem
938 3029 1104 3088 dubii
1137 3029 1289 3088 circa
1319 3029 1532 3106 dogma
1568 3047 1660 3088 ca-

384 3118 668 3177 tholicum
701 3119 772 3177 de
803 3117 951 3177 reali
967 3119 1228 3194 corporis
1261 3122 1321 3177 et
1352 3118 1661 3195 sanguinis

386 3206 440 3265 J.
494 3206 712 3266 Christi
773 3207 836 3265 in
898 3208 1253 3266 eucharistia
1312 3207 1660 3277 incurreret,

386 3298 585 3369 postea
633 3300 834 3355 tamen
882 3301 1120 3355 coactus
1183 3300 1273 3355 est
1323 3296 1387 3355 in
1437 3297 1662 3373 synodo

396 3394 553 3448 1079
599 3386 773 3444 fidem
821 3386 1085 3461 profiteri
1117 3385 1482 3444 catholicam.
1549 3386 1659 3444 Re·

387 3473 502 3531 dux
548 3474 611 3533 in
643 3474 895 3533 Galliam
942 3494 1049 3548 pro
1093 3474 1493 3533 inconstantia
1554 3493 1663 3533 sua

384 3563 453 3620 ad
487 3563 812 3638 pristinum
843 3563 1021 3622 rediit
1051 3582 1325 3625 errorem.
1373 3564 1534 3622 Vixit
1564 3582 1661 3622 ex-

382 3652 520 3711 inde
564 3652 839 3712 eremitae
885 3653 1077 3711 instar
1120 3653 1493 3728 decessitque
1540 3652 1662 3710 sere

380 3741 817 3818 nonagenarius
874 3752 1061 3804 5-6,
1094 3742 1226 3799 Jan.
1268 3751 1466 3805 1088:
1516 3761 1659 3799 num

382 3831 606 3889 sincere
626 3831 967 3900 catholicus,
986 3833 1077 3888 est
1097 3831 1348 3889 dubium
1362 3827 1427 3912 ¹).
1462 3830 1660 3907 Magni

462 4035 910 4105 ¹)Controversia
929 4034 1127 4103 aliqua
1144 4036 1276 4098 fuit,
1294 4035 1436 4103 quid
1458 4035 1662 4089 Beren-

422 4040 577 4162 ar)ius
603 4107 833 4177 proprie
856 4108 1153 4175 negaverit
1173 4108 1261 4161 vel
1283 4108 1552 4176 opinatus
1570 4108 1660 4160 sit.

382 4128 512 4233 ἔξ1011
552 4177 762 4231 desunt
801 4178 903 4246 qui
943 4179 1369 4242 contenderent,
1410 4195 1540 4232 eum
1567 4178 1662 4232 ad-

1718 1444 1856 1484 eum
1887 1427 1984 1485 vel
2017 1429 2220 1484 contra
2251 1444 2390 1484 eum
2422 1444 2606 1501 super
2639 1426 2745 1484 hac
2788 1444 2851 1484 re
2902 1420 3006 1507 (de

1718 1509 2124 1596 Eucharistia)
2190 1515 2573 1591 scripserunt,
2643 1514 2880 1590 scripsit
2941 1516 3005 1573 et

1718 1603 1846 1680 ipse
1877 1605 1950 1662 ad
1983 1604 2078 1663 vel
2111 1607 2316 1662 contra
2347 1621 2465 1673 eos,
2513 1606 2573 1662 et
2610 1604 2754 1662 dum
2786 1603 3004 1661 dialec-

1718 1692 1854 1751 ticis
1901 1692 2371 1768 sophismatibus
2420 1696 2623 1753 contra
2655 1692 3004 1768 simplicita-

1719 1785 1839 1840 tem
1882 1782 2241 1858 apostolicae
2269 1782 2405 1840 fidei
2438 1781 2729 1852 abutitur,
2782 1800 2890 1841 nec
2938 1799 3000 1839 se

1717 1889 2012 1941 excusare,
2059 1890 2166 1930 nec
2206 1872 2356 1930 alios
2387 1870 2694 1930 aedificare
2725 1870 2997 1931 videtur:

1718 1959 1861 2035 quia
1891 1958 2078 2037 magis
2109 1960 2433 2036 interpolat
2463 1961 2636 2031 clara,
2684 1979 2864 2035 quam
2910 1960 3003 2019 di-

1718 2048 1944 2108 lucidat
1961 2049 2266 2109 obscura.‘
2291 2050 2438 2127 EJus
2459 2049 2677 2125 scripta
2695 2049 2999 2125 reperiun-

1716 2141 1822 2197 tur
1853 2139 2010 2197 inter
2040 2138 2463 2198 Abaelardi
2495 2157 2686 2214 opera.

1814 2326 1959 2380 587.
1977 2317 2154 2376 Multi
2174 2317 2435 2387 fuerunt,
2460 2317 2564 2391 qui
2591 2316 3006 2393 impugnarint

1719 2405 2071 2483 Berengarii
2090 2424 2317 2465 errores
2345 2410 2526 2482 atque
2565 2406 3002 2483 propugnarint

1718 2495 1934 2571 dogma
1983 2494 2342 2554 catholicum
2375 2495 2446 2553 de
2479 2495 2853 2558 eucharistia.
2916 2496 3004 2553 De

1719 2584 2041 2662 Hugone
2073 2585 2410 2644 licolniensi
2429 2588 2491 2643 et
2521 2585 2591 2644 de
2623 2585 3003 2643 Alleman-

1717 2693 1809 2733 no
1833 2674 1957 2749 jam
1989 2674 2220 2750 egimus
2255 2669 2337 2755 (p.
2371 2668 2622 2755 995sss.);
2659 2672 2801 2732 item
2835 2678 2896 2732 et
2926 2675 3001 2732 de

1720 2765 1766 2821 B
1784 2782 1815 2822 6
1832 2782 1861 2820 1·
1875 2782 1916 2821 11
1932 2763 2054 2820 old
2074 2782 2107 2821 o
2155 2763 2598 2822 constantiensi.
2648 2795 2729 2804 —
2779 2765 2826 2820 A
2845 2780 2873 2821 s
2890 2781 2921 2821 c
2936 2782 2997 2822 e·

1718 2853 1737 2910 l
1755 2853 1774 2910 i
1792 2872 1831 2910 n
1847 2872 1889 2910 11
1906 2870 1933 2910 6
1953 2851 2355 2927 pictaviensis,
2369 2852 2694 2910 monachus
2707 2851 2772 2914 Ο.
2787 2852 2842 2909 S.
2855 2852 3000 2909 Ben.

1717 2940 1986 3000 coenobii
2049 2940 2342 3000 beccensis
2392 2941 2739 3017 praecipuas
2791 2940 3001 3000 habuit

1719 3033 1915 3106 partes
1965 3029 2027 3087 in
2077 3029 2486 3106 disputatione
2537 3032 2598 3087 et
2648 3029 2895 3088 victoria
2926 3029 3001 3088 de

1718 3251 1837 3304 und
1866 3251 1985 3304 sein
2012 3251 2272 3316 XVirkem
2299 3252 2582 3307 Mflnchen
2618 3257 2767 3309 1891.
2820 3253 2901 3306 Cf.
2929 3252 3002 3305 de

1718 3322 2062 3393 Berengario
2103 3325 2397 3393 praeterea
2424 3324 2468 3376 B
2486 3341 2511 3376 r
2526 3323 2544 3377 i
2563 3343 2587 3376 s
2604 3341 2632 3377 c
2649 3324 2687 3377 h
2704 3341 2737 3376 a
2754 3342 2782 3376 r
2807 3324 2919 3376 ΚΒ.
2948 3330 3000 3378 2.

1718 3400 2031 3452 391-404;
2060 3394 2151 3447 Fa
2170 3395 2463 3449 bricius
2489 3395 2531 3458 Ι,
2566 3402 2692 3453 196ς
2739 3395 2883 3449 Hist.
2910 3395 2998 3449 lit.

1725 3465 2074 3530 v111‚197-
2097 3472 2233 3526 238:
2298 3466 2513 3520 Wern
2531 3484 2604 3520 er
2655 3467 2894 3521 Gerbert
2943 3484 2997 3535 p.

1724 3544 1824 3594 168
1869 3554 1966 3590 ss.·
1957 3581 1968 3599 ‚
2020 3537 2055 3590 S
2074 3556 2110 3590 11
2128 3537 2163 3590 d
2181 3554 2209 3590 6
2229 3557 2266 3590 11
2283 3539 2319 3591 (1
2337 3556 2368 3592 0
2386 3556 2412 3590 1·
2428 3539 2457 3591 f
2494 3537 2875 3608 Berengarius
2919 3538 3003 3603 T„

1718 3609 1845 3662 eine
1872 3608 2206 3678 Sammlung
2245 3609 2351 3662 ihu
2391 3608 2768 3664 betreffender
2795 3608 3000 3665 Briefe.

1720 3680 2017 3749 Hamburg
2049 3685 2200 3735 1850.

1795 3754 1833 3822 ¹)
1861 3751 2196 3819 Speciminis
2224 3751 2412 3821 gratia
2437 3751 2562 3822 lege
2590 3752 2782 3807 literas
2811 3751 2850 3803 F
2869 3769 2941 3806 ro
2961 3752 3001 3804 l-

1717 3825 1786 3878 la
1802 3841 1838 3875 n
1857 3822 1930 3875 di
1981 3822 2234 3892 episcopi
2285 3823 2716 3877 silvanectensis
2768 3826 2998 3890 (1043--

1718 3911 1762 3948 6.
1833 3896 2005 3963 1071),
2069 3911 2211 3962 quas
2273 3895 2580 3949 ediderunt
2639 3894 2757 3947 D'A
2773 3912 2801 3948 c
2819 3894 2856 3945 h
2875 3910 2903 3946 e
2921 3912 2947 3946 r
2961 3912 2999 3961 y

1718 3964 1913 4035 Spicil.
1942 3966 2008 4028 ΙΙ,
2039 3972 2171 4024 507:
2198 3967 2241 4020 O
2260 3984 2298 4018 u
2315 3966 2388 4018 di
2407 3984 2444 4018 11
2473 3966 2543 4019 (16
2561 3966 2751 4035 script.
2771 3967 2904 4019 eccl.
2931 3966 3000 4029 11,

1718 4042 1785 4092 6·.
1769 4041 1823 4088 ’9
1851 4053 1893 4088 6.

1793 4111 1833 4176 ⁵)
1863 4106 2010 4160 Hinc
2036 4105 2109 4157 W
2127 4106 2218 4159 ill
2245 4106 2348 4161 Die
2365 4107 2632 4176 Anffinge
2651 4108 2749 4160 der
2766 4106 2970 4160 Restau
2983 4138 2997 4146 -

1716 4179 1908 4232 ration
1929 4178 2028 4232 der
2048 4177 2255 4232 Kirche
2277 4183 2356 4233 im
2387 4188 2463 4234 11.
2484 4178 2513 4230 J
2521 4179 2702 4242 ahrh„
2727 4177 3000 4247 Marburg

382 4251 600 4305 misisse
629 4251 835 4303 realem
866 4250 1261 4318 praesentiam
1304 4251 1398 4303 sed
1428 4266 1661 4318 negasse
1725 4256 1856 4306 1859
1880 4259 1924 4314 1,
1943 4254 2011 4306 73
2027 4249 2095 4303 (16
2113 4266 2177 4304 60
2195 4250 2396 4305 scribit
2414 4272 2423 4303 :
2441 4250 2752 4319 Berengars
2764 4249 2997 4301 Leiden-

382 4321 1052 4376 transubstantiationem
1092 4322 1336 4389 ideoque
1378 4321 1553 4374 fuisse
1580 4321 1660 4374 lu·
1717 4322 2131 4390 schaftgegen
2179 4320 2374 4375 Concil
2421 4322 2539 4374 und
2567 4321 2758 4390 Papst‚
2786 4321 2998 4374 welche

382 4393 609 4447 therani
659 4393 862 4447 erroris
927 4409 1365 4463 praecursorem.
1431 4392 1660 4447 Certum
1716 4392 1838 4447 sich
1880 4393 1966 4447 oft
2009 4392 2069 4445 in
2099 4393 2557 4463 Schmahungem
2586 4392 2997 4446 Scheltworten

381 4470 569 4519 tamen
597 4467 698 4528 est,
726 4481 856 4518 611111
882 4464 1091 4518 16116111
1133 4481 1364 4531 negasse
1407 4481 1660 4532 praesen·
1717 4464 1837 4517 und
1864 4463 2134 4517 trivialen
2157 4464 2843 4533 Namensverdrehungen
2861 4463 3002 4515 Luft

382 4536 540 4601 tiam,
553 4536 840 4592 utinvicte
853 4535 1441 4590 ostendittestimonio
1457 4552 1659 4603 aequa·
1716 4536 1926 4598 macht
1941 4535 2072 4588 liess
2089 4535 2190 4588 11111
2209 4535 2996 4604 gewissoftSchattensehen,

380 4608 910 4677 liumetexejusop.
939 4610 1000 4660 cle
1024 4626 1180 4660 sacia
1206 4626 1364 4660 coena
1390 4606 1660 4660 adversus
1717 4624 1803 4660 wo
1832 4606 1997 4659 Licht
2039 4606 2282 4674 glanzte.
2328 4608 2446 4660 und
2493 4606 2736 4661 benahm
2781 4606 2998 4658 seinem

380 4679 817 4734 Lanfrancuml.
835 4677 1112 4748 posterior
1128 4680 1211 4731 ed.
1233 4678 1291 4730 11.
1309 4677 1411 4730 Th.
1427 4677 1661 4733 Vischer
1716 4678 1983 4748 Augedie
1999 4676 2318 4746 Fahigkeit,
2337 4678 2427 4732 die
2443 4677 3000 4746 Farbendes'l'ruges

380 4698 1660 4832 ’Β610111111834(6(1.111611(1066,)8611611661·
1716 4765 1828 4803 von
1892 4749 2075 4802 denen
2139 4749 2238 4802 der
2301 4749 2605 4804 Wahrheit
2674 4767 2742 4802 zu
2806 4751 2997 4802 unter-

381 4821 440 4875 in
470 4841 561 4892 op.
589 4822 878 4892 Berengar
923 4838 1033 4874 von
1061 4821 1259 4885 ’11)6111,
1305 4819 1426 4873 sein
1471 4820 1659 4873 Leben
1716 4820 2000 4874 scheiden.
