3505 5161
402 229 557 284 1081

394 398 488 456 sui
522 398 854 457 fundatoris
892 393 954 477 (†
996 393 1186 476 1073)
1220 398 1399 457 habes
1446 399 1509 456 in
1541 401 1671 457 Act.

774 210 938 275 Nizo,
967 210 1342 274 Ekkebertus,
1372 210 1747 276 Raimiindus,
1776 213 2095 281 Nil-goldus,
2124 212 2491 267 Grimoaldus
2518 215 2622 266 eto.

2851 231 3013 285 1052

1823 407 1970 462 608.
2001 398 2539 457 Praetermittimus
2578 398 3013 474 Stephanum

395 488 490 546 SS.
543 496 636 550 12.
678 487 799 550 Jul.
834 486 938 557 ΙΙΙ,
989 496 1369 557 343-365;
1419 488 1672 564 Migne
1731 488 1797 547 Ο.
1830 488 1885 546 S.
1918 487 2061 546 Ben.
2107 488 2379 547 abbatem
2420 506 2465 546 s.
2501 487 2718 547 Urbani
2751 487 2814 547 in
2845 487 3014 546 Jovis

394 575 634 646 CXLVI,
684 585 1048 639 765—790.

1729 577 1876 636 villa
1895 571 1958 656 (†
1992 573 2197 657 1079),
2232 577 2303 635 de
2336 595 2455 652 quo
2484 577 2552 641 cf.
2574 577 2725 635 Hist.
2748 576 2834 635 lit.
2859 577 3013 645 VIII,

1658 680 1664 685 ’
1733 676 2027 736 61—643
2093 666 2493 724 Ursionem
2552 667 2825 724 abbatem
2877 666 3017 724 alti·

485 765 629 819 607.
679 755 867 813 Vitam
915 774 960 813 s.
1011 755 1222 814 Basini
1266 755 1519 830 archiep.
1551 759 1672 813 tre·
1729 758 2101 815 montensem
2140 756 2202 814 in
2236 755 2548 814 Hannonia
2581 751 2640 834 (†
2682 750 2891 834 1079),
2941 755 3015 812 de

393 844 643 903 virensis
687 849 924 903 auctore
957 844 1011 902 N
1030 843 1248 903 izone
1292 845 1505 904 abbate
1553 863 1673 902 me·
1731 864 1848 920 quo
1902 845 1970 908 cf.
2023 845 2103 903 ib.
2153 865 2208 920 p.
2262 855 2360 907 75.
2403 879 2492 888 —
2539 843 3015 919 Riquardum

394 933 712 992 diolacensi
745 932 1021 1010 (Metlach
1066 937 1461 1009 1066-1077)
1492 934 1673 992 habes
1732 934 2080 992 canonicum
2128 954 2173 992 s.
2220 933 2536 993 Donatiani
2578 932 2897 1010 brugensis
2931 932 3014 1009 (fl.

393 1022 456 1080 in
515 1025 643 1085 Act.
705 1022 800 1084 SS.
862 1032 919 1084 4.
966 1023 1133 1082 Mart.
1193 1024 1237 1092 Ι,
1305 1032 1673 1086 315—320.
1741 1018 1953 1104 1085).
1988 1057 2074 1067 -
2115 1023 2610 1082 Hebretmum
2657 1018 3012 1103 (Hebrel-

393 1112 545 1170 Huic
591 1112 735 1169 olim
778 1112 1009 1170 tributa
1066 1112 1249 1170 etiam
1298 1112 1414 1170 fuit
1464 1115 1578 1171 vita
1629 1132 1674 1171 8.
1732 1109 1919 1192 mus)
1954 1113 2017 1175 0.
2041 1112 2094 1175 S.
2119 1114 2260 1171 Ben.
2287 1113 2639 1171 monachum
2674 1111 3013 1170 cluniacen-

396 1202 676 1260 Liutwini
695 1198 1396 1283 (Ludwini,Leodowini)
1421 1201 1671 1276 archiep.
1732 1219 1879 1276 sem,
1933 1202 2283 1277 scriptorem
2331 1221 2439 1261 suo
2485 1219 2627 1259 aevo
2675 1201 2819 1259 satis
2862 1200 3015 1276 poli-

393 1290 738 1349 trevirensis
775 1288 836 1371 (†
871 1289 1039 1365 713),
1083 1310 1234 1366 quae
1272 1294 1474 1349 tamen
1510 1291 1673 1349 vide·
1730 1294 1881 1360 tum,
1929 1291 1990 1348 in
2038 1290 2384 1366 Hispaniam
2427 1309 2562 1349 cum
2596 1288 2729 1347 aliis
2762 1290 3017 1348 missum

393 1386 494 1438 tui·
525 1398 649 1438 esse
691 1380 933 1437 Theos
941 1379 1096 1437 ridi
1141 1382 1581 1455 epternacensis
1616 1376 1676 1457 (†
1731 1378 1805 1437 ad
1822 1379 2261 1438 restaurandam
2276 1379 3016 1454 disciplinamecclesiasti·

404 1480 586 1540 1110,
627 1468 699 1526 de
741 1487 860 1543 quo
900 1468 970 1526 cf.
1009 1468 1304 1527 Nomencl.
1337 1469 1432 1531 IV.
1469 1479 1547 1530 45
1584 1468 1673 1528 ed.
1732 1486 1858 1526 carn
1894 1465 1975 1547 (fl.
2008 1464 2216 1549 1084),
2250 1469 2461 1543 dequo
2483 1467 2553 1529 cf.
2576 1468 2730 1525 Hist.
2751 1467 2836 1525 lit.
2858 1466 3011 1536 vni,

395 1553 668 1638 p1·ioris):
719 1561 975 1631 utraque
1023 1562 1222 1615 tamen
1272 1563 1431 1615 caret
1481 1558 1675 1633 pretio
1740 1567 2210 1621 150—153.—-
2241 1557 2279 1615 J
2294 1556 2673 1617 ocundum
2707 1557 3013 1632 presbyte-

395 1646 689 1706 historico.
721 1677 809 1690 --
871 1646 990 1703 Vita
1037 1665 1082 1704 s,
1119 1645 1464 1705 Haimeradi
1510 1664 1673 1721 pres·
1731 1665 1884 1715 rum,
1934 1648 2176 1706 natione
2222 1647 2374 1705 forte
2408 1647 2642 1704 Gallum
2676 1642 2756 1725 (fl.
2799 1645 3013 1721 1088),

394 1734 586 1812 byteri
642 1738 700 1793 et
752 1734 1106 1793 confessoris
1162 1736 1558 1812 hasuugensis
1612 1731 1675 1816 (†
1731 1736 1906 1810 cujus
1923 1731 1968 1816 ¹)
2016 1737 2322 1795 translatio
2365 1744 2415 1794 et
2458 1736 2741 1793 miracula
2786 1754 2831 1793 s.
2874 1736 3012 1792 Ser-

406 1821 596 1906 1019)
632 1825 704 1883 ab
745 1823 1183 1883 Ekkeberto
1219 1819 1512 1905 (Ecberto‚
1560 1825 1675 1901 Eg·
1733 1826 1872 1882 vatii
1931 1844 2020 1902 ep.
2067 1826 2416 1902 tungrensis
2466 1819 2714 1905 (fabulis
2760 1823 3013 1901 repleta)

394 1910 589 1994 berto)
624 1913 906 1971 monacho
939 1912 1330 1972 hersfeldensi
1364 1914 1429 1974 Ο.
1455 1913 1510 1972 S.
1534 1914 1674 1972 Ben.
1732 1913 1965 1990 integra
1996 1916 2256 1989 primum
2285 1914 2511 1989 prodiit
2555 1932 2675 1971 cur.
2709 1912 3019 1987 Koepke

394 1999 469 2085 (o.
514 2022 565 2066 a.
621 1999 813 2083 1080)
861 2002 999 2061 stilo
1052 2002 1295 2079 turgido
1343 2003 1679 2078 conscripta
1733 2004 1795 2061 in
1828 2003 2221 2073 MG.SS.X11,
2264 2012 2600 2072 87-—1263
2633 2001 2687 2060 ei
2717 2001 3017 2059 tribuitur

394 2094 585 2150 exstat
631 2092 690 2150 in
736 2092 864 2154 Act.
904 2092 1003 2154 88.
1037 2100 1137 2154 28.
1169 2091 1309 2155 Jun.
1348 2092 1408 2163 V,
1459 2093 1675 2155 3864-
1732 2092 1911 2151 etiam
1942 2096 2058 2151 vita
2089 2112 2133 2151 ε.
2170 2093 2473 2171 Monulphi
2512 2111 2603 2168 ep.
2638 2091 3017 2164 trajectensis

399 2192 555 2251 3953
603 2182 666 2240 in
711 2181 837 2238 MG.
887 2180 983 2238 SS.
1031 2180 1096 2251 X,
1160 2190 1502 2244 598--607
1555 2201 1675 2242 cur.
1733 2179 3013 2263 (†0.580)inAct.SS.16.Jul.1v,15s.—-

394 2271 717 2346 Koepke.
780 2303 865 2312 —
946 2269 1138 2328 Vitam
1209 2270 1401 2329 Pontii
1465 2270 1555 2332 ab.
1633 2289 1676 2328 s,
1733 2270 1771 2328 J
1787 2289 2102 2329 oannem
2167 2270 2645 2329 archidiaconum
2704 2268 3011 2327 barensem

396 2361 663 2418 Andreae
718 2377 900 2434 propo
956 2359 1314 2418 Avenionem
1365 2357 1427 2437 (†
1480 2356 1674 2437 1087)
1736 2357 1819 2435 (fl.
1849 2354 2062 2439 1087),
2096 2360 2167 2418 de
2188 2378 2307 2435 quo
2327 2360 2396 2418 ef.
2424 2358 2835 2418 Fabricius
2866 2358 3015 2415 bibl.

395 2449 642 2523 reliquit
688 2448 1159 2507 Raimundus
1207 2443 1674 2529 (Ramnulphus)
1733 2449 1834 2506 lat.
1867 2448 2019 2507 med.
2053 2451 2163 2512 act.
2196 2448 2270 2517 ΙΙ,
2324 2458 2468 2512 340.
2501 2482 2589 2492 -
2621 2446 3011 2506 Christia-

395 2538 717 2598 monachus
751 2537 815 2599 Ο.
849 2536 904 2600 8.
937 2537 1079 2598 Ben.
1112 2537 1210 2609 ib..
1251 2539 1380 2614 ejus
1413 2538 1676 2613 aequalis
1732 2556 1905 2596 num
1953 2538 2146 2598 Silvae
2191 2538 2428 2614 Majoris
2474 2532 3018 2620 (Sauve-Majeure)

396 2648 463 2686 ex
495 2626 888 2686 relationibus
910 2627 1086 2697 Petri,
1121 2629 1311 2686 sancti
1344 2628 1524 2703 hujus
1557 2627 1677 2686 dis·
1732 2628 2091 2686 monachum
2124 2625 2205 2706 (fl.
2238 2626 2444 2702 1095).
2479 2628 2651 2703 eujus
2684 2629 2800 2684 vita
2832 2645 2878 2685 8.
2902 2625 3013 2683 Ge·

396 2717 578 2792 cipuli
611 2719 671 2775 et
710 2715 960 2786 comiti3‚
1008 2717 1162 2791 apud
1198 2716 1581 2775 Mabillon
1613 2716 1677 2774 in
1732 2714 1951 2797 raldi2)
1986 2716 2318 2776 fundatoris
2349 2717 2531 2791 hujus
2566 2715 2910 2774 monasterii
2954 2711 3019 2792 (†

396 2809 525 2868 Act.
573 2805 671 2864 88.
717 2805 814 2874 VI,
870 2814 928 2879 2,
985 2815 1352 2869 494—501.
1429 2806 1679 2881 Reliqua
1741 2805 1933 2881 1095)
1980 2805 2205 2882 legitur
2250 2806 2311 2864 in
2357 2807 2486 2863 Act.
2532 2804 2629 2866 88.
2682 2814 2735 2867 5.
2781 2806 2920 2880 Apr.
2968 2804 3017 2874 Ι,

397 2895 663 2970 ejusdem
696 2895 986 2970 opuscula
1017 2895 1407 2954 astronomica
1451 2898 1512 2953 et
1555 2895 1672 2970 epi·
1737 2903 2104 2956 423—430.
2128 2930 2215 2937 ——
2236 2895 2692 2952 Hermanum
2724 2893 3015 2952 archidia-

397 2988 587 3043 tomes
621 2986 887 3042 veterum
921 2984 1277 3058 scriptorum
1309 2984 1562 3042 aliorum
1606 2984 1678 3046 cf.
1733 3001 1948 3042 conum
1984 2979 2044 3064 (†
2065 3001 2109 3041 c.
2141 2980 2353 3063 1095),
2388 2983 2494 3057 qui
2524 2983 2740 3041 librum
2775 2982 3017 3058 collegit

398 3074 461 3131 in
495 3073 647 3130 Hist.
680 3072 770 3130 lit.
805 3071 956 3142 Vm,
1007 3081 1372 3135 477—481.
1420 3107 1500 3117 —
1532 3073 1676 3131 Na·
1732 3073 1801 3130 de
1852 3074 2155 3131 miraculis
2198 3092 2243 3133 ε.
2295 3072 2635 3131 Eadmuudi
2683 3072 3015 3147 Anglorum

397 3162 677 3238 goldus
701 3156 1051 3241 (Naglodus,
1076 3162 1287 3220 vitiose
1309 3160 1678 3239 Nalgendus)
1732 3162 2118 3220 orientalium
2163 3161 2320 3238 regis
2365 3163 2427 3219 et
2465 3162 2539 3219 M.
2575 3158 2637 3240 (†
2673 3156 2823 3239 870)
2857 3160 3015 3234 apud

399 3250 720 3309 monachus
741 3248 1130 3308 cluniacensis
1164 3254 1396 3327 praeter
1428 3253 1604 3309 vitam
1632 3270 1675 3309 8.
1735 3251 2243 3309 Liebermann
2304 3250 2499 3327 Anglo
2518 3247 3020 3308 -normannische

401 3340 632 3414 Odonis,
699 3358 877 3413 quam
940 3357 1118 3414 supra
1179 3339 1555 3398 laudavimus
1620 3360 1675 3415 p.
1734 3339 2327 3413 Geschichtsquellen
2388 3359 2444 3414 p.
2513 3346 2877 3401 231—-281,
2929 3368 3012 3377 --

403 3437 518 3491 881
560 3448 629 3498 a.‚
665 3427 985 3502 descripsit
1001 3429 1182 3486 etiam
1202 3431 1376 3487 vitam
1397 3448 1443 3487 s.
1470 3429 1678 3502 Majoli

399 3518 484 3577 ab.
519 3513 583 3598 (†
617 3513 789 3596 994),
837 3535 988 3591 quae
1035 3517 1257 3594 legitur
1302 3517 1366 3575 in
1410 3519 1542 3578 Act.
1579 3517 1675 3576 SS.

408 3618 501 3669 11.
535 3606 667 3681 Mai
705 3615 1071 3669 eas—668.
1106 3640 1189 3650 —
1238 3606 1367 3664 Vita
1399 3627 1442 3664 s.
1476 3607 1677 3664 Domi·
1733 3561 2134 3690 Ἀζζῗῖξᾷξῐ·
2181 3562 2767 3630 11t.V111‚341-344;
2808 3560 2850 3612 Ρ
2870 3563 3017 3614 Ott-

399 3697 516 3753 uici
560 3695 652 3753 ab.
698 3694 1001 3753 exiliensis
1050 3693 1111 3774 (†
1159 3692 1351 3772 1073)
1385 3695 1679 3753 tribuitur
1810 3708 1849 3776 a)
1878 3703 1931 3757 S⁸
1984 3704 2358 3758 (geraldus
2421 3703 2743 3775 (Gemrdusv
2795 3702 3019 3772 Girald)

402 3783 844 3842 Grimoaldo
891 3783 955 3847 Ο.
1003 3784 1058 3842 8.
1104 3786 1248 3843 Ben.
1295 3784 1675 3854 cluniacensi,
1734 3776 1796 3829 O.
1828 3776 1881 3828 S.
1909 3775 2046 3829 Ben.
2074 3776 2416 3844 corbejensis
2442 3775 2773 3837 monachus.
2801 3774 3014 3828 ibidem

399 3874 505 3949 qui
548 3872 684 3932 dein
732 3874 1156 3931 restaurandae
1189 3873 1537 3949 disciplinae
1586 3890 1677 3932 ec·
1733 3846 2080 3909 cellerariu8‚
2122 3846 2255 3899 dein
2296 3847 2472 3899 abbae
2513 3864 2553 3898 s,
2583 3845 2840 3898 Medardi
2868 3862 3017 3898 sues·

400 3961 764 4021 clesiasticae
796 3979 972 4020 causa
1001 3962 1222 4020 missus
1255 3965 1347 4020 est
1379 3962 1441 4020 in
1466 3962 1677 4038 Hispa·
1733 3917 2029 3980 sionensis,
2047 3919 2243 3986 1³08th
2260 3935 2302 3970 S·
2323 3916 3019 3999 Vincentiilajidunensis,

400 4051 561 4110 niam
602 4049 687 4129 (fl.
731 4045 946 4130 ¹073).
1011 4051 1259 4126 Scripsit
1304 4051 1445 4110 Stilo
1490 4051 1678 4110 latino
1733 3989 1964 4042 demum
1992 3989 2264 4042 fundator
2282 3988 2470 4042 Silvae
2497 4005 2725 4056 madoris
2752 4006 2812 4041 in
2843 3990 3017 4056 Aqui·

1733 4059 1894 4113 tauia
1944 4062 2003 4113 et
2050 4059 2227 4113 abbas
2285 4060 2454 4130 plane
2498 4058 2737 4113 illustris
2789 4059 3018 4112 brevius

403 4143 464 4198 et
509 4139 786 4216 eleganti.
849 4139 995 4214 Ejus
1041 4158 1279 4215 quoque
1326 4143 1420 4198 est
1457 4141 1675 4199 Trans-
1733 4130 1965 4200 scripsit
1991 4134 2161 4186 Vitam
2187 4151 2228 4185 8.
2246 4132 2655 4185 Adollam-diab.
2673 4130 3021 4199 corbeiensis

403 4229 543 4287 latio
573 4246 620 4286 s.
657 4228 866 4286 Felicis
895 4227 1114 4286 Nolani
1157 4228 1305 4286 conf.
1338 4233 1398 4287 et
1430 4229 1676 4306 presby·

1736 4202 1969 4257 innixus
1998 4201 2151 4256 vitae
2179 4219 2213 4256 a
2240 4202 2437 4255 Pasch.
2465 4201 2668 4254 Radb
2687 4219 2715 4254 e
2734 4205 2848 4253 rto
2891 4219 3018 4254 con-

1735 4273 2002 4328 cinnatae
2030 4277 2077 4343 (†
2104 4277 2247 4346 826),
2278 4290 2446 4341 quam
2478 4273 2652 4326 habes
2678 4273 2740 4325 in
2770 4274 2893 4325 Act.
2923 4272 3015 4326 88.

1737 4353 1786 4401 2.
1831 4345 1961 4401 Jan.
2011 4349 2392 4408 1‚117-123:
2443 4360 2477 4396 a
2521 4343 2599 4396 ud
2646 4342 3015 4397 Mabillon

2551 4415 2624 4484 ig
2642 4431 2724 4468 ne
2753 4413 3021 4477 CXLVII,

400 4318 513 4376 teri
545 4312 608 4398 (†
627 4337 683 4392 p.
704 4337 753 4374 a.
779 4312 952 4396 312),
987 4315 1051 4375 in
1082 4317 1247 4375 Actis
1281 4318 1374 4377 88.
1409 4319 1568 4376 Mab
1591 4318 1676 4376 il-

402 4406 601 4465 lonii
636 4406 726 4471 VI,
765 4415 819 4476 2,
858 4416 1225 4470 670—674.
1277 4406 1676 4466 Transtulisse

400 4495 591 4554 fertur
622 4513 669 4557 s,
700 4494 894 4553 Biblia
936 4495 996 4552 in
1042 4494 1311 4571 linguam
1344 4496 1678 4573 vulgarem:

403 4584 501 4642 sed
536 4583 687 4643 forte
718 4585 954 4642 tantum
987 4583 1304 4659 descripsit
1319 4581 1384 4666 ¹).

1735 4419 1861 4470 Act.
1881 4416 1970 4470 SS.
1996 4417 2091 4480 IV,
2117 4426 2163 4481 1,
2185 4419 2412 4473 345·371
2435 4437 2447 4475 ζ

1741 4492 2109 4544 1045-1078.
2162 4487 2243 4542 Cf.
2297 4488 2367 4540 de
2418 4503 2483 4541 eo
2536 4487 2680 4540 Hist.
2732 4485 2821 4538 lit.
2867 4486 3015 4550 VIII,

1735 4563 2034 4622 407-414,
2058 4558 2156 4612 ubi
2183 4559 2299 4612 alia
2321 4558 2572 4628 ejusdem
2594 4557 2805 4626 scripta
2831 4573 3019 4610 recen-

1735 4632 1949 4684 sentur.
1990 4633 2105 4685 Vita
2131 4650 2173 4684 s.
2205 4633 2439 4684 Romani
2476 4647 2563 4699 ep.
2602 4628 3019 4698 rotomagensis

1736 4707 1782 4772 (†
1811 4706 1933 4772 639)
1973 4701 2259 4770 reperitur
2302 4701 2362 4755 in
2405 4702 2528 4755 Act.
2571 4702 2660 4755 88.
2690 4706 2774 4755 23.
2802 4701 2921 4755 Oct.
2951 4700 3019 4762 X,

482 4777 517 4842 ι)
545 4772 627 4825 cf.
657 4771 804 4824 nist.
833 4770 916 4826 lit.
948 4771 1093 4838 v111,
1122 4778 1422 4828 446-448.
