3505 5161
390 284 426 339 g
437 286 506 339 31
1416 264 1460 315 Ο
1471 263 1544 318 do
1588 262 1986 318 cluniacensis.
2875 285 2909 338 3
2919 284 2954 339 8
2965 284 2999 336 2

388 453 778 529 splendorem,
812 455 883 511 ut
910 452 1132 510 factum
1155 451 1237 509 sit
1257 451 1666 527 congregatio·
1721 453 1878 511 Bibl.
1924 454 2036 517 ΡΡ.
2080 451 2245 528 lugd.
2291 451 2470 523 XVII,
2518 462 2879 517 272—213.
2921 487 3000 498 —

386 544 480 602 nis
512 542 905 603 cluniacensis
949 544 1222 600 centrum
1275 544 1336 599 et
1385 540 1665 598 reforma·
1721 543 1811 600 De
1840 544 1956 602 vita
1985 561 2033 600 ε.
2059 542 2308 601 Gen-aldi
2333 542 2739 601 auriliacensis
2769 542 3003 602 comitis

384 632 567 692 tionis
598 631 748 690 fone.
813 630 902 689 Ob
948 629 1193 689 virtutis
1225 631 1287 688 et
1318 629 1668 705 prudentiae
1724 626 1787 714 (†
1823 627 1978 713 909)
2013 631 2075 694 ll.
2107 632 2185 690 IV
2239 630 2380 689 stilo
2430 631 2688 707 simplici
2736 634 2798 690 et
2845 631 3004 691 claro

385 721 599 780 famam
631 720 830 798 magni
863 719 1055 777 factus
1075 719 1499 778 estaromanis
1521 736 1666 794 pon·
1722 720 2061 797 conscripti,
2114 720 2179 778 in
2227 720 2396 778 Actis
2449 721 2542 781 SS.
2597 731 2695 783 13.
2745 720 2871 781 Oct.
2907 719 3002 791 VI,

385 810 648 870 tificibus
718 814 780 869 et
829 808 1222 885 principibus,
1288 807 1425 866 hinc
1468 811 1561 867 ter
1606 808 1666 866 in
1727 819 2098 873 300—332.
2164 809 2361 885 Hujus
2407 809 2603 885 operis
2649 809 2870 886 duplex
2902 822 3003 867 ex-

385 900 639 977 negotiis
670 897 1082 957 ecclesiasticis
1120 897 1362 955 Romam
1394 900 1488 955 est
1518 897 1666 955 acci·
1723 902 1846 958 stat
1862 899 2147 968 recensio,
2168 899 2354 957 altera
2372 899 2652 974 prolixior
2669 902 2731 958 et
2751 900 2821 957 ut
2839 898 3004 957 vide·-

388 994 488 1048 tus
518 992 582 1048 et
614 988 775 1062 pacis
808 990 1119 1062 sequester
1139 986 1523 1048 constitutus,
1554 988 1667 1045 De·
1722 992 1827 1047 tur
1857 988 2169 1065 originalis
2201 988 2422 1063 scripta
2452 990 2589 1063 post
2620 1008 2670 1046 a.
2705 997 2865 1058 923;
2916 989 3003 1046 al-

387 1077 566 1137 cessit
595 1078 830 1136 Turone
870 1084 966 1140 18.
986 1074 1134 1133 Nov.
1159 1084 1283 1137 942
1307 1074 1499 1154 (juxta
1518 1075 1667 1134 alios
1721 1081 1852 1136 tera
1899 1076 2154 1147 brevior,
2207 1077 2373 1135 illius
2435 1077 2692 1153 epitome
2749 1076 2823 1135 ab
2871 1077 3003 1152 ipso

386 1167 500 1226 allo
530 1162 712 1247 anno)
745 1166 975 1243 magnis
996 1164 1290 1223 encomiis
1310 1165 1384 1223 ab
1402 1165 1666 1239 aequali·
1723 1186 1771 1229 s.
1804 1167 2007 1226 Odone
2036 1165 2134 1224 vel
2165 1166 2239 1224 ab
2269 1165 2471 1240 aliquo
2512 1165 2794 1225 monacho
2841 1165 3002 1224 auri-

388 1257 502 1314 bus
519 1260 580 1315 et
598 1255 854 1331 posteris
871 1254 988 1312 fuit
1006 1254 1341 1313 celebratus
1357 1255 1419 1312 et
1434 1257 1667 1313 sancto·
1722 1256 1966 1315 liacensi
1995 1255 2258 1314 confecta
2272 1250 2342 1336 ¹),
2390 1255 2651 1329 primum
2682 1255 2842 1314 edita
2872 1273 2908 1312 a
2938 1254 3003 1312 G.

389 1364 522 1403 rum
550 1344 817 1421 catalogo
848 1342 1186 1419 adscriptus
1202 1337 1270 1425 ¹).
1314 1342 1460 1418 Ejus
1492 1360 1669 1416 opera
1725 1346 1798 1407 M.
1834 1346 1893 1404 F.
1926 1346 2186 1403 Bonan
2205 1363 2291 1421 ge
2326 1344 2379 1400 S.
2414 1344 2645 1403 Geraud
2679 1343 3004 1402 d‘Aurillac

391 1434 632 1493 collecta
655 1428 1015 1515 (nontamen
1035 1426 1257 1514 omnia)
1278 1431 1575 1491 habentur
1605 1433 1666 1490 in
1723 1438 1788 1493 et
1818 1453 1923 1493 son
1957 1434 2193 1492 illustre
2212 1433 2457 1508 abbaye,
2502 1442 2618 1495 187
2630 1443 2664 1495 0
2703 1433 2749 1507 1,
2786 1442 2998 1495 361-

389 1523 751 1581 bibliotheca
810 1521 1194 1592 cluniacensi,
1244 1540 1396 1596 quae
1445 1522 1670 1595 prodiit
1728 1534 1850 1587 387
1872 1545 1885 1593 ;
1938 1522 2028 1585 ed.
2083 1531 2137 1584 2.
2194 1531 2353 1585 1881
2412 1522 2455 1591 I,
2505 1530 2871 1584 370—397.
2916 1555 3032 1587 -—-,

391 1612 634 1671 Parisiis
694 1622 893 1681 16143
956 1613 1019 1669 et
1078 1610 1143 1669 in
1191 1610 1447 1686 Migne
1492 1612 1554 1672 P.
1604 1610 1668 1669 L.
1738 1613 1866 1672 Vita
1897 1632 1941 1671 s.
1977 1612 2253 1691 Greyorii
2283 1613 2627 1687 turonensis,
2673 1630 2851 1685 quam
2883 1629 3004 1669 non

392 1700 695 1771 CXXXIII,
738 1710 1100 1763 107—858.
1150 1699 1406 1757 Moralia
1437 1718 1485 1762 3.
1519 1699 1665 1757 Gre-
1724 1702 2014 1778 integram
2062 1701 2357 1771 describit,
2406 1699 2509 1758 sed
2555 1703 2792 1758 tantum
2823 1718 3004 1775 quae-

388 1792 538 1866 qorii
570 1791 644 1854 M.
676 1789 781 1849 diu
813 1789 1112 1848 reluctans
1145 1788 1249 1847 sed
1268 1787 1555 1847 fratribus
1575 1789 1668 1847 in-
1723 1791 1857 1849 dam
1892 1809 1963 1850 ex
1993 1791 2125 1866 ejus
2157 1808 2290 1866 opp.
2321 1790 2415 1847 vel
2448 1807 2517 1847 ex
2532 1788 2858 1847 Fortunato
2875 1787 3004 1864 pic-

391 1879 690 1937 stantibus
766 1879 829 1936 in
891 1877 1306 1952 compendium
1368 1871 1665 1959 redegit2)
1722 1883 1841 1943 tav,
1860 1880 1933 1938 ad
1949 1877 2750 1955 aedificationemexcerpit2).
2768 1877 3005 1953 Optime

392 1968 428 2030 1.
462 1968 682 2036 XXXV,
733 1968 910 2044 ,igne
941 1966 1215 2025 lectionis
1247 1965 1544 2041 praefatae
1577 1966 1667 2024 hi·
1725 1969 2026 2043 reperitur
2070 1969 2134 2026 in
2179 1968 2268 2026 ed.
2316 1986 2453 2043 opp.
2498 1985 2543 2025 s.
2577 1967 2848 2044 Gregorii
2880 1985 3003 2025 cur.

393 2058 610 2115 stoi-iae
641 2058 911 2133 flagrans,
945 2059 1016 2113 ut
1046 2056 1131 2113 ait
1162 2056 1225 2114 in
1256 2056 1452 2129 praet,
1490 2074 1667 2131 quam
1725 2058 2078 2116 Ruinart.
2113 2092 2198 2100 ——
2234 2058 2568 2132 Supersunt
2612 2060 2673 2114 et
2716 2073 3004 2115 sermones

390 2149 519 2205 toto
548 2146 688 2205 nisu
718 2145 1060 2205 memoriter
1090 2146 1162 2203 ut
1190 2144 1554 2203 intellectam
1576 2163 1667 2203 re·
1725 2147 1793 2217 V,
1827 2148 2026 2223 hymni
2057 2136 2299 2221 aliquot,
2319 2146 2685 2221 Antiphonae
2706 2145 2834 2215 XII,
2868 2143 3003 2220 qui-

392 2236 581 2297 tinere
611 2235 839 2293 valeam
860 2233 1457 2303 laborans‘,Parisiis
1498 2245 1523 2297 l
1541 2244 1660 2296 617
1726 2236 1840 2295 bus
1875 2236 2068 2305 ,nihil
2087 2236 2150 2294 in
2169 2235 2558 2311 symphoniae
2577 2232 3004 2293 modulationi-

391 2321 1242 2399 in831nbibl.PP.lugd.XVII,
1262 2332 1668 2386 315·465.-—
1724 2326 1840 2384 bus
1891 2325 2139 2401 reperiri
2201 2324 2438 2383 dulcius
2486 2341 2656 2399 posse
2703 2323 3003 2391 videtur‘,

397 2412 775 2472 Collationum
794 2430 902 2471 seu
916 2412 1098 2470 etiam
1119 2411 1588 2488 Occupationum
1607 2412 1669 2474 ll.
1724 2418 1797 2474 ut
1828 2415 2052 2491 legitur
2082 2414 2148 2472 in
2179 2414 2307 2489 ejus
2329 2413 2453 2471 vita
2471 2417 2711 2472 auctore
2731 2413 2769 2471 J
2780 2430 2960 2470 oann
2973 2430 3005 2469 e

392 2502 497 2572 111,
522 2502 587 2561 in
607 2502 827 2578 quibus
852 2500 1260 2560 tristissimam
1274 2519 1506 2559 morum
1541 2519 1668 2560 cor·
1724 2505 1770 2576 1,
1801 2516 1896 2574 103
1930 2504 2209 2577 opuscula
2227 2504 2470 2576 musica,
2501 2521 2636 2560 nam
2659 2520 2704 2564 s,
2726 2501 2851 2560 Odo
2875 2500 3005 2558 lau-

391 2592 746 2668 ruptionem,
796 2591 1133 2667 superbiam
1185 2591 1551 2666 praesertim,
1574 2592 1667 2650 lu·
1726 2594 1907 2653 datur
1938 2595 2012 2652 ab
2044 2592 2311 2665 antiquis
2342 2593 2413 2650 ut
2432 2592 2696 2651 musicus
2731 2590 3005 2667 insignis.

391 2682 622 2739 xuriam
636 2680 1669 2750 etmalitiamlaicorum‚clericorum
1724 2683 1861 2741 Alia
1892 2682 2159 2758 ejusdem
2178 2681 2400 2756 scripta
2415 2682 2740 2756 perierunt,
2757 2684 2828 2738 ut
2847 2696 3006 2737 com-

393 2775 454 2828 et
468 2770 888 2829 monachorum
900 2769 995 2827 sui
1005 2769 1292 2845 temporis
1305 2769 1587 2844 deplorat,
1607 2769 1670 2826 in
1725 2771 2057 2830 mentarius
2076 2774 2141 2829 in
2160 2771 2215 2828 Il.
2233 2771 2450 2846 Reyum
2461 2792 2487 2844 ;
2517 2769 2864 2845 suppositus
2881 2787 3005 2826 om·

1726 2861 1870 2919 nino
1903 2864 1997 2918 est
2028 2863 2100 2920 tr.
2149 2861 2218 2918 de
2249 2861 2565 2917 rem-sione
2596 2859 2642 2918 b.
2681 2857 2930 2915 Martini
2974 2877 3009 2914 a

472 2981 506 3046 ¹)
534 2974 671 3045 Ejus
722 2980 881 3030 vitam
932 2975 1287 3044 scripserunt
1342 2974 1375 3027 J
1393 2991 1425 3028 o
1442 2991 1530 3026 an
1548 2992 1584 3026 n
1602 2990 1672 3027 es
1728 2949 2097 3026 Burgundii&
2162 2948 2268 3023 qui
2328 2947 2532 3048 poti-us
2596 2948 2688 3047 est
2744 2948 2793 3003 A
2811 2945 3008 3046 dumi

393 3047 554 3117 prius
593 3048 919 3112 canonicus,
959 3052 1053 3100 sed
1098 3046 1200 3114 qui
1228 3045 1442 3102 Odonis
1469 3046 1673 3099 sancti·
1728 3039 2062 3097 Persennae
2087 3037 2178 3096 ab.
2213 3036 2534 3111 Supposita
2560 3037 2786 3110 pariter
2800 3034 3007 3093 viden-

393 3120 511 3172 tate
536 3119 778 3172 allectus
805 3118 984 3172 Roma
1010 3134 1142 3171 eum
1178 3119 1408 3172 secutus
1435 3119 1521 3170 est
1546 3117 1671 3171 Clu·
1729 3128 1832 3185 tm·
1878 3129 1952 3187 tr,
2004 3127 2156 3203 quod
2204 3126 2254 3184 b,
2290 3125 2586 3185 Martinus
2625 3142 2750 3198 par
2793 3124 3010 3182 dicitur

393 3189 639 3254 niacum,
681 3190 783 3244 ubi
816 3188 1011 3243 induit
1034 3191 1248 3243 vestem
1290 3207 1329 3241 s.
1359 3188 1673 3252 Benedicti,
1961 3218 1973 3230 ·
2027 3239 2038 3250 ,
2274 3217 2285 3227 .

391 3261 451 3316 11.
479 3268 512 3317 3
538 3260 670 3314 stilo
696 3260 945 3331 simplici
975 3263 1030 3314 et
1057 3260 1301 3314 candido
1331 3259 1557 3328 scriptis
1592 3258 1674 3330 (in
1728 3216 2032 3291 “P⁰⁸‘⁰l‘⁸›
2070 3215 2388 3274 Chr⁰⁷²²⁶⁰n
2420 3213 2495 3272 ab
2526 3232 2578 3315 ‘.’·
2611 3234 2687 3272 ¹1¹·
2718 3231 2911 3288 ¹²³q¹²0
2933 3212 3008 3270 ad

395 3332 656 3387 biblioth.
719 3331 963 3386 cluniac.
1014 3351 1068 3401 p.
1124 3338 1362 3389 13—56:
1427 3331 1674 3401 Migne
1728 3326 1779 3364 a.
1817 3315 1937 3368 937
1974 3309 2083 3364 etc.
2115 3337 2202 3375 —‚
2235 3304 2402 3379 Opus
2438 3320 2629 3377 majus
2649 3320 2754 3362 seu
2772 3319 3009 3360 carmen

394 3401 689 3466 CXXXIII,
717 3410 929 3460 43-—86
955 3405 1104 3473 etc.),
1146 3419 1293 3470 quae
1323 3402 1443 3456 vita
1468 3402 1674 3456 merito
1728 3395 2032 3462 eruditum
2071 3392 2379 3468 Occupatio
2397 3393 2774 3468 inscriptum,
2808 3392 2869 3449 in
2890 3409 3008 3466 quo

394 3474 683 3537 laudatur,
726 3474 795 3528 de
837 3491 952 3542 <1¹1³
978 3475 1050 3527 Of·
1096 3473 1157 3526 Ε·
1184 3473 1368 3529 Saok
1388 3492 1469 3528 Μ·
1513 3473 1575 3527 in
1604 3474 1673 3526 Ν·
1728 3483 1857 3561 agit
1888 3482 1961 3541 de
1993 3481 2224 3558 opificio
2257 3483 2365 3541 Dei
2396 3482 2434 3540 i.
2454 3500 2502 3540 e.
2535 3481 2609 3539 de
2642 3479 2874 3556 opificio
2905 3497 3009 3538 sex

393 3547 561 3600 Arch.
588 3545 689 3599 der
715 3545 1026 3601 Gesellsch.
1067 3545 1159 3598 fiir
1197 3546 1374 3599 altere
1400 3545 1673 3599 deutsche
1730 3573 1984 3638 dierum,
2047 3571 2118 3630 de
2180 3571 2531 3648 angelorum
2592 3569 2886 3629 creatione
2947 3572 3010 3627 et

394 3616 781 3671 Geschichtsk.
814 3623 966 3673 1889.
996 3616 1097 3670 XV
1122 3624 1392 3677 105—16;
1421 3617 1565 3671 Hist.
1584 3615 1670 3671 lit.
2548 3659 2560 3670 .
2895 3659 2906 3670 .

398 3689 488 3751 Vl,
516 3691 815 3745 265—271.
844 3721 909 3730 —
938 3688 1041 3740 Na
1057 3688 1231 3758 gold
1250 3706 1286 3741 u
1306 3706 1331 3741 s
1360 3689 1675 3744 monachus
1730 3662 1918 3738 1⁸P5¹²2
1954 3661 2025 3719 de
2060 3663 2296 3736 P0⁰⁰⁸t⁰
2327 3667 2388 3719 fit
2407 3662 2619 3736 gran&
2650 3659 2723 3718 de
2757 3661 3010 3734 patum·

393 3759 771 3815 cluniacensis
810 3777 856 3813 c.
888 3765 1040 3822 1090.
1082 3760 1246 3813 cu‘us
1286 3765 1396 3814 vita
1430 3762 1589 3813 extat
1614 3757 1674 3811 in
1730 3751 1856 3809 chis
1901 3748 1970 3808 V.
2003 3749 2068 3812 T.
2117 3752 2228 3807 etc.
2278 3767 2471 3824 usque
2514 3749 2590 3806 ad
2633 3766 3007 3807 consumma-

396 3830 530 3886 bibl·
559 3831 821 3894 Cluniassw
852 3830 999 3900 Mig
1017 3848 1053 3882 ¹¹
1072 3847 1100 3884 Θ
1127 3829 1148 3884 i
1193 3874 1206 3887 ·
1228 3850 1280 3901 P·
1304 3838 1583 3888 85-104;
1611 3829 1672 3882 5¹1
1730 3840 1957 3898 tionem
1992 3839 2193 3910 seculi,
2235 3838 2458 3914 prodiit
2488 3856 2630 3896 cura
2660 3841 2721 3896 et
2751 3836 3009 3913 diligen-

395 3902 1677 3965 -
2719 3936 3011 3990 000-

396 4044 520 4097 lon
560 4063 602 4099 s.
629 4044 842 4101 Odonis
881 4044 1134 4115 elogium
1174 4044 1305 4098 hist.
1337 4044 1399 4099 in
1426 4048 1552 4098 Act.
1580 4044 1674 4098 SS.
1732 4053 1764 4059 “

396 4116 462 4178 V,
495 4120 773 4172 124-150
799 4120 858 4170 et
896 4116 1051 4186 apud
1094 4115 1341 4186 Migne
1382 4117 1416 4170 l.
1445 4133 1491 4170 c.
1520 4123 1674 4174 944:
1811 4119 1847 4188 ¹)
1875 4115 1956 4169 Cf.
1974 4115 2043 4169 de
2059 4113 2442 4169 controversia
2457 4114 2590 4168 hinc
2607 4115 2822 4178 oborta,
2841 4129 3010 4182 quae-

396 4186 543 4240 Hist.
570 4187 658 4242 lit.
686 4187 781 4252 VI,
822 4192 1122 4251 229—253,
1176 4187 1276 4242 ubi
1320 4189 1443 4269 ejus
1484 4202 1675 4257 opera,
1733 4203 1865 4240 nam
1891 4187 1969 4240 sit
1994 4185 2292 4257 originalis
2330 4189 2389 4240 et
2427 4203 2564 4239 num
2612 4187 2855 4253 utraque
2881 4201 3009 4238 auc-

396 4257 569 4312 etiam
593 4259 820 4328 perdita
846 4262 905 4311 et
929 4258 1229 4328 supposita
1256 4257 1564 4329 diligenter
1590 4276 1674 4313 re·
1731 4260 1911 4312 torem
1932 4258 2144 4312 habeat
2169 4275 2209 4310 s.
2238 4258 2493 4311 Odonem
2520 4258 2687 4311 Anal.
2716 4256 2848 4310 boll.
2874 4263 3009 4312 1895

397 4333 717 4385 censentur.
768 4329 811 4382 P
831 4347 863 4383 o
881 4331 998 4384 tth
1016 4347 1050 4382 a
1067 4348 1092 4383 s
1107 4333 1134 4384 t
1157 4348 1214 4400 p.
1246 4336 1399 4387 1499.
1731 4330 1878 4394 XIV,
1904 4332 2131 4388 89-107;
2172 4329 2206 4383 S
2222 4345 2256 4382 a
2272 4346 2301 4382 c
2316 4329 2356 4381 k
2371 4346 2409 4381 u
2426 4346 2454 4381 r
2489 4327 2582 4382 die
2610 4326 3011 4382 Cluniacenser

470 4404 510 4473 ¹)
538 4401 690 4455 Idem
711 4401 1004 4470 praestitit
1030 4405 1077 4454 A
1095 4403 1132 4455 d
1147 4418 1181 4454 a
1200 4403 1220 4456 1
1238 4403 1274 4457 b
1302 4417 1330 4455 e
1348 4419 1376 4454 r
1390 4403 1416 4455 t
1432 4420 1468 4455 u
1486 4419 1510 4454 s
1537 4401 1599 4456 Ο.
1621 4401 1674 4454 S.
1729 4400 1793 4454 in
1807 4401 1961 4454 ihrer
1972 4400 2177 4454 kirchl.
2190 4400 2308 4454 und
2318 4398 3011 4470 allgemeingesch.Wirk-

396 4470 549 4536 Ben.,
592 4472 696 4541 qui
739 4475 862 4526 erat
902 4473 1226 4527 scholarum
1266 4475 1450 4528 rector
1475 4472 1537 4527 in
1560 4488 1676 4526 mo·
1731 4472 1980 4526 samkeit
1999 4472 2068 4534 II,
2095 4479 2202 4528 334
2229 4475 2345 4526 not.
2374 4478 2435 4528 3:
2465 4471 2508 4523 Ε
2527 4472 2694 4525 bert
2719 4471 2813 4534 111,
2842 4473 3010 4527 197—

396 4543 643 4598 nasterio
671 4562 713 4597 s.
747 4543 1036 4599 vincentii
1075 4544 1312 4599 metensi
1356 4544 1430 4615 (fl.
1457 4561 1502 4600 c.
1532 4546 1673 4614 970).
1732 4549 1854 4600 201.
2215 4597 2226 4608 ,

395 4612 581 4684 Hujus
608 4614 951 4686 compendii,
993 4614 1147 4683 quod
1174 4614 1468 4685 inscripsit
1491 4617 1676 4684 Specu-
1807 4619 1847 4686 ²)
1877 4614 1933 4667 M
1950 4630 1982 4668 o
2001 4633 2037 4667 n
2056 4631 2087 4668 o
2104 4614 2140 4667 d
2193 4613 2409 4667 Etudes
2458 4613 2734 4681 critiques
2785 4629 2882 4665 sur
2931 4613 3010 4666 les

392 4689 522 4748 lum,
541 4702 639 4757 per
655 4686 901 4742 Galliam
918 4688 1057 4740 satis
1073 4687 1313 4757 vulgati,
1336 4686 1393 4738 M
1410 4704 1443 4739 a
1457 4704 1486 4738 r
1501 4691 1527 4739 t
1542 4703 1571 4740 e
1591 4704 1628 4738 n
1647 4702 1676 4739 e
1732 4703 1959 4741 sources
1985 4686 2054 4740 de
2079 4685 2251 4739 l'hist.
2281 4684 2749 4755 Merovingienne
2778 4683 3010 4737 Parisiis

396 4756 664 4829 vulgavit
706 4758 766 4811 in
812 4758 1024 4812 Anecd.
1068 4759 1212 4811 thes.
1258 4759 1298 4821 I,
1339 4765 1409 4814 84
1447 4761 1675 4811 tantum
1736 4760 1872 4815 1872
1900 4777 1954 4828 p.
1983 4764 2050 4814 25
2077 4756 2498 4827 genuinitatem
2538 4757 2712 4825 hujus
2739 4754 3010 4810 historiae

403 4828 834 4896 praefationem.
887 4829 970 4884 Cf.
1017 4829 1164 4882 Hist.
1191 4829 1276 4883 lit.
1304 4829 1398 4894 VI,
1425 4834 1676 4886 395·397.
1730 4829 1795 4881 in
1821 4828 2062 4883 dubium
2089 4831 2334 4884 revocat.
