3505 5161
1233 239 1272 276 ε.
1303 220 1547 289 Cyrillus
1574 220 2138 290 hierosolymitanus.

393 240 501 292 145
2881 241 2994 294 146

471 419 571 472 76.
606 407 721 468 Sed
745 408 873 483 jam
902 426 970 467 ex
1004 406 1321 467 Occidente
1350 407 1659 466 redeamus
1714 408 1980 467 stissime
2011 411 2259 485 regeret,
2308 407 2534 484 duplici
2566 427 2694 467 eam
2727 408 2998 486 prodigio

383 499 446 557 in
491 498 890 557 Orientem
936 496 1207 573 aliosque
1251 514 1660 556 recenseamus
1719 496 2082 559 illustratam
2114 496 2301 556 fuisse
2345 497 2639 558 referunt:
2689 497 3003 573 splendida

381 591 614 663 praeter
659 606 705 646 s,
753 583 1145 645 Athanasium
1191 585 1332 645 fidei
1376 586 1660 650 doctores.
1716 587 1909 646 meis
1960 585 2104 645 solis
2154 584 2335 645 radiis
2384 586 2764 663 fulgentioris
2816 607 2997 664 appa-

383 678 440 740 S.
471 675 827 753 cyrillus
856 675 905 753 ²)
944 677 1122 733 natus
1152 693 1199 734 c.
1237 683 1359 739 315
1396 675 1665 734 innotuit
1714 673 1930 734 ritione
1967 684 2020 737 7.
2052 674 2189 750 Maj.
2225 681 2339 738 351
2398 678 2458 733 et
2502 675 2783 734 terrificis
2822 676 2998 753 phae-

384 764 783 825 celeberrimis
814 763 941 823 suis
970 763 1397 835 catechesibus,
1440 763 1662 839 quibus
1715 764 2004 833 nomenis,
2044 763 2266 840 quibus
2299 764 2340 823 J
2342 763 2515 822 udaei
2548 766 2840 841 templum
2871 764 2998 823 hie-

382 855 707 932 presbyter,
741 854 856 924 vel,
888 856 959 912 ut
990 852 1092 911 alii
1104 853 1226 928 jam
1250 853 1499 923 malunt,
1533 852 1661 928 epi-

383 962 597 1019 scopus
626 960 834 1002 recens
855 941 1163 1001 ordinatus
1195 962 1243 999 a.
1269 951 1391 1006 350
1416 943 1511 1000 vel
1535 950 1652 1005 351

383 1032 574 1112 (juxta
604 1032 751 1091 alios
786 1040 908 1093 347
944 1031 1039 1089 vel
1063 1027 1218 1111 348)
1249 1030 1662 1107 hierosolymi·

381 1126 559 1181 tanus
589 1120 1036 1180 catechumenos
1066 1123 1190 1178 tam
1221 1119 1456 1196 egregie
1486 1119 1661 1178 insti·

381 1212 518 1273 tuit.
583 1210 889 1269 Illibatam
932 1209 996 1267 in
1041 1208 1117 1267 iis
1162 1208 1348 1267 tradit
1387 1208 1662 1267 orthodo-

382 1319 631 1375 xamque
651 1298 998 1368 doctrinam,
1033 1298 1305 1374 quamvis
1337 1298 1510 1356 initio
1542 1312 1662 1356 non

383 1389 689 1448 videretur
710 1386 1025 1463 agnovisse
1058 1386 1214 1446 sicut
1247 1389 1307 1445 et
1337 1387 1465 1463 ejus
1494 1405 1663 1463 prae-

382 1496 581 1538 cessor
654 1479 1023 1535 momentum
1110 1474 1661 1546 controversiarum,

383 1586 532 1642 quas
583 1566 765 1624 Arius
817 1565 1122 1635 excitavit,
1172 1568 1352 1640 atque
1400 1564 1661 1623 Athana·

383 1657 582 1714 sianae
615 1672 825 1714 causae
850 1652 1169 1730 justitiam.
1218 1652 1372 1712 Hinc
1402 1657 1464 1712 et
1490 1653 1661 1713 Aria-

382 1763 593 1804 norum
645 1763 767 1804 non
817 1742 1108 1815 meminit,
1165 1761 1360 1818 neque
1408 1743 1662 1801 consub-

381 1833 674 1893 stantialis
706 1850 907 1892 vocem
940 1831 1182 1890 adhibet
1226 1831 1290 1889 in
1335 1831 1459 1890 suis
1505 1835 1661 1890 cate·

383 1922 658 1982 chesibus
669 1919 740 2001 ²),
789 1939 983 1997 neque
1015 1920 1346 1996 generatim
1377 1921 1442 1978 in
1474 1923 1661 1978 certa-

381 2011 541 2071 mine
563 2015 768 2070 contra
790 2010 927 2069 illos
947 2011 1260 2085 comparet.
1294 2009 1445 2067 Eum
1467 2013 1666 2067 tamen

384 2101 530 2176 ipsis
564 2098 943 2175 postmodum
981 2098 1169 2158 fuisse
1202 2098 1371 2156 valde
1403 2099 1663 2157 invisum

383 2189 533 2247 illud
567 2188 796 2264 probat,
830 2187 986 2264 quod
1020 2191 1114 2245 tei·
1147 2187 1330 2246 suerit
1361 2187 1497 2246 sede
1528 2186 1661 2262 pul-

385 2296 505 2347 sus,
570 2282 632 2336 et
692 2278 875 2336 tertia
936 2277 1061 2335 vice
1109 2276 1184 2334 ab
1235 2296 1284 2334 a.
1341 2285 1594 2339 367—‘7
1608 2284 1663 2339 8.

386 2367 664 2427 Interfuit
683 2366 931 2426 concilio
951 2365 1597 2442 constantinopolitano
1618 2365 1663 2433 1,

384 2457 499 2514 imo
531 2456 723 2516 eidem
756 2473 892 2514 cum
925 2454 1193 2531 episcopo
1224 2455 1573 2513 antiocheno
1606 2455 1667 2511 et

385 2543 770 2605 alexandrino
833 2544 1157 2621 praefuisse
1211 2544 1391 2603 refert
1442 2545 1477 2602 S
1496 2560 1663 2603 ozo-

385 2654 601 2694 menu
622 2653 649 2693 s
681 2634 757 2698 H.
776 2634 843 2692 E.
864 2632 989 2703 VII,
1017 2644 1072 2697 7.
1094 2630 1162 2715 (†
1191 2633 1471 2697 18.Mart.
1496 2628 1662 2714 386).

387 2724 534 2782 Dum
569 2724 877 2783 ecclesiam
910 2723 1487 2798 hierosolymitanam
1532 2723 1663 2780 sau·

458 3004 490 3072 ¹)
517 3003 568 3054 S.
598 2999 796 3068 cyrilli
824 3016 891 3053 ex
919 3017 1106 3054 sorore
1134 3016 1309 3070 nepos
1338 2998 1662 3053 Gelasius

380 3075 680 3126 Caesareae
707 3071 1067 3126 Palaestinae
1094 3071 1394 3140 episcopus
1422 3073 1660 3142 (367-94)

382 3143 663 3202 „accurati
680 3142 982 3211 limatique
1000 3142 1275 3198 sermonis
1287 3141 1485 3205 fertur,
1490 3142 1516 3209 j
1524 3160 1595 3194 ux
1602 3144 1662 3195 ta

379 3233 419 3270 s.
445 3213 939 3283 Hieronymum
960 3231 1007 3270 c.
1035 3221 1150 3276 130.
1164 3214 1446 3282 quaedam
1458 3213 1660 3266 scribe·

379 3301 450 3349 re,
468 3284 564 3338 sed
591 3285 830 3349 celare·‘,
854 3285 990 3338 hinc
1022 3285 1229 3339 mirum
1260 3303 1376 3338 non
1407 3288 1506 3348 est,
1538 3285 1660 3352 ejus

378 3357 610 3425 periisse
623 3356 853 3426 scripta,
868 3359 1095 3426 praeter
1105 3355 1660 3426 fragmenta‚quibus

378 3430 621 3482 utuntur
656 3427 1184 3481 Theodoretus
1209 3431 1269 3480 et
1296 3426 1660 3480 Leontius

380 3500 718 3566 byzantinus
745 3498 1018 3553 adversus
1044 3498 1452 3566 Eutychianos.
1494 3497 1533 3549 P
1552 3499 1587 3551 h
1606 3514 1660 3552 o-

380 3570 489 3623 tiu
508 3588 533 3622 s
577 3570 741 3626 codd.
776 3578 847 3626 88
887 3574 945 3624 et
970 3577 1039 3626 89
1078 3569 1194 3623 alia
1235 3570 1517 3638 quaedam
1558 3569 1658 3622 Ge-

1715 853 2210 929 rosolymitanum
2273 856 2477 912 contra
2525 853 2738 913 Christi
2791 853 2997 911 vatici·

1716 941 1885 1001 nium
1904 941 2273 1002 reaedificare
2292 941 2494 1001 studio
2515 941 2676 1001 omni
2696 945 2996 1011 conantes,

1716 1051 1751 1090 a
1800 1037 2006 1108 coepto
2057 1031 2471 1107 prosequendo
2523 1035 2668 1091 sunt
2712 1031 2998 1090 deterriti.

1723 1121 2110 1196 Praecipuum
2142 1137 2189 1181 s.
2209 1120 2465 1180 doctoris
2485 1138 2634 1196 opus
2667 1125 2811 1179 sunt
2840 1121 2994 1197 ejus·

1716 1208 1853 1268 dem
1895 1211 2225 1283 catecheses,
2271 1209 2493 1284 quibus
2530 1209 2669 1268 stilo
2701 1228 2818 1268 non
2863 1210 2998 1285 qui·

1716 1297 1852 1357 dem
1884 1299 2160 1374 eleganti,
2207 1298 2311 1356 sed
2342 1298 2600 1373 simplici
2646 1300 2708 1357 et
2752 1298 2999 1357 candido

1716 1387 2077 1446 succinctam
2108 1387 2348 1445 exhibet
2378 1386 2681 1447 doctrinae
2727 1387 2998 1446 christia-

1716 1494 1827 1535 nae
1896 1494 2190 1535 summam
2209 1525 2223 1550 ‚
2273 1475 2770 1552 pretiosissimum
2838 1477 2995 1534 anti—

1717 1565 1846 1642 quit
1854 1565 1967 1624 atis
1983 1567 2454 1636 monumentum,
2477 1564 2820 1640 praesertim
2838 1565 2998 1641 quod

1716 1654 1935 1713 attinet
1985 1673 2029 1713 s.
2080 1653 2386 1731 liturgiam
2438 1658 2500 1711 et
2554 1657 2921 1712 sacramenta
2936 1652 2996 1733 ¹).

1717 1744 1961 1803 Praeter
1992 1744 2095 1801 has
2126 1743 2481 1812 catecheses,
2517 1761 2668 1817 quae
2697 1757 2997 1801 auctorem

1716 1836 1993 1891 nostrum
2008 1832 2399 1891 reddiderunt
2413 1832 2880 1901 celeberrimum,
2898 1850 2996 1890 ex·

1717 1925 1884 1981 stant
1927 1925 2159 1980 tantum
2208 1922 2446 1980 homilia
2490 1921 2553 1979 in
2599 1920 2997 1997 paralyticum

1717 2011 1790 2068 ad
1821 2010 2184 2086 probaticam
2214 2009 2504 2087 piscinam
2525 2011 2840 2085 jacentem,
2894 2028 2996 2068 cu-

1716 2100 1815 2173 jus
1847 2099 2256 2159 miraculosam
2279 2099 2649 2158 sanationem
2669 2099 2996 2157 secundum

1718 2189 1918 2247 omnia
1962 2188 2245 2264 expendit
2282 2188 2669 2263 illustratque
2701 2188 2995 2264 adjuncta,

1718 2281 1781 2336 et
1825 2297 1910 2352 ep.
1952 2278 2033 2336 ud
2063 2277 2463 2336 Constantium
2492 2278 2650 2352 imp„
2699 2294 2818 2351 qua
2859 2295 2996 2334 eum

1720 2366 1792 2424 de
1824 2366 2050 2425 visione
2077 2366 2241 2443 ⁸signi
2267 2365 2457 2424 crucis
2477 2383 2658 2441 supra
2677 2367 2997 2423 memorata

1718 2456 2029 2515 certiorem
2061 2455 2277 2514 reddit.
2342 2454 2510 2513 Aliae
2546 2454 2812 2529 ejusdem
2846 2472 2998 2529 quae

1718 2543 2225 2604 circumferuntur
2241 2544 2450 2603 literae
2470 2546 2615 2603 sunt
2634 2545 2996 2620 suppositae.

1718 2634 2301 2693 Praestantissimam
2331 2652 2424 2709 op.
2464 2632 2788 2692 editionem
2825 2651 2993 2691 cura-

1716 2721 1867 2804 vit2)
1915 2726 1982 2780 A.
2015 2726 2082 2781 A.
2115 2722 2444 2781 Touttee
2492 2741 2687 2799 congr.
2730 2740 2775 2780 s,
2809 2722 2999 2780 Mauri

1718 2807 1817 2890 (de
1876 2831 1994 2888 quo
2042 2812 2112 2871 cf.
2157 2811 2231 2881 11,
2283 2808 2436 2890 808)
2502 2809 2743 2869 Parisiis
2800 2819 2995 2876 172ος

1717 2901 1983 2959 Venetiis
2009 2911 2193 2970 1763,
2215 2900 2516 2976 aMigne
2546 2917 2811 2959 recusam
2845 2900 2907 2961 P.
2930 2899 2994 2957 G.

1724 3001 1775 3052 1.
1827 2988 2104 3058 xxx1113
2157 2988 2523 3047 commodam
2574 2991 2865 3046 curarunt
2911 2988 2997 3046 W.

1717 3079 1785 3137 K.
1828 3077 2141 3136 Reischl
2191 3082 2251 3135 et
2302 3077 2359 3140 J.
2408 3078 2654 3153 Rupp‚
2706 3076 2997 3135 Monachii

1722 3175 2102 3237 1848—60;
2179 3166 2510 3225 Photius
2573 3164 2998 3224 Alexandrides

1713 3256 1919 3316 eadem
1994 3255 2185 3314 edidit
2245 3255 2668 3331 Hierosolymis
2740 3263 2999 3317 1867—

1726 3354 1908 3409 1868.
1943 3348 1986 3402 t.
2024 3353 2058 3406 2
2093 3344 2156 3402 in
2192 3354 2247 3407 8.

1793 3573 1829 3641 ¹)
1857 3569 2095 3639 Propter
2121 3583 2400 3621 summam
2429 3566 2687 3636 quinque
2728 3567 2998 3647 posterio-

377 3640 516 3695 lasio
545 3659 632 3711 ep.
660 3639 1000 3696 caesariensi
1040 3639 1263 3696 tribuit.
1317 3640 1554 3694 Fatetur
1580 3643 1659 3693 ta·
1711 3658 1842 3694 rum
1868 3641 2253 3704 catecheseon,
2295 3655 2440 3706 quae
2467 3641 2891 3707 mystagogicae
2919 3638 3001 3690 di·

262 3752 269 3760 .
376 3729 522 3769 men.
565 3730 621 3766 se
663 3729 779 3766 non
822 3711 1075 3794 potuisse
1116 3715 1267 3766 certo
1302 3727 1657 3781 cognoscere,

1712 3715 1940 3771 cuntur,
1969 3710 2282 3765 utilitatem
2319 3727 2412 3764 eas
2451 3710 2630 3762 latine
2677 3726 2864 3761 versas
2910 3727 2998 3762 ex·

376 3783 504 3851 quis
531 3784 625 3838 hic
653 3783 913 3838 Gelasius
939 3783 1133 3844 fuerit,
1177 3801 1306 3838 cum
1345 3787 1458 3836 tres
1484 3783 1658 3852 hujus
1711 3782 2011 3837 hibuimus
2052 3781 2204 3835 inter
2241 3798 2437 3850 opusc.
2478 3781 2575 3834 sel.
2622 3781 2711 3834 δὲ
2740 3780 2846 3832 ΡΡ.
2873 3781 2998 3844 VH,

377 3854 623 3909 nominis
649 3855 869 3909 fuerint
894 3871 999 3909 sec.
1030 3855 1121 3908 1v.
1152 3857 1210 3908 et
1236 3855 1303 3909 V.
1354 3856 1658 3909 Caesareae

375 3925 645 3996 episcopi.
688 3926 871 3997 Opera
899 3929 1109 3990 autem,
1131 3943 1376 3993 quorum
1397 3924 1662 3979 meminit

377 4002 512 4051 sunt
553 3997 591 4050 l.
637 4002 893 4053 adversus
940 4016 1219 4052 anomocus
1268 3996 1480 4051 diserta
1532 4014 1657 4050 con-

375 4068 621 4193 emptius
649 4069 861 4193 forntssz
890 4068 1045 4192 11.Ιὲ
1073 4068 1142 4122 de
1159 4070 1327 4122 rebus
1342 4067 1402 4192 ip
1421 4068 1660 4192 ngrcffenta·

376 4157 514 4206 syno
560 4157 592 4193 o
642 4155 742 4208 ges
825 4181 836 4202 ‚
889 4157 1005 4207 quo
1095 4156 1239 4208 opus
1301 4156 1359 4193 es
1498 4155 1527 4192 e
1551 4155 1661 4192 asu

375 4228 501 4279 eya
517 4211 537 4265 i
553 4228 582 4264 c
599 4227 628 4264 e
648 4228 686 4264 u
702 4209 740 4275 i,
770 4214 829 4265 et
855 4213 1187 4266 Prooemium
1207 4254 1220 4265 .
1242 4253 1255 4265 .
1279 4252 1294 4265 .
1320 4211 1380 4264 in
1402 4226 1485 4272 ea,
1513 4228 1659 4278 quae

375 4283 447 4335 ad
474 4281 916 4337 ecclesiasticam
933 4281 1235 4336 historiam
1252 4281 1486 4336 Eusebii
1500 4282 1660 4335 Pam·

378 4352 525 4423 phili
550 4351 924 4423 adjiciuntur,
951 4352 1012 4407 in
1040 4371 1155 4422 quo
1177 4352 1440 4408 meminit
1460 4343 1662 4422 cyrilli

374 4424 650 4479 avunculi
667 4424 775 4488 sui,
803 4423 905 4492 qui
930 4424 1042 4495 ipsi
1056 4425 1129 4478 ad
1150 4424 1513 4478 scribendum
1533 4441 1661 4477 auc·

376 4499 464 4550 tor
512 4495 706 4550 fuerit.
760 4495 842 4548 Cf.
895 4495 935 4549 C
952 4512 981 4549 e
997 4496 1017 4549 i
1033 4497 1055 4550 l
1071 4496 1092 4549 l
1108 4496 1129 4549 i
1145 4512 1175 4549 e
1191 4513 1221 4548 r
1270 4496 1415 4549 Hist.
1468 4496 1659 4566 gener.

376 4567 470 4622 des
496 4571 750 4622 Auteurs
775 4567 957 4620 sacres
984 4567 1079 4630 Ψ,
1105 4576 1177 4624 84
1201 4585 1270 4620 ss.

443 4643 485 4711 ἱ)
514 4640 579 4692 In
631 4655 737 4692 sua
787 4638 859 4691 ad
910 4637 1304 4693 Constantium
1369 4638 1504 4708 imp.
1571 4654 1659 4705 ep.

374 4728 426 4763 n.
442 4719 477 4767 8
494 4710 799 4781 profitetur
820 4709 1399 4771 „consubstantialem
1416 4707 1659 4763 Trinita-

376 4783 539 4836 tems*

1714 3860 1958 3910 95—141
1988 3851 2460 3908 annotationibus
2487 3852 2821 3905 illustratae.

1790 3929 1828 3996 ²)
1858 3923 2510 3979 Cf.Bardenhewer
2535 3933 2561 3988 ξ
2583 3929 2680 3978 66ι
2710 3922 3000 3976 Fessler-

1712 3994 2140 4065 Jungmann
2168 4003 2194 4056 ,ε
2222 4000 2288 4048 92
2317 4012 2416 4052 ss.;
2444 3994 2495 4046 J.
2523 3993 2767 4046 Mader
2793 3994 2892 4046 der
2918 3994 2998 4045 hl.

1715 4065 1959 4134 Cyrillus
1975 4067 2032 4118 B.
2047 4083 2097 4118 v.
2111 4065 2160 4117 J.
2173 4065 2232 4118 in
2245 4064 2455 4117 seiuem
2472 4066 2658 4118 Leben
2671 4064 2790 4115 und
2803 4064 2997 4116 seinen

1715 4138 2018 4200 Schriften,
2072 4135 2402 4188 Einsiedeln
2458 4144 2588 4191 1891
2611 4156 2621 4190 ;
2686 4133 2734 4185 N
2757 4133 2819 4186 ir
2835 4151 2860 4187 s
2876 4151 2905 4186 c
2923 4134 2998 4186 hl

1714 4209 1766 4262 11
1793 4218 1819 4275 ἓ
1857 4217 1954 4265 106
1985 4226 2056 4266 s.;
2108 4207 2514 4260 Delacroix
2557 4207 2634 4259 St.
2680 4204 2886 4270 cyrille
2928 4205 2998 4257 de

1714 4280 1828 4334 Jer.
1859 4297 1919 4332 sa
1946 4280 2036 4333 vie
2066 4282 2125 4333 et
2153 4294 2237 4331 ses
2268 4287 2520 4340 oeuvreS,
2557 4275 2790 4328 Parisiis
2834 4283 2996 4332 1865:

1717 4352 1863 4404 Lau
1883 4351 2191 4404 skother
2219 4348 2314 4410 ΙΙΙ,
2342 4346 2454 4400 KL.
2489 4352 2795 4402 1290-952
2827 4345 2998 4399 Mar·

1716 4441 1754 4490 q
1772 4441 1808 4475 u
1825 4439 1903 4475 ar
1919 4422 1955 4475 d
1973 4425 1998 4475 t
2023 4421 2078 4476 S.
2104 4419 2309 4488 Cyrilli
2335 4418 2403 4471 H.
2431 4418 2500 4472 de
2528 4417 2997 4471 contentionibus

1715 4496 1775 4547 et
1799 4493 2028 4563 placitis
2057 4492 2401 4545 Arianorum
2427 4487 2743 4543 sententia:
2793 4488 2997 4542 Bruns-

1716 4567 1920 4646 bergae
1977 4571 2108 4620 1881
2131 4584 2142 4622 ;
2195 4562 2248 4615 S.
2300 4559 2546 4630 Cyrillus
2588 4560 2655 4616 H.
2713 4560 2998 4630 baptismi.

1713 4636 2054 4698 chrismatis,
2082 4632 2460 4688 eucharistiae
2487 4629 2888 4699 mysteriorum
2915 4631 2998 4683 in·

1713 4706 2199 4832 girgrelsgssipsiae
2233 4712 2396 4762 1882:
2424 4701 2807 4771 Christologia
2835 4702 2996 4771 ‹sejus-
