3505 5161
474 217 594 267 432?

470 385 790 454 Isidori,
842 387 1012 461 cujus
1060 404 1271 461 scopus
1327 405 1443 444 non
1490 390 1609 443 tam
1661 389 1749 445 est

470 474 773 532 literarius
809 494 985 549 quam
1018 476 1219 549 pot-ius
1252 476 1539 550 quaedam
1588 477 1745 533 exal·

468 564 615 621 tatio
638 563 795 621 sedis
814 564 1129 633 toletanae,
1153 564 1289 621 hinc
1310 565 1426 623 fere
1443 566 1746 640 episcopos

466 655 735 710 recenset
754 653 1065 723 toletanOS,
1100 654 1334 711 etiamsi
1361 654 1596 729 scriptis
1627 674 1744 713 non

467 742 861 810 innotuerint,
912 743 1163 816 ideoque
1197 746 1290 799 est
1322 743 1488 801 valde
1521 744 1743 800 incom-

465 833 665 905 pletus
686 832 1052 905 minorisque
1074 831 1252 905 pretii
1272 829 1335 910 ¹).
1371 832 1583 907 Spuria
1603 837 1745 891 sunt

466 921 504 980 l.
538 921 605 977 de
636 939 847 978 corona
881 921 927 977 b.
953 922 1029 977 M.
1068 920 1128 980 V.
1146 942 1174 991 ‚·
1205 924 1554 979 continuatio
1580 923 1742 980 chro-

469 1011 728 1066 nicorum
772 1011 826 1067 b.
862 1010 1183 1077 Isidori,
1236 1010 1679 1084 Epiqrammata
1714 1031 1748 1068 a

466 1098 765 1155 Pseudo-J
774 1099 973 1157 uliano
995 1098 1055 1156 in
1079 1099 1425 1156 collectione
1446 1100 1743 1157 variorum

468 1187 794 1244 carminum
860 1188 912 1244 ei
968 1188 1276 1247 attributa.
1358 1188 1554 1247 Habes
1608 1189 1745 1246 haec

467 1276 663 1333 omnia
695 1277 937 1334 collecta
983 1279 1043 1334 in
1092 1296 1169 1333 ss.
1204 1278 1312 1339 ΡΡ.
1346 1279 1745 1336 toletanorum

467 1365 556 1426 ed.
592 1366 811 1423 Mati-iti
846 1375 1005 1427 1782
1040 1371 1083 1423 t.
1118 1368 1145 1423 1
1178 1370 1237 1423 et
1273 1367 1518 1439 Migne
1554 1367 1744 1434 XCVI,

472 1464 793 1516 5:3—330.
830 1455 910 1511 De
931 1457 1059 1528 ejus
1089 1456 1333 1513 historia
1365 1456 1436 1514 de
1469 1476 1553 1523 e0,
1589 1457 1745 1530 quod

465 1543 739 1601 Wambae
760 1544 1045 1619 principis
1063 1549 1179 1601 tem
1190 1564 1330 1619 pore
1344 1546 1408 1603 in
1423 1546 1631 1603 Galliis
1649 1564 1744 1602 ex-

469 1632 627 1688 stitit
691 1637 926 1707 gestum
980 1634 1049 1691 cf.
1104 1633 1247 1691 Ebe
1268 1640 1335 1691 rt
1386 1635 1589 1696 Gesch.
1643 1634 1747 1692 der

467 1721 692 1778 christl.
728 1722 823 1781 lat.
857 1722 1156 1780 Literatur
1187 1724 1211 1779 1
1247 1723 1283 1783 l.
1321 1733 1354 1783 :3
1394 1742 1438 1780 c.
1477 1735 1575 1785 33.

558 1838 700 1891 347.
734 1828 909 1885 Hisce
931 1829 1226 1886 addantur
1257 1849 1300 1886 S.
1324 1831 1746 1887 Desiderius

468 1911 723 1998 (Didier)
756 1917 985 1992 Obrege
1024 1913 1288 1997 (Albiga)
1336 1938 1366 1975 e
1414 1919 1593 1977 nobili
1646 1938 1743 1994 ge-

466 2024 621 2073 nere,
675 2007 778 2080 qui
827 2006 1017 2063 adhue
1062 2007 1396 2065 adolescens
1442 2010 1744 2065 thesaura·

464 2095 591 2152 rius
638 2098 765 2152 erat
812 2096 1177 2167 Clotarii11.,
1228 2116 1344 2171 quo
1391 2098 1451 2154 in
1502 2116 1744 2154 munere

466 2203 739 2259 magnam
765 2185 1130 2258 prudentiae,
1166 2186 1485 2261 aequitatis
1507 2204 1570 2243 ac
1592 2186 1742 2243 inte-

465 2273 703 2348 gritatis
740 2272 973 2330 laudem
1008 2280 1100 2331 est
1146 2280 1515 2333 consecutus
1580 2275 1742 2331 Pium

466 2361 874 2437 illibatamque
906 2363 968 2419 in
1004 2364 1137 2420 aula
1158 2364 1327 2420 duxit
1348 2365 1547 2421 vitam.
1593 2366 1744 2422 Mor-

466 2455 570 2507 tuo
618 2451 857 2508 Rustico
908 2452 1184 2525 episcopo
1231 2454 1571 2510 cadurcensi
1619 2454 1744 2526 ejus

464 2540 664 2600 fratre.
713 2540 786 2597 ob
838 2582 861 2606 »
878 2541 1176 2617 angelicos
1211 2560 1401 2600 mores
1449 2546 1507 2599 et
1555 2560 1742 2600 sacer-

467 2629 722 2686 dotalem
780 2631 1282 2689 conversationem
1300 2640 1345 2692 ¹.
1410 2637 1483 2688 ut
1543 2632 1746 2705 inquit

468 2737 565 2776 rex
598 2719 660 2774 in
694 2718 884 2775 literis
918 2719 989 2775 ad
1011 2721 1329 2794 episcopos,
1367 2720 1543 2777 duces
1566 2739 1741 2778 cunc·

464 2815 708 2881 tumque
731 2809 1036 2881 populum.
1072 2809 1183 2865 etsi
1216 2810 1401 2866 laicus
1435 2814 1743 2883 promotus

466 2903 558 2953 est
590 2896 663 2952 ad
709 2896 874 2953 illam
908 2896 1240 2954 cathedram
1277 2894 1363 2978 (Η.
1400 2900 1538 2970 Apr.
1575 2903 1742 2971 630).

466 2986 630 3042 Inter
678 2985 1034 3042 illustriores
1082 2990 1359 3043 censetur
1396 2987 1558 3044 illius
1592 2991 1742 3043 tem-

462 3074 625 3148 poris
647 3073 948 3147 praesules
970 3074 1245 3132 ecclesiae
1267 3075 1601 3150 gallicanae.
1627 3076 1743 3132 imo

463 3161 729 3236 ejusdem
764 3163 1080 3219 Oraculum
1115 3163 1338 3221 dicitur
1383 3164 1455 3221 ab
1503 3168 1743 3222 auctore

462 3269 753 3325 anonymo
775 3251 930 3307 vitae
951 3252 1141 3324 ipsius
1164 3257 1467 3310 accuratae
1497 3258 1553 3309 et
1585 3273 1738 3310 com-

463 3339 837 3396 mendatione
889 3341 1100 3415 dignae
1152 3341 1332 3421 (apud
1382 3342 1630 3398 Labbe
1680 3342 1740 3397 in

461 3428 605 3485 bibl.
639 3447 824 3484 novae
846 3448 984 3484 msc,
1007 3428 1049 3492 Ι,
1088 3441 1210 3490 699
1247 3431 1374 3487 coll.
1398 3431 1739 3504 appendice,

464 3518 712 3591 Migne
760 3517 820 3575 P.
870 3518 926 3573 L.
961 3517 1291 3587 LXXXVII,
1347 3515 1740 3594 siit—246).

462 3605 726 3662 Decessit
800 3615 891 3665 15.
944 3606 1089 3667 Nov.
1153 3618 1310 3672 655;
1375 3608 1475 3664 alii
1540 3613 1737 3665 tamen

460 3694 641 3750 alium
662 3695 867 3750 mortis
886 3697 1193 3770 assignant
1211 3715 1423 3753 annum
1437 3693 1505 3775 2).
1526 3696 1739 3771 Super-

463 3786 606 3838 sunt·
656 3786 890 3840 tantum
937 3786 1204 3855 epistolae
1249 3785 1378 3841 XVI
1434 3786 1740 3859 perbreves

464 3870 602 3927 stilo
652 3871 851 3928 minus
904 3873 1161 3946 eleganti
1228 3875 1586 3948 compositae
1654 3870 1740 3952 (et

542 4043 574 4096 ¹]
605 4041 684 4092 Cf.
738 4039 1217 4104 Dzialowski,
1265 4042 1366 4109 qui
1406 4042 1569 4096 illum
1611 4046 1741 4112 post

460 4114 672 4165 inultas
699 4111 977 4165 editiones
992 4116 1250 4166 accurate
1268 4132 1397 4166 cum
1420 4114 1456 4165 l.
1477 4131 1518 4165 a.
1542 4113 1739 4167 Isidori

461 4182 528 4232 ‹le
561 4182 697 4234 viris
724 4182 805 4235 ill.
834 4183 1030 4242 edidit,
1059 4183 1210 4237 notis
1238 4184 1552 4237 illustravit
1575 4188 1633 4238 et
1653 4187 1741 4236 sat

462 4252 649 4316 rigido
677 4253 924 4306 examini
953 4254 1149 4307 critico
1178 4254 1437 4323 subjecit,
1486 4256 1740 4308 Miinster

470 4330 616 4377 18118.

538 4405 574 4442 ‘Ji
604 4394 748 4446 Hist.
793 4395 875 4449 lit.
906 4396 999 4448 111.
1044 4401 1317 4454 mii—84:
1372 4397 1523 4450 Rene
1572 4397 1737 4451 Pou-

462 4481 541 4531 pa
565 4465 641 4516 rd
660 4465 679 4517 i
698 4483 733 4516 n
764 4466 840 4517 La
872 4466 971 4516 Vic
1001 4467 1067 4517 de
1097 4485 1137 4517 s.
1166 4465 1363 4519 Didier
1389 4467 1488 4520 Ev.
1529 4469 1599 4521 de
1640 4469 1737 4521 Ca-

462 4535 592 4586 hors
622 4543 943 4602 (mam-7551
974 4537 1130 4604 publ.
1160 4537 1383 4606 d⁴apres
1409 4539 1488 4591 les
1516 4556 1737 4593 manus-

461 4605 596 4657 crits
624 4606 691 4656 de
724 4606 877 4658 Puris
904 4611 959 4658 et
988 4610 1369 4676 ‹jopenhagen
1398 4610 1553 4662 Paris
1590 4617 1736 4665 1900.

460 4676 521 4725 in
551 4693 661 4740 qna
690 4677 917 4728 exhibet
950 4678 1124 4729 vitam
1151 4680 1449 4746 antiquam
1480 4698 1584 4733 sec.
1608 4682 1737 4732 vlu

461 4747 722 4796 excuntis
754 4748 839 4798 vel
870 4749 1119 4800 ineuntis
1153 4750 1238 4801 IX.

995 200 1291 254 637—700.
1324 198 1716 268 ildephonsus,
1746 199 2091 263 Desiderius,
2121 199 2413 267 Eugenius
2442 201 2539 254 tol.

2954 215 3082 271 628

1805 387 2022 461 viginti
2078 406 2195 445 una
2255 389 2324 444 ad
2378 382 2623 466 ipsum).
2691 405 2838 461 quas
2901 387 3083 445 habes

1803 476 1961 549 apud
2014 476 2436 541 Canisium,
2492 477 2594 551 qui
2644 476 2758 534 sibi
2806 476 3090 550 permisit

1803 565 2211 633 correctioneS,
2255 568 2392 627 Ant.
2430 566 2559 624 lect.
2593 564 2659 635 V,
2699 573 3078 633 526-5373

1804 654 1888 711 ed.
1914 655 2024 723 21,
2046 653 3081 729 63ss-ss42,MigneP.L.LXXXVII,

1809 752 2186 813 247—26383
2223 745 2578 816 Bouquet
2609 745 2738 803 Rec.
2772 743 2869 812 IV,
2910 752 3082 803 36—-

1804 842 1904 899 49,
1941 833 2186 890 Arndt
2222 844 2384 894 1892
2422 838 2527 891 etc.
2565 866 2647 874 —-
2682 833 3087 908 Eugenius

1803 922 2050 980 antistes
2074 923 2388 989 toletanuS,
2425 923 2680 996 quicum
2703 921 2893 979 adhuc
2908 923 3081 979 cleri-

1808 1030 1911 1067 cus
1945 1014 2101 1068 esset
2140 1011 2300 1076 ,vita
2328 1010 2939 1069 monachidelectatus
2973 1015 3082 1080 est,

1803 1104 1871 1156 ut
1905 1098 2173 1177 scribit¹)
2221 1120 2264 1156 s.
2310 1099 2722 1173 IldephonsuS,
2770 1101 2899 1173 ejus
2949 1118 3083 1157 suc-

1803 1206 2011 1247 cessor.
2066 1189 2178 1256 Qui
2212 1189 2403 1264 sagaci
2435 1190 2578 1264 suga
2609 1189 2815 1246 urbem
2850 1190 3082 1246 Caesar-

1803 1282 2208 1353 augustanum
2269 1281 2506 1352 petens.
2569 1277 2692 1335 illic
2750 1281 3083 1352 martyrum

1805 1367 2091 1441 sepulcris
2157 1367 2414 1424 inhaesit
2476 1366 2678 1441 ibique
2744 1368 2943 1424 studia
2991 1385 3082 1423 sa·

1805 1456 2060 1530 pientiae
2093 1460 2152 1513 et
2184 1457 2546 1529 propositum
2570 1457 2840 1513 monachi
2872 1456 3083 1513 decen-

1805 1549 1896 1602 ter
1927 1545 2208 1603 incoluit:
2259 1545 2414 1602 unde
2451 1544 2764 1618 principali
2801 1544 3090 1602 violentia
3173 1601 3184 1609 ,

1804 1634 2084 1691 reductus
2105 1637 2285 1706 atque
2307 1635 2368 1690 in
2388 1634 2798 1708 pontificatum
2819 1634 3083 1690 adscitus

1805 1723 2158 1801 (toletanum
2206 1742 2254 1780 a.
2306 1720 2456 1801 646)
2496 1723 2676 1780 vitam
2713 1723 2852 1796 plus
2887 1722 3082 1779 virtu-

1802 1815 1933 1869 tum
1965 1812 2194 1869 meritis
2236 1831 2410 1885 quam
2459 1811 2690 1868 viribus
2738 1812 2877 1886 egit.
2941 1810 3082 1867 Fuit

1801 1920 2053 1975 namque
2075 1918 2312 1974 corpore
2345 1900 2561 1968 tenuia,
2597 1918 2817 1974 parvus
2850 1899 3082 1967 robore,

1802 1989 1902 2047 sed
1934 1990 2127 2047 valide
2175 1990 2503 2045 fervescens
2551 1988 2801 2062 spiritus
2837 1988 3082 2055 virtute,

1802 2078 2129 2135 studiorum
2185 2078 2474 2134 bonorum
2526 2078 2644 2134 vim
2699 2094 3082 2151 persequenS,

1801 2172 2009 2224 cantus
2045 2166 2318 2241 pessimis
2351 2166 2562 2223 usibus
2609 2166 2845 2223 vitiatos
2894 2166 3081 2223 melo-

1802 2256 1929 2313 diae
1992 2256 2326 2331 cognitione
2394 2255 2674 2321 correxit‚
2754 2255 3082 2314 officiorum

1801 2345 2045 2402 omissos
2077 2344 2313 2401 ordines
2349 2363 2667 2417 curamque
2714 2344 3081 2419 discrevit2).

1804 2434 2053 2508 Scripsit
2085 2435 2151 2489 de
2183 2452 2226 2492 3.
2258 2434 2536 2490 Trinitate
2556 2433 2829 2490 libellum
2866 2436 2927 2490 et
2958 2433 3081 2489 elo-

1803 2524 1940 2598 quio
1989 2522 2246 2579 nitidum
2300 2526 2358 2577 et
2409 2522 2498 2578 rei
2547 2522 2798 2578 veritate
2850 2521 3082 2596 perspi-

1802 2632 1976 2670 cuum
1994 2621 2039 2678 ‘,
2092 2612 2193 2685 qui
2227 2616 2424 2668 tamen
2458 2611 2650 2686 periit.
2717 2612 2798 2668 De
2831 2612 2960 2684 ejus
2994 2610 3083 2667 la-

1801 2701 2067 2766 boribus,
2120 2701 2338 2774 quibus
2387 2699 2729 2758 reformavit
2779 2699 3082 2756 Dracontii

1802 2791 1871 2847 de
1904 2790 2198 2847 creatione
2231 2789 2481 2850 libellos.
2528 2789 2649 2862 jam
2699 2806 2882 2863 supra
2926 2788 3082 2845 dixi-

1802 2897 1932 2935 mus
1954 2899 2005 2952 p.
2034 2889 2157 2939 445
2185 2878 2365 2934 Plura
2389 2878 2635 2951 reliquit
2653 2877 3085 2952 epigrammata

1802 2971 1911 3028 etc.
1977 2968 2131 3024 Haec
2179 2967 2374 3024 omnia
2425 2966 2774 3038 prodierunt
2835 2966 3088 3024 collecta

1802 3076 1940 3113 cura
1974 3056 2040 3112 Si
2063 3075 2163 3112 rm
2184 3055 2362 3112 ondi
2395 3055 2631 3111 Parisiis
2661 3065 2822 3116 1619
2845 3076 2858 3124 ;
2882 3055 2946 3112 111
2968 3055 3084 3112 ΡΡ.

1802 3145 1963 3202 tolet.
1997 3144 2104 3208 ed..
2161 3143 2385 3200 Matriti
2449 3153 2638 3208 17823
2693 3143 2755 3200 in
2807 3143 3086 3202 Gallandi

1802 3233 1940 3290 bibl.
1963 3232 2162 3296 t.x11;
2198 3233 2259 3289 in
2294 3231 2545 3308 Migne
2579 3232 2640 3288 P.
2662 3232 2722 3289 L.
2747 3231 3084 3301 LXXXVII,

1804 3331 2147 3382 :issa—418
2213 3321 2275 3378 in
2327 3331 2448 3377 tres
2500 3321 2781 3377 distincta
2832 3341 2947 3395 pp..
3017 3322 3088 3378 111

1801 3430 2050 3484 quarum
2112 3422 2154 3470 l.
2188 3410 2569 3467 continentur
2599 3413 2860 3466 carmina
2875 3407 2926 3489 ³)
2964 3421 3034 3471 :31
3068 3432 3082 3476 ;

1879 3621 1912 3664 ’1
1943 3615 2021 3666 De
2050 3615 2152 3668 vir.
2180 3615 2264 3667 ill.
2293 3614 2521 3682 scriptis
2548 3631 2600 3666 c.
2627 3623 2704 3668 14.
2752 3617 2833 3666 Cf.
2863 3615 2982 3666 vita
3012 3632 3086 3667 ex

1799 3686 1938 3741 Coll.
1959 3686 2063 3738 ΡΡ.
2082 3687 2291 3739 tolet.a
2312 3686 2708 3737 Lorenzana
2737 3686 2822 3738 ed.
2848 3684 3084 3754 Migne

1798 3758 1994 3811 LXXX
2009 3757 2123 3816 VII,
2187 3763 2463 3814 553-—582
2527 3756 2648 3810 Nic.
2697 3760 2743 3808 A
2765 3775 2798 3808 n
2817 3760 2887 3810 to
2906 3756 3038 3810 niu
3059 3775 3096 3810 sv

1796 3829 1857 3881 in
1888 3829 2024 3881 bibl.
2053 3828 2199 3897 hisp,
2229 3830 2338 3880 vet.
2375 3827 2437 3886 V,
2469 3836 2498 3880 5
2527 3843 2581 3878 n.
2608 3833 2706 3883 251
2739 3845 2827 3891 se„
2854 3827 2929 3881 ib.
2952 3831 3085 3883 347-
3161 3860 3165 3864 <

1797 3899 2096 3958 35228011
2119 3899 2325 3952 roedl
2351 3897 2463 3948 KL.
2495 3899 2584 3960 IV,
2613 3901 2734 3954 975.

1872 3974 1911 4040 ²)
1941 3971 2025 4025 Cf.
2052 3969 2202 4022 Hier.
2245 3969 2292 4021 R
2309 3986 2340 4022 o
2359 3988 2412 4020 m
2434 3985 2463 4021 e
2481 3968 2543 4020 ri
2589 3969 2920 4036 explanatio
2950 3986 3084 4024 can·

1797 4047 1888 4094 tus
1937 4041 2182 4108 Eugenii
2221 4057 2317 4092 seu
2349 4039 2614 4093 Melodici
2638 4039 2794 4109 apud
2825 4040 2878 4091 M
2898 4039 2918 4091 i
2935 4060 2975 4109 g
2995 4059 3027 4092 n
3051 4056 3084 4093 e

1798 4112 2092 4172 LXXXVI,
2120 4120 2188 4167 33
2215 4130 2254 4165 e.
2965 4175 2977 4186 ·

1869 4193 1909 4234 ³·
1938 4183 2019 4236 Cf.
2071 4183 2162 4235 Ba
2181 4201 2216 4234 u
2238 4184 2621 4246 ingartner
2671 4181 2764 4244 IV,
2812 4189 2905 4236 241
2937 4204 2949 4235 :
3003 4183 3086 4235 Er

1795 4254 1870 4307 ist
1904 4255 1996 4307 ein
2035 4251 2530 4314 warmffihlender,
2567 4251 3083 4322 liebenswflrdiger

1795 4327 2043 4388 Mensch,
2095 4325 2202 4377 mit
2244 4322 2679 4376 dichterischem
2709 4323 3086 4392 Formgefiihl

1799 4399 2021 4460 bey-raet.
2050 4397 2148 4449 der
2175 4397 2309 4448 aber
2336 4396 2435 4446 der
2462 4393 2929 4464 Ucberliet'erung
2955 4396 3082 4448 und

1797 4469 2040 4536 Uebung
2066 4467 2165 4520 der
2191 4465 2624 4518 altklassischen
2653 4464 2868 4517 Muster
2895 4466 3084 4519 echon

1795 4558 1864 4591 zu
1917 4541 2037 4591 fern
2075 4540 2241 4597 steht,
2294 4554 2389 4589 uin
2426 4535 2579 4588 ihrer
2605 4535 3088 4590 Forinschtinheit

1795 4611 2124 4662 nacbeifern
2153 4627 2222 4660 zu
2246 4607 2488 4668 konnen,
2512 4607 2604 4658 fiir
2624 4608 2776 4660 seine
2799 4606 2921 4660 Zeit
2941 4609 3086 4661 aber

1795 4682 1940 4733 noch
1995 4681 2160 4733 einen
2213 4679 2661 4730 achtenswerten
2705 4677 2838 4731 Rest
2885 4678 3086 4732 davon

1797 4752 2015 4805 hesitzt.
