3505 5161
403 244 482 297 46
492 244 527 296 9
1420 227 1451 281 J
1457 244 1668 282 oannes
1694 227 2020 282 Maxentius
2894 247 2930 299 4
2943 247 2971 298 7
2986 244 3021 299 0

401 412 670 471 Theodor
717 432 771 471 v.
822 414 1186 489 Mopsuestia
1231 415 1358 474 und
1404 414 1443 473 J
1448 414 1676 473 unilius
1733 416 1974 479 frustra.
2023 416 2178 474 Hinc
2207 415 2477 474 monachi
2512 415 2753 474 Romam
2787 436 2847 475 se
2881 436 3017 476 con·

399 503 467 564 A.
517 501 604 559 als
662 501 979 579 Exegeten,
1042 503 1335 580 Freiburg
1391 512 1556 567 1880
1620 523 1676 579 p.
1732 506 2010 564 tulerunt·
2029 501 2210 585 (519)
2233 506 2414 578 atque
2444 504 2517 562 ad
2550 504 2860 580 episcopos
2880 507 3018 565 afri-

403 599 527 654 254
562 608 638 649 ss.
1734 612 1913 653 canos
1946 597 2094 653 tunc
2124 594 2187 652 in
2219 592 2523 652 Sardiniae
2555 593 2753 652 insula
2784 595 3018 654 exsules

1734 683 2122 758 scripserunt,
2171 700 2426 757 qnorum
2470 681 2709 740 nomine
2756 700 2803 746 s.
2837 683 3017 742 Ful-

491 777 635 831 265.
666 768 882 828 Contra
927 770 1195 829 haereses
1228 769 1416 829 seculi
1449 772 1677 847 praete-
1732 772 2055 849 gentius
2088 790 2176 847 ep.
2220 781 2289 833 17
2343 788 2449 829 seu
2486 771 2686 847 potius
2717 771 3015 849 insignem

397 856 519 927 riti,
566 858 1058 935 pelagianam
1091 860 1234 931 scil.,
1278 860 1676 918 nestoria-
1731 864 2055 920 tractatum
2116 861 2185 918 de
2246 861 2646 918 incarnatione
2715 868 2764 919 et
2819 864 3016 937 qratia

400 966 559 1004 nam
600 950 662 1005 et
704 948 1416 1024 monophysiticam
1449 948 1678 1024 aliquot
1731 951 1910 1009 Petro
1943 949 2205 1018 diacone,
2240 947 2475 1007 dnobus
2496 947 2745 1008 Joannis
2777 951 3017 1009 nomine

399 1035 712 1110 scriptores
788 1041 1153 1114 pugnarunt.
1247 1038 1341 1096 lta
1414 1037 1676 1096 Joannes
1730 1038 2038 1117 insignitis
2054 1036 2333 1118 (quorum
2352 1037 2504 1096 forte
2523 1057 2683 1097 unus
2703 1041 2794 1097 est
2812 1042 3019 1099 noster

396 1125 868 1196 Maxentius,
920 1144 1080 1185 unus
1112 1145 1180 1185 ex
1212 1126 1513 1186 monachis
1546 1144 1675 1201 scy-
1734 1127 2111 1209 Maxentius),
2159 1126 2406 1186 Leontio
2454 1126 2708 1203 aliisque
2748 1127 3012 1187 destina-

396 1213 532 1284 this,
584 1213 689 1288 qui
737 1213 912 1273 initio
962 1214 1143 1290 hujus
1190 1215 1378 1274 seculi
1412 1215 1672 1274 Orientis
1730 1219 1835 1288 vit,
1890 1216 1952 1276 in
2001 1234 2120 1292 quo
2158 1214 2577 1274 monachorum
2616 1215 2761 1276 fides
2801 1218 3013 1293 proba-

396 1301 718 1362 turbarunt
777 1303 1051 1362 ecclesias
1112 1322 1266 1363 nova
1341 1303 1675 1380 excogitata
1727 1309 1848 1365 tur.
1892 1306 2036 1365 Cum
2059 1303 2403 1364 Hormisdas
2424 1304 2630 1363 Fausti
2664 1306 3011 1376 doctrinam,

397 1391 668 1463 formula,
717 1410 834 1467 qua
865 1392 1177 1467 putabant,
1224 1396 1429 1451 contra
1458 1394 1674 1452 Nesto·
1731 1414 1906 1469 quam
1941 1395 2068 1470 ipse
2102 1393 2259 1452 siout
2302 1395 2364 1452 et
2394 1393 2744 1471 Pelagianos
2777 1395 3017 1472 egregie

394 1481 590 1539 rianos
661 1483 722 1539 et
789 1481 1191 1559 Eutychianos
1253 1482 1673 1541 incarnationis
1727 1485 2056 1561 impugnat,
2120 1500 2242 1542 non
2292 1482 2600 1542 damnaret
2659 1483 2724 1541 in
2782 1501 2891 1541 sua
2940 1486 3011 1542 acl

395 1569 571 1628 Verbi
604 1570 949 1646 mysterium
984 1570 1333 1630 brevissime
1365 1570 1544 1629 simul
1583 1577 1672 1630 at·
1727 1574 2137 1631 Possessorem
2168 1572 2571 1646 responsione,
2605 1571 2755 1631 hanc
2773 1573 3011 1631 Maxen-

396 1676 511 1732 que
573 1658 800 1734 optime
860 1658 1147 1734 exprimi,
1227 1660 1278 1718 si
1342 1659 1670 1719 diceretur:
1726 1662 1852 1720 tius
1884 1662 1949 1720 in
1979 1663 2347 1736 responsione
2376 1660 2659 1719 adversus
2681 1661 3009 1737 epistolam,

398 1748 603 1816 ¹,Unus
635 1766 706 1806 ex
724 1748 1017 1807 Trinitate
1049 1766 1224 1807 carne
1255 1751 1350 1807 est
1378 1767 1591 1826 passus
1609 1750 1670 1824 ¹).
1726 1770 1908 1826 quam
1952 1750 2024 1808 ad
2066 1750 2469 1809 Possessorem
2515 1769 2549 1807 a
2592 1767 2836 1809 romano
2884 1752 3012 1826 epi-

396 1835 580 1904 Quam
629 1837 944 1896 formulam
1005 1842 1176 1897 caute
1236 1841 1298 1897 et
1346 1838 1673 1914 prudenter
1726 1858 1901 1916 scopo
1932 1839 2141 1898 dicunt
2172 1838 2450 1896 haeretici
2479 1838 2850 1909 destinatam,
2897 1840 3008 1897 im-

393 1926 587 1984 noluit
619 1926 1073 1985 Hormisdas
1104 1927 1309 1996 statim
1329 1929 1670 2004 approbare,
1730 1928 2037 2006 pugnavit,
2103 1946 2169 1986 ac
2231 1928 2281 1985 si
2342 1927 2415 1986 ab
2465 1927 2775 1986 haereticis
2827 1929 3008 1987 fuerit

392 2018 526 2072 tum
558 2015 699 2090 quia
731 2016 1005 2089 quamvis
1037 2034 1191 2085 vera,
1237 2034 1390 2075 nova
1421 2019 1529 2088 est,
1563 2035 1667 2075 ne·
1726 2016 1994 2094 pontifici
2028 2017 2351 2093 supposita.
2420 2015 2671 2092 Scripsit
2707 2022 3009 2093 praeterea

395 2122 510 2178 que
540 2121 784 2162 necesse
821 2107 926 2175 est,
978 2123 1161 2163 novas
1196 2122 1427 2181 semper
1457 2105 1672 2164 cudere
1727 2109 1933 2166 contra
1977 2105 2368 2165 Nestorianos
2414 2106 2709 2164 duodecim
2753 2108 3013 2180 capitula

393 2191 529 2251 fidei
562 2192 864 2263 formulas,
905 2195 1034 2251 tum
1067 2194 1209 2268 quia
1238 2211 1359 2252 non
1392 2194 1670 2252 omnibus
1728 2214 1835 2255 seu
1886 2195 2440 2263 anathematismos,
2504 2195 2610 2269 qui
2672 2194 2823 2254 forte
2872 2196 3011 2255 illae

393 2282 694 2340 arridebat
735 2282 1025 2358 novisque
1070 2283 1491 2341 controversiis
1540 2287 1670 2342 tur·
1729 2289 1873 2343 sunt
1934 2284 2397 2343 contestationes
2418 2327 2432 2351 ,
2510 2302 2659 2358 quas
2736 2286 3010 2343 monachi

391 2370 637 2430 bulento
682 2370 789 2429 illo
834 2374 1103 2447 tempore
1147 2372 1468 2447 praebebat
1509 2390 1671 2431 occa-
1728 2374 1965 2449 publice
1988 2373 2200 2431 Romae
2232 2371 2558 2446 affixerant,
2594 2390 2730 2431 cum
2762 2391 2829 2431 ex
2862 2376 3011 2431 urbe

392 2460 604 2538 siones,
647 2461 779 2518 tum
824 2461 965 2535 quia
993 2460 1322 2519 instantius
1355 2480 1535 2536 quam
1566 2480 1674 2537 par
1728 2464 1879 2521 clam
1926 2461 2314 2538 aufugerent3
2363 2479 2592 2521 necnon
2643 2464 2705 2520 et
2754 2463 3012 2538 dialoyos

393 2552 520 2608 erat
581 2550 712 2626 ejus
774 2549 1105 2627 urgebatur
1165 2549 1513 2626 approbatio
1563 2552 1670 2610 etc.
1727 2553 1874 2612 duos
1923 2570 2029 2611 seu
2080 2549 2266 2610 libros
2311 2551 2374 2610 in
2420 2550 2609 2609 forma
2654 2550 2894 2629 dialogi,
2946 2552 3011 2611 in

391 2639 780 2698 Postmodum
829 2656 970 2698 sane
1027 2640 1304 2698 omnibus
1355 2640 1674 2717 diligenter
1728 2642 1950 2718 quibus
1975 2641 2153 2716 juxta
2180 2639 2920 2717 Fessler-Jungmann
2953 2643 3010 2700 11

392 2727 660 2803 expensis
709 2747 839 2787 eam
887 2729 1162 2804 probavit
1206 2727 1245 2786 J
1261 2747 1547 2787 oannes
1594 2727 1669 2785 II.
1724 2751 1784 2807 p,
1810 2740 1844 2793 2
1868 2749 1999 2807 pag.
2026 2740 2148 2792 406
2184 2748 2232 2791 a.
2269 2731 2580 2797 ,accurate
2613 2732 2674 2787 et
2705 2730 3015 2789 subtiliter

392 2817 696 2893 Urgebant
741 2817 829 2875 illi
881 2818 1151 2876 monachi
1199 2817 1378 2876 etiam
1430 2818 1672 2875 damna·
1726 2818 2060 2896 generatim
2111 2818 2183 2876 de
2234 2817 2638 2876 incarnatione
2690 2816 2884 2888 Verbi,
2948 2819 3011 2876 in

389 2905 614 2964 tionem
646 2906 708 2966 ll.
756 2907 1034 2965 Fausti
1079 2906 1330 2981 reiensis
1376 2904 1449 2964 de
1482 2906 1672 2982 gratia
1727 2907 1922 2983 specie
1955 2924 2088 2966 vero
2123 2906 2194 2964 de
2239 2924 2525 2982 personae
2557 2907 2796 2964 nemine
2829 2912 3011 2981 atque

390 2993 486 3069 (cf.
537 3013 719 3070 supra
766 3015 822 3070 p.
876 2989 1048 3077 384).
1111 2995 1184 3052 In
1233 3012 1411 3053 eausa
1460 2994 1670 3053 horum
1728 2995 2143 3072 intelligentia,
2196 3012 2425 3053 necnon
2474 2994 2548 3052 de
2597 2994 2852 3053 formula
2893 2997 3013 3055 ista

389 3084 811 3143 monachorum
845 3083 1549 3160 scripsitMaxentins
1580 3102 1672 3158 ep.
1727 3088 2105 3143 controversa
2190 3083 2580 3159 disputavit}
2680 3084 3014 3143 Praemissa

391 3167 550 3253 (cum
583 3172 949 3248 professione
982 3174 1053 3231 de
1086 3167 1345 3254 Christo)
1392 3172 1467 3230 ad
1513 3172 1671 3249 lega-
1726 3173 1894 3233 brevi
1926 3172 2061 3231 fidei
2094 3172 2455 3249 professione
2488 3173 2559 3230 de
2591 3172 2904 3231 Trinitatis
2950 3181 3012 3233 et

388 3264 483 3320 tos
515 3261 671 3320 sedis
701 3262 1060 3337 apostolicae
1092 3262 1196 3324 ΟΡ.
1230 3261 1532 3337 degentes,
1569 3262 1670 3319 sed
1728 3262 2152 3321 incarnationis
2200 3261 2500 3336 mysteriis
2547 3261 2788 3336 scripsit
2832 3262 3010 3322 etiam

1724 3359 1930 3412 contra
1990 3351 2308 3426 Acephalos
2370 3367 2477 3409 seu
2539 3350 3004 3427 Menophysitas.

1727 3442 1902 3499 Forte
1934 3439 2061 3516 ipse
2099 3442 2193 3498 est
2235 3438 2337 3498 ille
2369 3438 2651 3510 Joannes,
2698 3439 2795 3497 cui
2842 3436 3005 3521 (cum

470 3508 503 3575 Ι)
531 3503 615 3557 cf.
641 3505 709 3558 de
737 3505 844 3558 hac
871 3505 1117 3559 formula
1156 3504 1352 3559 doctas
1378 3503 1510 3557 diss.
1552 3503 1604 3556 N
1618 3519 1671 3557 o·
1727 3524 2005 3609 Venerio)
2068 3528 2421 3605 Fulgentius
2496 3527 2808 3604 inscripsit,
2868 3546 3009 3588 suos

389 3574 566 3628 risii
616 3575 677 3628 in
713 3575 845 3629 hist.
896 3576 1315 3630 controversiae
1358 3578 1421 3628 de
1459 3594 1564 3629 uno
1607 3594 1672 3628 ex
2090 3620 2100 3631 .
2526 3620 2538 3632 .
2727 3619 2739 3631 .

399 3649 656 3701 Trinitate
690 3665 853 3715 passo
893 3664 1023 3717 opp.
1065 3646 1164 3703 [Π.
1191 3649 1294 3703 775
1317 3651 1474 3701 ,942
1519 3648 1577 3698 et
1601 3645 1671 3699 de
1725 3621 1850 3676 tres
1883 3618 1952 3676 de
1981 3625 2215 3676 ver-atace
2236 3620 2768 3691 praedestmotoms
2798 3625 2847 3676 et
2862 3639 3004 3696 yra-

387 3717 504 3771 alia
529 3718 734 3772 horum
761 3718 1169 3771 monachorum
1198 3716 1583 3772 controversia
1610 3716 1670 3769 in
1726 3709 1840 3767 tiae
1871 3708 1927 3765 u.
1969 3726 2018 3770 a.
2056 3715 2200 3770 523.
2234 3741 2320 3752 —-
2354 3707 2713 3766 Prodierunt
2744 3707 3009 3783 ejusdem

388 3788 522 3842 hist.
562 3789 675 3858 pel.
704 3790 737 3843 l.
766 3794 797 3841 2
839 3806 886 3841 c.
917 3793 1141 3852 18-20,
1181 3788 1260 3843 ib.
1303 3789 1346 3852 I,
1387 3791 1674 3844 4742-504
1727 3797 1955 3872 scripta,
2000 3814 2140 3854 eura
2186 3796 2548 3855 cochlaei
2596 3815 2732 3855 cum
2782 3814 2828 3854 g,
2876 3796 3011 3873 Cy-

388 3860 704 3988 {32:355
732 3859 1276 3985 &33235135335
1311 3859 1672 3985 333ss
1726 3884 1987 3962 priani
2019 3884 2298 3960 01>0rib¹2⁸
2319 3884 2581 3944 Basileae
2609 3894 2771 3948 1⁵20
2796 3890 3011 3944 etcum

386 4005 640 4074 tempore
668 4001 878 4056 Trifo
895 4001 1006 4056 liu
1025 4021 1050 4055 s
1074 4003 1372 4071 presbyter
1399 4001 1460 4054 in
1488 4019 1516 4055 e
1565 4042 1576 4054 .
1597 4002 1669 4055 ad
1726 3974 2005 4051 operibus
2027 3992 2072 4036 ⁸·
2103 3973 2477 4074 Falgflqffii
2507 3973 2798 4074 Hagenau
2827 3985 3013 4037 1520·

387 4072 627 4127 Beatum
645 4073 916 4127 Faustum
944 4075 1261 4128 senatorem
1277 4076 1476 4127 contra
1540 4090 1671 4125 oan·
1725 4065 1945 4123 Textus
2008 4081 2184 4138 quem
2236 4061 2477 4121 exhlbet
2527 4063 2621 4120 Mi
2637 4081 2731 4139 gn
2748 4080 2779 4119 e
2828 4063 2891 4124 P.
2945 4064 3011 4120 G.

387 4161 515 4200 nem
542 4146 757 4214 scytam
785 4145 1129 4199 monachum
1158 4144 1306 4198 hanc
1332 4143 1673 4214 propositio·
1726 4151 1998 4222 LXXXV,
2039 4159 2339 4214 73—158
2377 4151 2742 4209 deformatus
2774 4169 2881 4209 nec
2916 4170 3009 4209 sa..

387 4232 533 4281 nem‚
551 4215 620 4271 de
638 4233 800 4284 quaa
817 4216 1028 4270 Fausto
1049 4216 1240 4269 fuerat
1266 4215 1671 4286 interrogatus,
1724 4242 1806 4300 tis
1838 4259 2027 4317 purus
2071 4243 2350 4299 censetur
2395 4259 2428 4297 a
2473 4239 2517 4297 L
2533 4258 2567 4298 0
2583 4257 2617 4297 0
2634 4238 2701 4297 fg
2718 4283 2732 4309 ‚
2786 4241 2892 4315 qui
2940 4241 3012 4299 (10

386 4286 617 4409 {mistro
643 4303 873 4369 prorsus
898 4287 1405 4369 interpretamento
1432 4286 1670 4367 accepit,
1725 4331 1819 4389 his
1869 4330 2171 4389 monachis
2222 4347 2282 4388 sc
2323 4328 2445 4387 this
2496 4327 2741 4386 disserit
2803 4328 2866 4387 in
2916 4347 2949 4386 o
2997 4374 3010 4386 .

412 4361 532 4412 orte
559 4375 697 4427 quia
723 4361 796 4414 ob
820 4361 1017 4414 turbas
1057 4373 1180 4426 eJus
1207 4374 1500 4413 occasione
1526 4374 1671 4411 exci-
2282 4348 2318 4405 y
2954 4349 2992 4404 Ρ

386 4431 535 4484 tatas
561 4430 616 4483 ei
642 4433 902 4500 suspecta
919 4429 1041 4483 visa
1056 4432 1157 4492 est,
1189 4431 1310 4483 tum
1329 4428 1467 4497 quia
1484 4446 1670 4498 neque
1724 4419 2011 4478 Leontius
2041 4437 2157 4477 von
2189 4419 2419 4495 Byzanz
2465 4416 2592 4475 und
2637 4417 2732 4474 die
2778 4417 3006 4493 gleich-

383 4503 535 4555 recte
565 4501 619 4556 01
646 4500 762 4554 ¹¹1st
799 4500 1112 4571 P1‘0P08st2·
1178 4500 1474 4566 Quassssivit
1517 4500 1667 4555 enim
1723 4505 3010 4585 namigenSchriftstellerdergriech.Kirche

387 4570 630 4626 Faustus
656 4571 730 4624 ab
769 4589 851 4634 eo,
895 4571 1035 4640 quid
1073 4572 1312 4626 sentiret
1350 4573 1420 4626 de
1465 4589 1667 4642 propo·
1724 4598 1763 4655 1·
1806 4610 1855 4669 1,
1887 4597 2122 4674 Lipsiae
2158 4605 2318 4660 1837
2356 4596 2418 4654 in
2449 4595 2511 4654 T·
2545 4615 2602 4654 u·
2634 4594 2700 4655 U·
2734 4594 2810 4667 Π,
2848 4603 3006 4656 229,

387 4641 623 4696 sitione:
678 4642 872 4705 „Unus
922 4644 991 4696 de
1032 4642 1314 4697 Trinitate
1366 4642 1668 4697 crucifixus
2020 4687 2031 4698 .
2680 4684 2691 4696 .
2770 4685 2782 4696 .
2876 4685 2887 4696 .

386 4716 517 4767 est.··
573 4714 656 4768 Cf.
700 4713 999 4783 epistolam
1042 4714 1104 4767 in
1150 4716 1260 4769 fine
1299 4714 1564 4768 mutilam
1606 4714 1667 4768 in
1728 4696 1844 4750 26¹
1867 4686 2110 4757 3dur1us
2129 4689 2330 4744 tumim
2353 4687 2422 4744 de
2439 4685 2733 4744 Mflxentm
2757 4684 3008 4760 judicat,

386 4785 441 4837 M
459 4785 584 4856 ign
603 4803 633 4840 e
660 4785 720 4838 Ρ.
749 4786 807 4838 L.
834 4785 1029 4848 Lxffl,
1058 4792 1360 4842 533-536.
1723 4795 1862 4835 eum
1893 4775 2330 4851 monophysitis
2363 4792 2696 4834 accensens.
