3505 5161
397 226 474 277 94
484 224 516 277 5
1332 207 1383 260 S.
1412 206 1607 262 Bruno
1634 205 2067 276 herbipolensis.

2880 223 3002 276 946

390 402 512 453 tres
572 396 948 453 resolverunt
1010 413 1326 454 sermones,
1421 395 1671 470 Aliquot
1724 412 1939 470 scopus
1984 411 2123 452 vero
2170 391 2602 468 herbipolensis
2647 394 2739 450 est
2782 394 3006 451 electus

394 480 530 564 (⁸10)
560 502 866 558 sermone-3,
901 483 1058 542 inter
1077 483 1379 558 quosVin
1395 484 1454 545 b.
1475 484 1669 560 Virgi-
1725 504 1776 543 a.
1819 492 2004 546 1034.
2070 481 2219 550 ,Vir
2261 486 2403 551 erat,
2450 481 2653 556 inquit
2696 482 3004 541 'frithe-

390 592 543 643 nem,
573 574 746 648 cujus
768 577 895 631 erat
915 572 1358 637 devotissimus,
1394 572 1671 642 ,Quanto
1726 573 1924 631 mius
1958 572 2169 631 Annal.
2212 582 2262 641 1,
2309 580 2446 641 169,
2495 589 2601 647 per
2645 570 2845 629 omnia
2883 572 3008 631 Deo

391 663 547 721 enim
570 680 783 733 amore,
814 661 993 721 refert
1014 662 1348 721 Guilelmus
1369 662 1671 721 Malmesb.
1726 666 1788 720 et
1819 660 2161 719 hominibus
2193 662 2484 735 acceptu-²1,
2523 660 2749 734 justus,
2797 660 3005 719 doctus

393 752 464 811 de
496 752 683 827 gestis
715 769 839 828 reg.
872 752 1026 827 angl.
1066 751 1104 809 l.
1142 760 1176 813 2
1225 769 1272 814 c.
1314 762 1410 820 11,
1458 752 1522 810 in
1567 751 1671 809 ho·
1727 755 1789 809 et
1820 750 2176 809 christianae
2207 749 2358 826 legis
2391 749 2587 807 cultor
2625 749 2686 807 et
2714 767 3007 826 propaga-

388 857 588 899 norem
653 840 918 916 Virginis
980 840 1379 910 anhelaverit,
1451 840 1674 917 poterit
1727 844 1822 898 tor
1895 839 2379 916 integerrimus}
2464 837 2793 914 Episcopus
2871 857 3007 897 vero

390 930 676 1005 conjicere
709 930 814 1005 qui
860 930 1120 988 audierit
1151 932 1361 988 cantus
1395 929 1675 988 coelestia
1728 929 1921 988 factus
1969 928 2078 997 ,in
2119 927 2281 987 omni
2314 926 2630 986 sanctitate
2673 931 2734 985 et
2770 928 3009 1003 justitia

394 1024 529 1078 vota
558 1024 897 1080 sonantes.‘
964 1019 1164 1094 Ipsius
1195 1022 1397 1077 tamen
1429 1038 1549 1077 non
1582 1021 1675 1077 est
1727 1018 1887 1077 omni
1933 1021 2198 1093 tempore
2243 1016 2705 1093 diligentissime
2751 1016 3006 1089 studuit,

394 1126 582 1167 sermo
615 1108 688 1166 de
718 1108 1125 1183 assumptione
1158 1108 1212 1171 b.
1245 1109 1321 1170 M.
1353 1108 1421 1169 V.
1453 1108 1591 1166 olim
1629 1126 1673 1165 s.

392 1198 751 1272 AugustinO,
805 1197 943 1255 dein
993 1197 1110 1273 ipsi
1161 1197 1448 1255 tributus.
1514 1196 1673 1255 Reli-

394 1286 529 1362 quit
571 1295 633 1344 et
677 1286 1096 1345 brevissimum
1124 1287 1525 1361 poenitentiale
1563 1285 1673 1344 lai·

393 1394 592 1434 corum
613 1379 675 1433 et
704 1376 1044 1445 mulierum,
1078 1376 1316 1451 hymnos
1334 1377 1395 1433 et
1415 1375 1675 1434 carmina

397 1461 985 1545 (27)·ecclesiastica.
1017 1496 1107 1508 —-
1150 1465 1282 1522 Vita
1329 1484 1372 1526 s,
1406 1464 1678 1523 Autberti

394 1554 655 1629 episcopi
686 1554 1108 1613 cameracensis
1129 1549 1494 1634 (633·669),
1518 1553 1675 1628 apud

396 1642 702 1701 Surium
745 1653 837 1705 13.
874 1644 1036 1711 Dec.;
1086 1643 1571 1718 Ghesquiere
1615 1642 1677 1700 in

393 1734 522 1790 Act.
545 1731 642 1790 SS.
665 1732 827 1807 Belg.
851 1731 955 1802 111,
993 1741 1117 1794 529
1152 1735 1212 1789 et
1231 1732 1387 1807 apud
1424 1731 1476 1788 M
1497 1731 1626 1807 ign
1645 1749 1676 1787 e

392 1822 431 1878 l.
463 1839 509 1878 6.
542 1821 655 1879 sub
688 1821 875 1897 ipsius
896 1821 1133 1880 nomine
1153 1821 1317 1879 edita
1345 1821 1552 1878 sallem
1586 1823 1678 1878 est

394 1906 655 1991 dubia1).

488 2096 630 2151 525.
652 2088 903 2146 Nullum
923 2088 1178 2163 alicujus
1200 2088 1483 2147 momenti
1517 2106 1549 2145 6
1565 2107 1596 2144 x
1616 2106 1675 2145 e-

394 2180 648 2254 getam
678 2171 1090 2258 reperimusss).
1156 2176 1357 2238 Unum
1389 2176 1539 2234 forte
1571 2193 1676 2233 no-

393 2265 618 2323 minare
670 2266 807 2325 licet
859 2284 904 2326 s.
957 2266 1162 2324 Brun
1182 2284 1412 2326 onem.
1496 2265 1676 2323 Ortus

393 2356 444 2412 is
464 2357 556 2413 est
578 2374 645 2413 ex
667 2355 892 2413 illustri
916 2354 1136 2413 ducum
1159 2355 1457 2425 Saxoniae‚
1491 2354 1677 2412 Fran-

391 2444 594 2501 coniae
656 2450 717 2502 et
780 2444 1113 2502 Carinthiae
1173 2444 1463 2519 prosapia,
1528 2462 1678 2518 quae

395 2533 641 2592 Ottones
673 2538 733 2592 et
762 2533 1126 2593 franconicos
1155 2534 1425 2592 Caesares
1458 2531 1676 2609 germi-

395 2623 578 2681 navit.
630 2624 861 2681 Patrem
896 2623 1106 2681 habuit
1138 2622 1466 2681 Conradum
1497 2622 1540 2679 I.
1573 2621 1677 2680 Ca-

394 2712 651 2770 rinthiae
686 2712 915 2783 ducem,
950 2712 1422 2788 consanguineos
1458 2712 1678 2786 Grego-

394 2801 552 2859 rium
590 2801 658 2864 V.
708 2819 1008 2860 summum
1056 2800 1413 2876 pontificem,
1463 2800 1676 2858 Conra-

396 2889 530 2948 dum
562 2891 637 2951 11.
685 2893 747 2949 et
793 2890 1120 2949 Henricum
1161 2890 1268 2948 111.
1315 2889 1454 2964 imp.
1520 2888 1679 2957 Quae

396 2981 536 3038 ante
568 2979 976 3055 episcopatum
1010 2979 1264 3056 gesserit
1295 2979 1504 3048 latent,
1555 2977 1677 3052 epi-

477 3205 511 3272 ¹)
541 3201 624 3257 Of.
665 3202 734 3254 de
778 3205 1008 3256 auctore
1046 3204 1239 3255 nostro
1272 3200 1415 3254 Hist.
1443 3199 1530 3253 lit.
1557 3198 1679 3262 VII,

399 3277 708 3332 261-2792
762 3272 804 3325 F
822 3290 850 3326 6
869 3290 898 3325 6
918 3274 956 3325 h
977 3276 1095 3325 tru
1113 3291 1151 3342 p
1193 3271 1304 3324 KL.
1347 3270 1440 3335 IV,
1470 3275 1677 3327 2092—

399 3350 537 3400 2094
556 3365 567 3402 :
610 3343 708 3399 Ch.
737 3344 780 3397 P
797 3345 826 3396 f
835 3343 855 3398 i
871 3361 896 3397 s
912 3348 938 3397 t
954 3360 983 3396 e
1002 3361 1027 3395 r
1067 3344 1136 3397 de
1165 3341 1418 3398 Fulberti
1464 3345 1680 3396 carnot.

396 3432 485 3484 cp.
513 3415 634 3469 vita
661 3421 720 3468 et
742 3432 895 3486 opp„
922 3414 1123 3483 Nancy
1157 3418 1290 3470 1885
1311 3437 1321 3468 ·.
1374 3412 1446 3465 W
1463 3429 1493 3466 e
1509 3431 1537 3466 r
1554 3431 1591 3465 n
1608 3430 1638 3468 e
1656 3431 1682 3465 r

399 3487 460 3540 in
477 3487 598 3540 vita
615 3486 876 3541 Gerberti
893 3486 1121 3557 passim,
1133 3485 1466 3556 praesertim
1482 3504 1537 3555 p.
1557 3488 1680 3540 273-

405 3565 524 3681 ·{Sffi
566 3557 668 3612 ubi
707 3558 776 3611 de
804 3557 989 3627 pretio
1016 3557 1267 3627 ejusdem
1310 3556 1681 3625 epistolarum

404 3651 421 3681 (
443 3628 646 3683 isserit.

474 3703 514 3771 ²)
542 3699 631 3753 Er
645 3701 683 3754 h
700 3716 734 3752 a
748 3718 776 3752 r
792 3699 866 3753 di
892 3698 1171 3771 (Ethardi)
1200 3701 1263 3755 Ο.
1282 3698 1337 3753 S.
1357 3697 1418 3749 B.
1435 3702 1501 3767 (c.
1527 3700 1680 3760 1050)

403 3771 873 3826 commentarium
929 3777 983 3824 in
1024 3773 1431 3825 Pentateuchum
1481 3766 1682 3838 (inedi-

402 3845 544 3912 tum)
591 3846 648 3896 et
685 3846 934 3897 homilias
976 3842 1179 3895 laudat
1203 3840 1247 3894 T
1265 3839 1376 3894 rit
1392 3840 1429 3892 h
1447 3856 1475 3893 6
1494 3857 1546 3892 m
1567 3838 1587 3892 i
1604 3857 1639 3891 u
1659 3857 1682 3891 s

402 3914 470 3966 de
516 3913 712 3984 script.
758 3913 889 3966 6661.
917 3929 963 3966 6.
992 3919 1111 3969 337.
1145 3947 1203 3954 -·
1235 3913 1277 3965 P
1295 3928 1324 3964 6
1343 3910 1445 3963 tri
1489 3926 1682 3964 carno-

1729 1111 1791 1166 et
1841 1126 2012 1166 omne
2061 1107 2299 1177 bonum,
2351 1104 2511 1181 quod
2562 1106 2741 1165 verbo
2786 1106 3010 1182 docuit,

1729 1197 1896 1273 prius
1959 1215 2134 1272 opere
2197 1194 2691 1254 demonstravit.‘
2789 1195 3009 1253 Multas

1729 1285 2003 1345 ecclesias
2037 1288 2098 1343 et
2130 1284 2360 1343 scholas
2391 1284 2456 1342 in
2488 1302 2596 1342 sua
2628 1284 2882 1343 dioecesi
2913 1285 3006 1343 vel

1730 1374 2022 1434 exstruxit
2050 1373 2146 1432 vel
2164 1373 2499 1431 redditibus
2520 1373 2751 1435 ditavit.
2796 1373 3012 1450 Magna

1730 1464 2042 1523 fruebatur
2088 1462 2286 1539 gratia
2334 1464 2396 1519 et
2452 1461 2804 1521 auctoritate
2853 1461 3011 1537 apud

1732 1552 2062 1612 Conradum
2095 1552 2170 1613 11.
2211 1555 2272 1610 et
2312 1550 2633 1609 Henricum
2664 1550 2782 1609 111:
2834 1570 3011 1626 quem

1732 1645 1975 1701 secutus
2007 1641 2070 1699 in
2101 1640 2487 1716 Hungariam,
2530 1642 2840 1698 corruente
2873 1659 3011 1715 prae

1730 1732 2032 1790 vetustate
2063 1729 2292 1796 solario,
2340 1729 2404 1787 in
2445 1746 2563 1803 quo
2596 1747 2728 1787 cum
2760 1729 3008 1804 impera-

1731 1825 1860 1880 tore
1891 1820 2146 1894 aliisque
2193 1818 2406 1887 stabat,
2452 1818 2654 1892 lapsus
2702 1821 2793 1875 est
2840 1820 2902 1876 et
2948 1818 3011 1875 in

1732 1911 1898 1987 lapsu
1963 1907 2310 1985 gravissime
2373 1906 2569 1965 laesus
2640 1925 2707 1963 ex
2769 1906 3012 1965 vulnere

1732 2003 1981 2058 mortem
2028 1996 2320 2056 contraxit
2363 2004 2463 2058 27.
2497 1996 2629 2070 Maj.
2670 2006 2855 2058 1045.
2920 1996 3011 2053 Ab

1730 2088 1994 2147 Ecclesia
2037 2088 2196 2145 inter
2240 2088 2475 2144 sanctos
2508 2085 2740 2144 colitur.
2804 2085 3013 2143 Exstat

1733 2178 1863 2253 ejus
1896 2178 2174 2249 expositio
2209 2176 2595 2249 Psalmorum,
2649 2173 3013 2232 canticorum

1733 2267 1909 2343 (quae
1941 2266 2063 2324 scil.
2095 2265 2158 2322 in
2178 2263 2382 2323 Officio
2415 2263 2620 2322 divino
2653 2261 3012 2338 occurrunt),

1732 2355 2015 2415 orationis
2036 2353 2365 2412 dominicae
2396 2356 2457 2412 et
2489 2352 2745 2428 symboli
2776 2356 3013 2426 aposto-

1730 2446 1923 2503 lorum
2001 2448 2062 2502 et
2123 2442 2376 2518 symboli
2448 2441 2776 2509 Athanasii,
2855 2441 3012 2516 apud

1736 2535 1987 2611 Migne
2037 2532 2252 2601 CXLII,
2306 2541 2628 2602 39—568‚
2680 2531 3012 2607 compilatio

1733 2624 2132 2698 undequaque
2164 2640 2234 2680 ex
2269 2625 2520 2696 patrum,
2564 2620 2915 2679 cassiodorii
2952 2621 3012 2677 in

1734 2713 1960 2788 primia,
2009 2711 2245 2786 scriptis
2277 2711 2543 2780 collecta,
2590 2710 2674 2768 ita
2713 2712 2912 2767 tamen
2943 2717 3012 2766 ut

1734 2820 1951 2877 negare
1980 2819 2101 2859 non
2138 2799 2456 2875 possimus.
2497 2797 2793 2874 judicium
2839 2797 2902 2855 in
2948 2816 3014 2855 ea

1734 2895 1797 2950 et
1840 2890 2021 2950 crisin
2067 2908 2136 2947 ex
2167 2888 2298 2963 ipso
2329 2886 2647 2964 colligendi
2681 2885 2852 2944 modo
2885 2888 3012 2944 elu-

1734 2998 1978 3039 cescere.
2044 2977 2313 3054 Singulis
2344 2976 2589 3052 psalmis
2621 2994 2692 3034 ex
2724 2975 3014 3049 antiquis-

1735 3070 1885 3128 simo
1919 3086 2035 3127 usu
2068 3067 2336 3142 subjecta
2366 3069 2458 3123 est
2491 3065 2678 3123 oratio
2705 3064 3012 3139 quaedam,

1734 3177 1887 3233 quae
1900 3156 2115 3232 psalmi
2129 3155 2389 3213 fructum
2405 3153 2834 3228 quodammodo
2850 3153 3015 3210 colli-

1734 3250 1854 3323 gat.
1918 3244 2225 3319 Expositio
2268 3242 2551 3301 orationis
2584 3242 2910 3300 dominicae
2955 3247 3017 3299 et

1736 3335 2142 3412 symbolorum
2185 3332 2255 3390 fit
2287 3350 2393 3407 per
2427 3331 2923 3407 interrogationes
2956 3339 3017 3389 et

1737 3424 2114 3500 quaestiones
2135 3424 2197 3480 et
2216 3421 2521 3479 simillima
2535 3424 2625 3479 est
2639 3420 3013 3487 catechismo,

1737 3514 1843 3589 qui
1877 3513 1937 3571 in
1970 3511 2270 3571 scrutiniis
2302 3513 2439 3568 ante
2456 3510 2819 3585 baptismum
2853 3508 3017 3567 adhi-

1736 3602 1865 3661 beri
1907 3597 2212 3678 solebatss).
2277 3598 2562 3674 Sequitur
2606 3600 2806 3657 autem
2851 3598 3017 3656 illam

1736 3690 2016 3768 gallicani
2067 3689 2333 3764 psalterii
2385 3688 2652 3756 formam,
2707 3687 2902 3762 qualis
2954 3686 3018 3744 in

1737 3779 2056 3839 Britanicis
2076 3778 2293 3836 insulis
2317 3777 2598 3852 temporis
2620 3776 2858 3835 defluxu
2883 3794 3018 3834 eva-

1737 3872 1909 3928 serat.
1946 3867 2193 3942 Saepius
2213 3865 2437 3941 prodiit
2458 3884 2502 3923 s.
2523 3866 2821 3924 Brunonis
2853 3882 3019 3940 opus,

402 3985 579 4038 tensis
605 3984 877 4039 ecclesiae
894 3983 1240 4041 cancellarii.
1259 3980 1516 4037 Fulberti
1531 3997 1683 4037 carn.
1737 3977 1858 4017 “m‘-
1906 3958 1944 4015 J
1950 4001 1961 4013 ·
2008 3957 2056 4014 R
2072 3975 2102 4013 e
2118 3975 2158 4032 g
2173 3974 2204 4013 θ
2222 3956 2288 4012 ri
2334 3954 2643 4030 Hffl'bipoli
2684 3963 2847 4016 1480
2871 3975 2883 4023 3
2930 3952 3018 4011 ed·

402 4055 676 4126 discipuli
705 4058 766 4109 et
789 4056 851 4108 in
877 4055 1144 4125 regendis
1171 4054 1381 4109 scholis
1406 4069 1680 4107 successo—
1740 4049 1790 4105 K
1808 4066 1841 4105 o
1859 4067 1889 4104 r
1906 4047 1944 4104 b
1961 4066 1992 4103 e
2009 4065 2039 4102 r
2056 4065 2095 4121 g
2163 4044 2305 4101 Nori
2315 4042 2586 4119 mbergae
2656 4052 2775 4104 149
2789 4054 2818 4104 7
2841 4064 2854 4110 ;
2932 4042 3021 4101 ed.

400 4126 480 4180 ris
507 4131 554 4198 (†
582 4145 626 4180 c.
661 4132 815 4197 1039)
856 4126 1221 4197 paraphrasis
1258 4130 1315 4179 in
1352 4129 1588 4179 Psalmos
1628 4128 1686 4176 et

402 4199 621 4264 glossae
667 4204 724 4251 in
750 4201 850 4252 ,Iob
894 4197 1153 4265 aliosque
1198 4213 1386 4250 sacros
1425 4195 1486 4250 ll.
1528 4195 1684 4265 typis

401 4269 707 4337 impressae
761 4286 874 4322 nou
919 4272 1070 4321 sunt.
1122 4267 1203 4323 Cf.
1251 4267 1396 4321 Hist.
1438 4267 1522 4322 lit.
1562 4266 1684 4326 Vll,

1821 4271 1855 4338 ¹)
1884 4267 1967 4321 Cf.
2020 4266 2084 4320 G.
2137 4265 2359 4318 Baier
2410 4265 2521 4318 Der
2564 4265 2619 4318 h.
2665 4264 2858 4319 Bruno
2910 4281 3022 4318 von

404 4348 501 4396 341
533 4359 573 4394 s.
602 4375 667 4381 —
695 4340 775 4394 De
817 4339 860 4391 E
878 4340 1045 4393 rard
1065 4357 1096 4394 o
1138 4339 1475 4393 scholastico
1516 4357 1558 4392 s.
1586 4337 1684 4391 Mi·
1742 4339 2068 4408 Wiirzburg
2094 4338 2179 4391 als
2204 4337 2502 4394 Katechet.
2529 4336 2855 4405 Wiirzburg
2888 4340 3023 4392 1893

404 4412 618 4467 chaelis
642 4411 972 4481 Liineburgi
998 4415 1044 4482 (†
1076 4414 1249 4482 1004),
1276 4410 1323 4464 si
1349 4413 1436 4463 est
1449 4410 1599 4464 alius
1614 4412 1687 4464 ab
1745 4444 1804 4453 —
1838 4411 2005 4466 Alius
2030 4412 2104 4463 ab
2149 4427 2212 4464 6ο
2255 4411 2340 4462 est
2365 4408 2558 4462 Bruno
2587 4407 2890 4477 episcopus
2918 4407 3022 4460 lin-

405 4482 661 4537 Ethai-do
713 4500 843 4537 mox
893 4485 1222 4546 memoratn,
1274 4484 1332 4535 et
1375 4481 1445 4535 de
1489 4480 1686 4534 Luit·
1741 4482 2033 4552 goniensis
2061 4485 2106 4552 (†
2134 4488 2219 4538 31.
2245 4480 2571 4546 Jan.1016),
2594 4480 2755 4549 cujus
2778 4479 2919 4531 forte
2940 4481 3025 4531 est

405 4570 579 4624 gero
606 4555 730 4624 ejus
751 4570 1067 4608 successore
1095 4557 1141 4622 (†
1173 4558 1347 4623 1028).
1389 4552 1492 4620 qui
1518 4555 1686 4606 ambo
1741 4557 1804 4608 de
1849 4557 2171 4622 confessione
2210 4555 2538 4616 clericorum,
2584 4567 2754 4618 quam
2795 4548 2884 4602 his
2923 4549 3023 4602 im·

404 4623 766 4694 reliquerunt
815 4623 1224 4678 commentaria
1275 4622 1494 4676 inedita
1540 4623 1600 4676 in
1646 4642 1690 4679 s,
1744 4640 1916 4695 pense
1967 4623 2329 4677 commendat
2386 4622 2449 4675 in
2501 4621 2661 4675 Mart.
2718 4621 2930 4677 Auccd.
2982 4621 3024 4685 Ι,

406 4697 762 4767 Scripturam
805 4697 876 4753 cf.
916 4695 1202 4749 Kranae
1243 4695 1381 4764 allg.
1416 4695 1470 4749 d.
1498 4694 1687 4764 Biogr.
1741 4702 1988 4754 79—842
2040 4694 2288 4764 Migne
2317 4693 2372 4752 P.
2405 4694 2463 4746 L.
2494 4693 2785 4757 CXXXIX,
2820 4698 3024 4749 1533-

405 4768 499 4831 VI,
530 4775 647 4824 159.
1752 4773 1903 4823 1539.
