3505 5161
529 232 652 286 363
1003 219 1302 268 431-500.
1330 211 1612 265 Theodori
1639 212 2017 283 apologetica,
2047 212 2341 284 polemica,
2368 211 2677 283 exegetica,
3018 229 3147 283 364

520 398 832 470 LXXX111,
872 395 1310 480 733—1152).
1341 400 1412 457 Iu
1432 420 1500 459 ea
1520 402 1803 462 scientiae
1856 418 1965 475 pra
1984 418 2038 474 p.
2060 409 2184 462 354
2206 419 2257 458 a.
2290 400 2388 458 cit.
2424 400 2642 476 Scripti
2673 399 2957 457 videntur
2987 399 3151 457 inter

523 489 820 548 defectum
852 489 916 547 in
948 489 1232 565 apostolis
1265 493 1529 560 excusat,
1564 491 1701 549 dein
1732 512 1801 551 ex
1857 507 1908 549 a.
1946 498 2204 551 430-3
2219 498 2273 559 7,
2306 489 2501 565 iisque
2534 489 2583 547 si
2616 506 2735 547 non
2768 488 3007 559 directe,
3054 488 3147 546 in·

522 578 768 636 adverso
814 578 982 653 ponit
1028 578 1345 654 gentilium
1382 578 1691 654 opiniones
1743 583 1805 639 et
1859 577 2083 635 directe
2136 578 2348 636 saltem
2397 578 2639 637 videtur
2695 577 3047 654 impugnare
3097 596 3145 640 s.

521 667 984 726 christianorum
1007 666 1335 725 doctrinam
1367 668 1440 726 de
1472 670 1803 747 praecipuis
1860 665 2147 741 Cyrillum
2182 667 2277 726 vel
2307 670 2507 742 patres
2540 667 2873 742 ephesinos,

520 755 907 832 argumentis,
963 758 1032 814 ut
1077 755 1150 814 de
1181 756 1476 833 principio
1511 758 1801 831 Universi,

520 844 592 903 de
625 845 909 903 creaturis
942 844 1324 921 spiritulibus
1372 848 1434 904 et
1478 846 1552 905 de
1588 852 1805 907 natura
1953 853 2097 907 202.
2131 843 2406 921 Insignes
2452 863 2591 903 vero
2638 848 2778 903 sunt
2824 845 2952 919 ejus
3001 843 3062 902 in
3096 863 3145 904 s,

520 933 795 1004 hominis,
845 934 915 993 de
961 933 1352 1009 providentia,
1401 936 1471 994 de
1503 938 1803 996 vaticiniis
1860 933 2352 1009 Scripturam
2403 928 2716 1014 labores1).
2779 933 2937 992 Haec
2968 951 3149 1009 opera

514 1022 942 1099 prophetarum
974 1026 1036 1082 et
1065 1024 1383 1100 gentilium
1415 1027 1693 1095 oraculis,
1730 1028 1803 1086 de
1858 1022 1932 1080 ad
1979 1040 2085 1081 nos
2124 1025 2555 1098 pervenerunt:
2610 1022 2998 1091 Quaestiones
3049 1041 3143 1080 se-

519 1112 635 1169 fine
654 1111 864 1170 mundi
892 1115 952 1170 et
974 1112 1202 1187 judicio
1224 1116 1504 1185 extreme,
1539 1115 1612 1175 de
1630 1135 1802 1192 prae-
1858 1112 2040 1169 lectae
2104 1114 2161 1170 in
2219 1112 2613 1171 octoteuchum
2666 1108 2913 1193 (LXXX,
2971 1122 3139 1174 75—

520 1201 701 1276 ceptis
732 1219 983 1273 morum,
1016 1201 1199 1260 vitam
1220 1202 1709 1279 philosophorum
1743 1208 1806 1264 et
1862 1196 2033 1282 528),
2068 1199 2140 1259 de
2172 1201 2629 1275 quaestionibus
2662 1200 2957 1277 ambiguis
2990 1203 3053 1258 in
3082 1203 3141 1261 u.

519 1289 979 1349 christianorum
1010 1293 1138 1361 etc.‚
1191 1296 1261 1350 ut
1307 1311 1375 1351 ex
1422 1292 1531 1351 hac
1563 1294 1799 1370 opposi·
1860 1289 2079 1366 Reyum
2111 1292 2172 1349 et
2204 1286 3137 1371 Paralipomenon(527—-858),

517 1380 682 1437 tione
733 1378 1043 1455 religionis
1077 1380 1431 1440 christianae
1467 1382 1687 1442 veritas
1740 1387 1802 1443 et
1856 1397 1977 1453 quo
2011 1379 2237 1454 duplici
2270 1380 2329 1437 in
2365 1398 2456 1455 op.
2478 1397 2597 1437 non
2619 1378 2885 1455 integros
2918 1380 2999 1449 ll.‚
3034 1379 3137 1438 sed

517 1468 936 1543 praecellentia
982 1487 1120 1544 prae
1153 1470 1472 1546 gentilium
1504 1472 1799 1547 opinioni·
1856 1466 2211 1527 difficiliores
2233 1468 2520 1544 quosdam
2552 1471 2755 1527 textus
2788 1469 2873 1527 ita
2903 1472 3139 1539 tractat,

517 1557 629 1616 bus
653 1558 900 1618 eluceat.
947 1558 1305 1617 Prodierunt
1324 1578 1447 1618 cur.
1469 1560 1573 1622 Th.
1595 1561 1643 1619 G
1658 1582 1692 1619 a
1707 1562 1726 1619 i
1743 1581 1801 1620 s·
1858 1560 1928 1615 ut
1959 1557 2411 1633 quaestionibus
2430 1558 2526 1616 vel
2546 1557 2981 1634 objectionibus
3003 1575 3136 1633 pro·

517 1646 686 1704 ford
725 1664 992 1705 seorsum
1032 1646 1244 1706 Oxonii
1283 1658 1469 1712 1839.
1511 1683 1581 1692 —-
1622 1652 1800 1709 Acce-

517 1734 672 1793 dunt
703 1735 998 1795 orationes
1024 1736 1072 1793 X
1106 1738 1174 1794 de
1195 1738 1565 1813 providentia
1597 1739 1800 1798 admo-

517 1824 661 1882 dum
722 1823 1014 1900 prolixae,
1077 1825 1180 1884 sed
1243 1827 1572 1903 eleganteS,
1639 1829 1800 1887 lectu

507 1913 811 1988 ,iucundae
876 1916 936 1971 et
986 1913 1199 1990 dignae
1231 1911 1658 1997 (555—774).
1712 1950 1799 1961 ·-

515 2001 827 2060 Eranistes
859 2020 965 2060 seu
985 2002 1406 2079 Polymorphus
1435 2025 1486 2068 a.
1512 2015 1636 2068 447
1661 2024 1799 2064 con-

515 2096 607 2147 tra
629 2090 1029 2165 Eutychianos
1061 2093 1427 2168 conscriptus
1461 2093 1524 2153 ll.
1552 2094 1633 2152 IV
1661 2114 1799 2154 con-

517 2182 639 2237 stat
656 2197 761 2237 seu
779 2179 976 2238 tribus
996 2179 1263 2257 dialogis,
1298 2182 1518 2257 quibus
1542 2183 1797 2261 singulis

518 2286 627 2326 sua
657 2268 981 2344 inscriptio,
1031 2269 1266 2328 Primus
1301 2270 1424 2329 scil.
1444 2272 1800 2331 inscribitur

515 2353 804 2439 ἄτρεπτος
829 2357 1230 2435 Ιηυπαωὸἰίἰε,
1267 2360 1409 2435 quia
1429 2361 1643 2436 probat
1659 2362 1799 2421 Filii

514 2445 889 2504 divinitatem
909 2446 1310 2506 incarnatione
1330 2466 1451 2507 non
1471 2449 1654 2509 fuisse
1685 2452 1796 2509 im·

514 2538 836 2607 mutatam;
871 2536 1022 2595 alter
1052 2533 1396 2622 ἀσὺγχυτος
1418 2538 1792 2618 Inconfusus,

513 2624 656 2700 quia
674 2625 937 2683 ostendit
955 2627 1182 2685 nullam
1210 2646 1338 2686 esse
1370 2627 1583 2687 factam
1614 2633 1794 2689 natu-

511 2733 711 2772 rarum
762 2715 1197 2786 confusionem3
1259 2718 1477 2776 tertius
1539 2715 1798 2804 ἀπαθὴς

511 2802 876 2879 Impatibilis,
928 2805 1067 2879 quia
1112 2809 1328 2865 natura
1374 2805 1577 2865 divina
1608 2807 1797 2866 libera

512 2892 629 2950 fuit
659 2893 721 2950 iu
754 2892 1159 2952 incarnatione
1180 2914 1212 2951 a
1232 2895 1627 2970 passionibus.
1685 2896 1794 2955 His

511 2981 753 3056 suincit
785 2982 1342 3041 demonstrationem
1377 3003 1482 3059 per
1514 2985 1794 3062 syllogis-

509 3087 654 3138 mos,
690 3089 809 3145 qua
838 3071 1134 3130 contrahit
1162 3090 1313 3147 quae
1344 3072 1538 3131 fusius
1572 3076 1633 3132 et
1664 3093 1793 3132 ora-

509 3158 663 3217 torio
715 3160 887 3218 modo
949 3160 1011 3218 in
1072 3159 1326 3237 dialogis
1377 3161 1795 3237 disputaverat

508 3241 889 3328 (27—336),
942 3266 1092 3323 opus
1135 3250 1546 3325 pereruditum
1611 3251 1793 3326 idque

509 3338 819 3411 propterea
856 3337 1158 3396 Eranistes
1190 3338 1491 3397 Mendicus
1525 3341 1585 3398 et
1614 3340 1792 3415 Poly·

508 3425 791 3499 morphus
840 3426 878 3486 i.
929 3444 977 3488 e.
1026 3426 1412 3486 multiformis
1465 3427 1790 3504 inscripsit,

510 3512 668 3587 quod
732 3514 1285 3588 Monophisitismus
1359 3517 1792 3576 multiformem

510 3619 686 3659 suum
719 3619 978 3660 errorem
1024 3603 1192 3679 quasi
1239 3604 1619 3664 mendicando
1668 3607 1789 3666 col·

509 3690 723 3766 legerit
769 3709 803 3747 a
847 3691 1054 3750 multis
1093 3691 1421 3753 haereticis.
1484 3695 1638 3753 Huic
1686 3695 1786 3754 ad·

509 3778 646 3836 dere
677 3779 818 3836 licet
836 3781 1190 3855 opusculum
1225 3777 1330 3863 (ib.
1361 3778 1584 3864 1315):
1620 3782 1789 3852 Quod

508 3871 568 3924 et
600 3870 738 3941 post
758 3868 1142 3928 humanitatis
1163 3871 1632 3946 assumptionem
1653 3875 1787 3931 uni-

505 3974 606 4014 cus
659 3956 848 4014 Filius
898 3960 973 4015 sit
1021 3958 1095 4020 D.
1149 3959 1223 4017 N.
1270 3960 1329 4017 J.
1386 3959 1668 4020 Christus.
1702 3996 1789 4004 —-

508 4046 668 4104 Duos
701 4049 776 4104 tr.
814 4048 883 4104 de
912 4054 1114 4105 sancta
1147 4055 1196 4105 et
1226 4050 1447 4122 vivifica
1486 4050 1788 4128 Trinitate,

506 4139 566 4192 et
609 4137 678 4193 de
722 4137 1121 4195 incarnatione
1150 4137 1390 4195 Domini
1420 4157 1454 4196 a
1485 4138 1629 4197 Mai
1665 4140 1788 4214 pri-

504 4243 670 4282 mum
702 4224 892 4283 editos
925 4228 987 4283 et
1030 4244 1075 4283 s.
1109 4225 1410 4302 Cyrillo
1444 4227 1786 4302 attribut08‚

505 4312 870 4372 Theodoreto
890 4315 1146 4373 asseruit
1177 4314 1222 4373 Ε
1240 4315 1278 4372 h
1295 4314 1376 4373 rh
1394 4334 1427 4373 a
1443 4316 1525 4374 rd
1557 4334 1650 4392 op.
1683 4335 1785 4374 su·

581 4486 619 4552 ¹)
649 4480 706 4534 F.
734 4482 783 4535 J.
813 4482 1006 4565 Raed
1025 4501 1099 4536 er
1139 4484 1207 4537 de
1248 4484 1590 4539 Theodoreti
1629 4501 1786 4566 grae-

503 4569 699 4607 carum
719 4554 1086 4609 affectionum
1109 4555 1404 4608 curatione
1426 4560 1788 4624 quaestiones

504 4623 752 4687 criticae,
793 4624 1182 4696 Kopenhagen
1229 4634 1378 4682 1900.
1431 4627 1631 4697 Operis
1671 4627 1787 4697 epi·

1856 1644 2066 1721 positis
2112 1645 2458 1705 concinnam
2504 1646 2841 1721 claramque
2886 1647 3139 1706 solutio·

1856 1753 1991 1792 nem
2012 1734 2305 1811 subjiciat.
2325 1769 2415 1779 —
2434 1736 2855 1811 Interpretatio
2885 1738 2947 1793 in
2970 1736 3136 1794 Psal-

1857 1842 1995 1899 m03,
2061 1842 2209 1899 opus
2257 1824 2838 1900 praestantissimum
2892 1822 3134 1906 (857—

1866 1922 2028 1975 1998
2066 1913 2171 1971 ool.
2206 1913 2504 1983 LXXXIV,
2560 1910 2862 1994 19—3l)‚
2911 1914 2976 1971 in
3020 1932 3141 1987 quo

1856 2000 2170 2059 brevitatis
2217 2021 2335 2060 non
2367 2003 2566 2062 minus
2599 2020 2776 2077 quam
2810 2002 3136 2079 perspicui-

1854 2090 1998 2149 tatis
2016 2090 2306 2149 rationem
2319 2092 2516 2166 habet,
2534 2131 2560 2160 ,
2575 2091 2720 2161 atii,
2737 2092 2844 2167 qui
2860 2091 2987 2149 dies
2998 2110 3137 2150 noc-

1854 2181 2066 2253 tesque
2095 2179 2397 2238 davidicos
2422 2199 2630 2239 versus
2657 2180 2723 2238 in
2752 2199 2853 2239 ore
2893 2180 3137 2249 habent,

1854 2268 1991 2326 illos
2023 2269 2303 2327 canentes
2353 2272 2413 2327 et
2459 2269 2638 2328 simul
2677 2268 2937 2340 illorum,
2987 2288 3139 2345 quae

1854 2360 2168 2426 canuntur,
2198 2358 2555 2418 sententiam
2576 2358 3004 2434 perspicientes
3025 2358 3139 2417 du-

1853 2446 2068 2522 plicem
2121 2446 2383 2506 fructum
2435 2447 2830 2523 percipiant,‘
2889 2450 2961 2504 ut
3009 2447 3137 2521 ipse

1854 2536 2045 2612 operis
2091 2553 2335 2614 scopum
2379 2553 2679 2613 exponens
2730 2535 2921 2595 docet.
2983 2535 3135 2595 Hinc

1857 2624 1962 2693 ,in
2014 2626 2356 2703 allegoriam
2420 2645 2555 2685 cum
2617 2626 2806 2684 multa
2857 2626 3135 2684 satietate

1854 2714 2061 2773 abire‘
2111 2715 2325 2786 noluit,
2391 2716 2493 2774 sed
2551 2732 2793 2773 sensum
2844 2715 3133 2773 literalem

1927 2923 1964 2990 ¹)
1994 2919 2547 2973 Bardenhewer
2585 2929 2612 2986 5
2655 2927 2725 2976 78
2768 2938 2819 2972 n.
2847 2930 2912 2976 4:
2959 2920 3134 2975 Theo·

1849 2991 2027 3044 doret'
2046 2993 2154 3060 gilt
2191 2991 2435 3046 vielfach
2454 2993 2537 3046 als
2560 2992 2661 3044 der
2680 2995 2898 3061 grosste
2921 2991 3137 3062 Exeget

1850 3061 1948 3114 des
1974 3062 2369 3132 griechischen
2384 3062 2760 3117 Alterthums.
2790 3064 2853 3116 In
2870 3063 2972 3115 der
2988 3063 3137 3116 That

1849 3132 1977 3186 siud
2023 3135 2178 3187 seine
2214 3136 2607 3188 commentare
2651 3134 2807 3188 reich
2853 3134 2971 3187 und
3014 3151 3137 3188 vor·

1850 3203 2101 3259 trefflich
2127 3221 2201 3258 an
2230 3205 2424 3258 Inhalt
2447 3205 2567 3258 und
2595 3204 2656 3257 in
2684 3206 2972 3260 formeller
2998 3205 3133 3258 Hin-

1850 3275 2013 3337 sicht‚
2059 3276 2241 3330 durch
2270 3275 2523 3346 biiudige
2552 3275 2735 3328 Kiirze
2783 3276 2902 3328 und
2931 3277 3134 3330 durch-

1848 3345 2091 3401 sichtioe
2118 3347 2383 3401 Klarheit
2406 3347 2687 3416 geradezu
2730 3347 3077 3417 mustergilti
3121 3388 3133 3399 .

1849 3416 1924 3470 Er
1950 3393 2187 3488 hu‘ldigt
2211 3419 2322 3471 den
2349 3417 2884 3472 hermeneutischen
2912 3367 3135 3473 Grang-

1848 3491 2038 3543 satzen
2067 3489 2167 3542 dcr
2193 3489 2702 3545 antiochenischen
2729 3489 2957 3554 Schule,
2986 3490 3134 3544 ohne

1846 3559 2109 3614 indessen
2173 3560 2487 3631 irgendwie
2564 3561 2664 3614 der
2725 3560 3134 3632 Eineeitigkeit

1847 3631 2137 3685 Theodora
2163 3650 2275 3685 von
2298 3631 2649 3702 Mopsuestia
2669 3650 2738 3686 zu
2753 3633 3039 3695 ,versallen
3059 3673 3071 3684 .
3087 3675 3100 3687 .
3120 3672 3131 3684 .

1847 3702 2169 3757 Theodoret
2184 3704 2336 3757 steht
2350 3719 2442 3757 am
2458 3705 2696 3773 Ausgan
2740 3720 2769 3756 e
2787 3704 2887 3756 der
2903 3702 2966 3757 Β]
2976 3705 3130 3757 uthe-

1846 3774 1961 3827 zeit
1984 3774 2084 3828 der
2110 3774 2613 3829 antiochenischen
2634 3775 2700 3828 Sc
2749 3776 2873 3834 ule;
2901 3774 3023 3829 ihm
3040 3774 3132 3828 fiel

1847 3844 1937 3898 die
1989 3846 2255 3915 Aufgabe
2306 3864 2393 3909 zu,
2435 3845 2527 3900 die
2568 3845 3132 3916 Errungenschaften

1846 3916 1947 3970 der
1975 3917 2275 3970 Nachwelt
2299 3935 2369 3971 zu
2398 3916 2787 3980 iibermitteln,
2834 3918 2953 3970 und
2981 3917 3134 3970 diese

1846 3988 2109 4058 Aufgabe
2127 3989 2231 4041 hat
2244 4005 2303 4041 er
2320 3988 2380 4041 in
2400 3988 3132 4042 anerkennenswerthester

1847 4058 2035 4112 Weise
2080 4058 2281 4130 gelost.
2333 4060 2416 4113 Cf.
2443 4058 2493 4111 K
2510 4059 2530 4112 i
2548 4061 2586 4113 h
2604 4078 2641 4112 n
2668 4058 2761 4113 die
2788 4059 3131 4129 Bedeutung

1847 4129 1945 4182 der
1955 4129 2426 4185 antioch.Schule
2447 4131 2555 4184 auf
2558 4130 2688 4184 dem
2704 4147 2804 4184 exe
2850 4131 3130 4194 ,Gebiete,

1845 4200 2256 4272 weissenburg
2277 4209 2413 4258 1866
2429 4222 2484 4272 p.
2507 4208 2607 4258 156
2624 4221 2692 4256 ss.
2710 4224 2723 4263 ;
2744 4202 2795 4255 J.
2855 4201 3133 4256 .Schulz

1843 4271 1977 4326 diss.
2005 4273 2074 4325 de
2103 4271 2224 4326 vita
2251 4276 2310 4326 et
2328 4272 2555 4344 scriptis
2578 4274 2788 4328 Theod.
2810 4273 2870 4327 in
2899 4272 2989 4325 Mi
3000 4289 3129 4343 gne

1844 4343 1903 4396 P.
1932 4343 1997 4399 G.
2027 4344 2240 4408 LXXX,
2276 4348 2517 4404 35—66;
2558 4344 2599 4398 C
2617 4361 2649 4397 o
2666 4362 2746 4397 rn
2763 4362 2792 4397 e
2808 4345 2877 4412 ly
2905 4344 3038 4398 hist.
3073 4347 3131 4397 et

1843 4414 1970 4468 crit.
1998 4413 2210 4468 introd.
2239 4416 2262 4467 1
2291 4433 2344 4467 n.
2372 4418 2506 4474 237:
2549 4415 2586 4469 S
2604 4432 2731 4486 pec
2749 4417 2786 4469 h
2804 4418 2830 4468 t
2867 4415 2980 4468 Der
3007 4431 3126 4468 exe-

1844 4486 2097 4556 getische
2139 4486 2510 4556 Standpunkt
2548 4486 2646 4540 des
2686 4486 2949 4541 Theodor
2976 4504 3026 4539 v.
3056 4485 3130 4538 M.

1845 4558 1965 4611 und
2007 4558 2329 4612 Theodoret
2367 4576 2419 4610 v.
2447 4557 2514 4610 X.
2556 4557 2617 4611 in
2663 4558 2763 4612 der
2788 4560 2964 4613 Ausle
3010 4575 3128 4626 ung

1845 4630 2107 4682 messian.
2136 4629 2478 4699 Weissagun
2522 4645 2593 4682 en
2633 4646 2737 4682 aus
2778 4628 2944 4683 ihren
3017 4645 3127 4682 om·

503 4696 696 4747 tomen
725 4696 955 4750 exhibet
981 4697 1284 4751 Werner
1324 4700 1522 4751 Gesch.
1553 4699 1604 4751 d.
1633 4700 1787 4768 apol.
1845 4702 2137 4752 ment-aren
2182 4718 2252 4754 zu
2298 4700 2408 4753 den
2448 4700 2488 4752 k
2514 4740 2526 4752 .
2568 4699 2891 4770 Propheten
2932 4701 3128 4767 darge·

507 4781 561 4817 u.
591 4765 703 4833 pol.
731 4764 840 4817 Lit.
871 4767 909 4829 1,
936 4772 1236 4824 265—273.

1844 4772 2017 4834 stent,
2048 4771 2329 4825 Miinchen
2363 4776 2513 4828 1871.
