3505 5161
368 222 401 272 3
411 222 445 273 3
1143 202 1431 259 Minucius
1459 203 1636 269 Felix,
1663 202 1865 259 Melito
1894 204 2192 258 sardensis.
2901 224 2980 277 34

369 389 493 447 cius
524 392 732 448 noster
776 390 1164 465 praecesserit
1194 390 1643 461 Tertullianum,
1699 390 2004 467 plerisque
2062 391 2402 449 nostrorum
2461 392 2808 467 prophetam
2870 412 2982 469 pu-

369 497 441 536 an
473 478 567 537 hic
599 496 667 537 eo
704 479 785 537 sit
828 479 1120 539 vetustior
1165 498 1271 539 seu
1317 480 1374 538 ei
1407 482 1644 556 suppar.
1701 480 1877 538 tari.‘
1942 478 2055 539 Sed
2099 482 2335 555 praeter
2379 479 2713 557 fragmenta
2743 483 2841 540 vix
2874 483 2981 540 ali-

369 567 539 626 Haud
586 568 763 642 pauci
809 568 1039 644 opinati
1084 572 1243 639 sunt,
1294 569 1461 645 prius
1508 587 1645 644 pro·
1701 567 1846 645 quid
1891 571 2161 643 superest
2211 569 2422 629 horum
2451 587 2713 645 operum.
2764 572 2983 630 Cure-

370 656 545 715 diisse
594 657 1057 734 Apologeticum
1106 658 1494 717 Tertulliani:
1545 675 1647 716 ve·
1701 660 1840 717 ton
1900 658 2121 733 reperit
2181 659 2292 717 sub
2368 658 2666 717 Melitonis
2745 661 2983 720 nomine

371 765 501 805 rum
561 747 881 805 recentiori
929 750 1122 806 aetate
1163 748 1287 822 jam
1333 746 1649 806 invalescit
1702 748 2054 823 Apoloyiam
2114 747 2319 824 lingua
2380 748 2606 823 syriaca
2667 752 2982 818 exaratam,

370 831 635 915 Eberti1)
683 836 903 909 opinio,
949 835 1323 912 prioritatem
1362 853 1492 895 esse
1536 836 1643 893 tri·-
1703 854 1855 912 quae
1901 839 2103 895 tamen
2141 837 2317 912 juxta
2364 837 2524 896 viros
2575 837 2812 897 criticos
2862 857 2984 897 non

371 923 666 982 buendam
700 924 977 986 Minucio,
1012 924 1282 1001 Scriptus
1314 926 1452 984 hinc
1483 924 1647 983 vide·
1701 926 1941 984 videtur
1970 944 2096 983 esse
2128 925 2428 984 Melitonis
2459 926 2667 1000 nostri,
2715 926 2817 985 sed
2850 927 2984 1003 Syri

370 1018 470 1070 tur
499 1013 659 1070 intra
688 1032 723 1071 a
751 1023 1110 1078 180—190.
1145 1014 1363 1083 ‚Alius
1397 1014 1510 1073 sub
1542 1032 1646 1073 no·-
1703 1013 2029 1089 cujusdam,
2076 1014 2183 1090 qui
2230 1015 2381 1074 forte
2429 1018 2491 1074 et
2537 1015 2665 1091 ipse
2710 1017 2985 1075 Melito

370 1101 525 1160 mine
557 1103 689 1177 ejus
720 1103 912 1162 fertur
940 1104 1009 1162 de
1038 1106 1162 1178 fato
1182 1104 1277 1161 vel
1299 1108 1505 1163 contra
1522 1123 1648 1161 ma-

369 1191 716 1250 thematicos
780 1187 1079 1271 (dialogus
1130 1210 1238 1251 seu
1285 1188 1481 1274 liber),
1542 1192 1648 1267 qui

371 1297 503 1338 cum
549 1282 632 1338 sit
675 1282 737 1339 et
780 1281 909 1357 ipse
958 1280 1167 1339 diserti
1199 1282 1474 1351 hominis,
1527 1298 1646 1339 non

370 1368 514 1428 mihi
546 1368 788 1428 videtur
817 1389 954 1428 cum
986 1370 1311 1445 superioris
1343 1370 1480 1429 libri
1508 1369 1649 1428 stilo

369 1459 742 1519 convenire‘.
790 1462 881 1519 Ita
912 1459 1433 1535 Hieronymus
1466 1479 1512 1519 c.
1548 1468 1648 1521 58.

372 1546 481 1605 Hic
509 1550 709 1605 tamen
742 1548 778 1606 l.
811 1566 929 1607 non
961 1549 1220 1623 amplius
1253 1551 1568 1625 comparet.

470 1735 561 1787 14.
610 1729 833 1784 Auctor
876 1745 1012 1785 vere
1059 1727 1472 1803 polygraphus
1531 1725 1651 1784 fuit

370 1814 639 1873 Melito
684 1814 962 1886 AsianuS‚
1003 1816 1303 1875 sardensis
1336 1816 1648 1892 episcopus

373 1899 431 1983 (†
460 1908 596 1963 ante
637 1900 808 1986 195),
844 1905 1143 1980 quijuxta
1174 1906 1649 1981 Polycraten

372 1993 527 2069 apud
546 1993 875 2052 Eusebium
899 1994 967 2051 H.
988 1994 1051 2052 Ε.
1075 1994 1141 2062 V,
1169 2004 1267 2064 24,
1306 2033 1333 2063 ,
1350 1994 1579 2070 Spiritu
1603 2010 1649 2053 8.

372 2081 604 2140 afflatus
622 2086 835 2141 cuncta
848 2083 1039 2161 gessit
1051 2091 1099 2153 ⁴¹,
1124 2086 1185 2142 et
1198 2084 1419 2142 librum
1436 2084 1511 2141 Μ.
1527 2084 1649 2140 An-

373 2171 575 2229 tonino
595 2171 746 2230 Vero
780 2168 841 2253 (†
868 2169 1011 2252 180)
1036 2192 1141 2248 pro
1162 2172 1484 2232 christiano
1506 2171 1649 2248 dog-

372 2265 525 2318 mate
567 2260 749 2319 dedit.
815 2261 1110 2337 ,Scripsit
1156 2279 1394 2337 quoque
1426 2263 1488 2320 et
1519 2260 1648 2330 alia,

373 2347 552 2406 refert
597 2367 644 2412 s,
688 2349 1207 2426 Hieronymus
1252 2351 1323 2409 de
1369 2351 1518 2409 viris
1563 2350 1651 2407 ill.

374 2457 418 2495 c.
487 2447 566 2499 24
632 2458 702 2496 ex
763 2439 1101 2499 Eusebio
1164 2440 1235 2497 H.
1287 2440 1350 2501 E.
1402 2439 1500 2510 IV,
1568 2448 1646 2500 26

374 2523 650 2608 (Migne
696 2528 758 2587 P.
807 2528 869 2588 G.
922 2528 1042 2600 XX,
1094 2525 1266 2611 392),
1313 2529 1385 2588 de
1432 2527 1652 2604 quibus

373 2620 486 2677 ista
518 2622 679 2688 sunt,
713 2637 864 2693 quae
897 2618 1280 2695 subjicimus:
1314 2619 1399 2676 De
1431 2618 1653 2676 Pascha

374 2707 433 2765 lL
471 2715 525 2775 2,
561 2707 634 2765 de
665 2707 789 2766 vita
806 2709 1227 2784 prophetarum
1260 2707 1297 2765 l.
1331 2722 1553 2774 unum;
1581 2705 1653 2764 de

373 2796 633 2855 Ecclesia
678 2796 716 2853 l.
751 2816 972 2867 unum3
1026 2798 1099 2855 de
1140 2796 1240 2854 ‘die
1273 2796 1582 2854 Dominica
1614 2795 1651 2852 1.

374 2903 592 2952 unum;
641 2884 713 2944 de
760 2886 1037 2944 sensibus
1085 2886 1122 2943 l.
1168 2904 1375 2956 unum,
1422 2886 1494 2943 de
1539 2884 1653 2942 fide

374 2974 410 3030 1.
440 2993 647 3043 unum,
683 2976 754 3033 de
784 2975 1075 3050 plasmate
1108 2975 1144 3032 l.
1178 2993 1385 3044 unum,
1420 2973 1494 3031 de
1526 2974 1651 3032 ani-

374 3082 467 3120 ma
497 3066 559 3120 et
590 3081 836 3138 corpore
881 3063 917 3124 l.
952 3082 1160 3132 unum,
1194 3064 1265 3121 de
1301 3063 1653 3139 baptismate

375 3151 411 3208 l.
473 3170 681 3229 unum,
744 3152 816 3210 de
876 3153 1130 3210 veritate
1192 3152 1230 3215 l.
1292 3172 1501 3225 unum,
1582 3151 1654 3209 de

1703 1104 2114 1179 appellabatur
2129 1106 2191 1161 et
2205 1104 2451 1163 ineunte
2466 1123 2573 1167 sec.
2587 1105 2691 1163 ΙΙΙ.
2703 1105 2906 1164 floruit
2918 1101 2985 1185 1).

1704 1192 1872 1251 Unus
1934 1209 2002 1250 ex
2065 1190 2232 1251 libris
2279 1193 2577 1253 Melitonis
2638 1193 2987 1254 inscribitur

1706 1281 1913 1339 Clanis.
1978 1281 2152 1339 Hunc
2202 1300 2263 1341 se
2315 1282 2607 1358 reperisse
2659 1283 2986 1345 arbitratur

1705 1369 1858 1429 card.
1905 1371 1952 1428 P
1966 1370 1987 1427 i
2002 1373 2032 1428 t
2044 1390 2076 1427 r
2089 1390 2139 1439 a,
2188 1389 2442 1446 eumque
2492 1371 2681 1430 forma
2727 1371 2987 1431 breviori

1704 1462 1767 1517 et
1797 1458 2060 1536 longiori
2103 1459 2293 1519 edidit
2337 1461 2401 1518 in
2423 1461 2593 1518 Anal.
2635 1462 2818 1519 sacris
2852 1462 2985 1535 Spi-

1705 1548 1801 1606 cil.
1835 1548 2066 1611 solesm.
2097 1548 2321 1624 paratis
2361 1557 2547 1612 1884.
2578 1549 2654 1619 ΙΙ,
2693 1558 2984 1618 3-154;

1707 1624 2055 1701 5135—623
2104 1637 2234 1696 coll.
2267 1637 2465 1713 Spicil.
2514 1638 2748 1697 solesm.
2802 1648 2919 1701 185
2932 1651 2986 1701 0.

1704 1727 1764 1786 11
1795 1747 1855 1802 p.
1885 1726 2322 1785 XIII—XXXV
2355 1730 2415 1786 et
2453 1738 2610 1789 1-1
2628 1736 2660 1789 5
2672 1739 2726 1789 0.
2764 1727 2987 1785 Verum

1704 1816 1802 1875 Ro
1819 1818 1959 1874 ttm
1977 1834 2120 1874 ann
2136 1835 2167 1875 e
2184 1835 2212 1874 r
2257 1816 2320 1873 in
2352 1816 2612 1875 Bulletin
2652 1817 2780 1879 crit.
2822 1826 2981 1880 1885

1704 1925 1762 1981 p.
1812 1914 1978 1967 47-
1990 1915 2022 1967 5
2040 1916 2064 1967 1
2117 1904 2554 1982 genuinitatem
2601 1904 2743 1963 libri
2789 1909 2984 1983 negat,

1705 2012 1839 2053 cum
1888 1993 1950 2052 in
1996 2012 2064 2052 eo
2110 2012 2156 2052 s.
2189 1995 2518 2070 Augustini
2565 1994 2986 2070 explicationes

1705 2085 2034 2142 occurrant.
2095 2083 2261 2141 Idem
2322 2086 2524 2141 censet
2585 2084 2633 2142 D
2649 2103 2692 2142 u
2707 2103 2737 2143 c
2752 2084 2794 2141 h
2809 2104 2839 2142 e
2856 2103 2884 2143 s
2900 2103 2941 2142 n
2956 2103 2987 2142 e

1707 2172 1785 2230 ib.
1818 2191 1872 2247 p.
1915 2183 1939 2235 1
1957 2182 2035 2234 96
2071 2190 2116 2230 a.
2182 2172 2327 2230 Cum
2360 2191 2496 2231 vero
2529 2173 2727 2231 Pitrae
2759 2174 2987 2232 sodales

1706 2260 2021 2338 Legeay,
2089 2261 2364 2321 Cabrol
2413 2264 2473 2319 et
2520 2262 2992 2321 Battandier

1707 2349 2022 2409 cardinalis
2042 2350 2398 2409 sententiam
2412 2353 2744 2420 tuerentur,
2767 2350 2988 2410 iterum

1709 2439 1966 2498 occurrit
2025 2440 2076 2498 R
2094 2458 2127 2497 o
2144 2442 2283 2497 ttm
2302 2459 2336 2497 a
2351 2458 2392 2497 n
2408 2458 2495 2498 ne
2512 2459 2542 2498 r
2602 2440 2716 2498 Ein
2782 2441 2989 2499 letztes

1709 2527 1876 2588 Wort
1906 2527 2055 2587 iiber
2104 2528 2199 2587 die
2232 2527 2426 2588 Olavis
2457 2528 2756 2589 Melitonis
2790 2528 2989 2589 Theoi.

1707 2618 1957 2686 Qtlschr.
2016 2627 2199 2681 1896.
2249 2617 2557 2687 LXXVIII,
2623 2628 2991 2682 614-629.

1709 2745 1736 2775 ,
1751 2706 1887 2765 Non
1919 2706 2308 2783 improbabile
2352 2710 2551 2765 tamen
2594 2707 2854 2778 videtur,
2897 2709 2992 2765 in-

1707 2796 1843 2870 quit
1891 2794 2700 2872 Fessler-Jungmann
2746 2797 2789 2862 Ι,
2843 2807 2987 2870 239,

1708 2885 2028 2959 antiquum
2089 2885 2391 2943 Melitonis
2454 2884 2673 2943 librum
2724 2886 2796 2943 ab
2859 2884 2991 2943 aliis

1708 2973 2098 3048 scriptoribus
2129 2974 2381 3032 decursu
2425 2973 2712 3047 temporis
2745 2974 2992 3050 amplia-

1709 3063 1841 3120 tum
1873 3081 2012 3133 esse,
2063 3062 2327 3136 adeoque
2376 3062 2565 3120 veluti
2612 3063 2804 3119 basim
2854 3081 2990 3121 con·

1710 3151 1964 3210 stituere
1980 3150 2173 3226 operis
2192 3153 2459 3209 recenter
2472 3152 2586 3209 sub
2602 3151 2732 3226 ejus
2751 3150 2991 3210 nomine

376 3241 754 3317 generatione
805 3240 1022 3300 Christi
1066 3242 1105 3299 1.
1139 3260 1359 3310 unum;
1411 3241 1482 3299 de
1514 3259 1652 3316 pro·
1709 3240 2061 3316 publicati«.
2126 3238 2293 3308 Quod
2328 3258 2520 3314 neque
2551 3239 2715 3298 Pitra
2751 3240 2991 3299 omnino

374 3330 573 3406 phetia
618 3349 728 3388 sua
775 3330 816 3389 l.
866 3350 1084 3398 unum;
1132 3331 1206 3389 de
1237 3330 1583 3389 Philoxenia
1615 3329 1653 3390 l.
1708 3324 1968 3411 negatss).
1985 3328 2343 3404 Fragmenta
2358 3329 2557 3387 omnia
2571 3327 2992 3405 collectarepe-
3049 3396 3054 3400 ,

374 3438 560 3479 unum
609 3421 671 3478 et
714 3419 899 3478 alium
946 3420 1002 3489 1.,
1051 3420 1157 3495 qui
1205 3419 1398 3478 Clavis
1442 3419 1653 3477 inscri—
1708 3419 1825 3477 ries
1876 3418 2032 3493 apud
2068 3418 2248 3476 Otto
2298 3417 2523 3493 Corpus
2575 3418 2727 3494 apol.
2777 3418 2992 3477 Christ.

374 3507 567 3576 bitur3
617 3509 689 3566 de
721 3509 954 3567 diabolo
986 3509 1024 3566 l.
1057 3527 1278 3579 unum;
1326 3508 1397 3566 de
1428 3509 1653 3584 Apoca·
1709 3507 1807 3576 IX,
1875 3516 2254 3577 374—4783
2306 3516 2685 3577 497—5123
2739 3508 2993 3584 Migne

375 3596 1097 3674 lypsiJoannisl.unum;
1130 3598 1260 3680 περὶ
1307 3594 1654 3679 ἐνοωμάτοι)
1710 3633 1760 3642 -

375 3685 528 3750 Θεοῦ
560 3686 597 3747 l.
630 3705 816 3745 unum
851 3687 927 3746 et'
952 3680 1236 3766 Εκλογῶν
1271 3686 1333 3743 ll.
1367 3685 1465 3748 VI.
1526 3685 1653 3743 ΗΠ·
1787 3699 1826 3756 1)
1855 3693 2055 3747 Edidit
2103 3694 2250 3749 illud
2302 3695 2363 3747 in
2413 3694 2721 3764 Spicilegio
2774 3695 2992 3763 syriaco

366 3776 467 3849 jug
487 3775 728 3852 elegans
760 3779 821 3834 et
840 3776 1325 3834 declamatorium
1346 3774 1652 3852 ingenium
1710 3759 2050 3836 containing
2071 3766 2317 3820 remains
2339 3767 2403 3819 of
2412 3765 2717 3846 Bardesan‚
2737 3765 2992 3828 Meliton,

376 3865 419 3922 T
434 3884 466 3923 e
483 3868 555 3922 rt
569 3884 612 3923 u
628 3864 647 3921 1
665 3865 723 3921 11
739 3885 773 3922 a
787 3884 827 3922 n
844 3882 885 3922 u
902 3883 929 3923 3
962 3865 1026 3923 jn
1061 3864 1167 3924 VII
1199 3864 1279 3934 11„
1330 3881 1480 3937 quos
1514 3863 1652 3921 sori,
1710 3839 1982 3891 Ambrose
2002 3838 2116 3890 and
2140 3837 2296 3890 Mara
2317 3837 2428 3889 Bar
2448 3840 2738 3908 Serapion,
2757 3837 2992 3891 London

452 3955 464 3967 .
1080 3954 1092 3966 .
1716 3917 1851 3964 1855
1871 3931 1882 3966 ς
1911 3909 1952 3960 Ρ
1969 3909 1990 3961 i
2008 3913 2073 3961 tr
2087 3927 2120 3961 a
2140 3913 2286 3980 (cum
2306 3909 2561 3962 versione
2578 3908 2778 3974 latina)
2794 3909 2988 3978 Spicil.

375 3958 499 4028 ΡΜ
544 3954 826 4012 adversus
872 3954 1191 4013 Ecclesmm
1238 3971 1343 4028 pro
1377 3952 1654 4010 Montano
1711 3981 1944 4035 soleam.
1988 3981 2040 4034 11
2078 4000 2133 4051 p.
2176 3981 2439 4034 xxxvu
2480 3999 2580 4040 ss:
2635 3982 2705 4034 ef.
2747 3980 2988 4033 welto

377 4038 775 4122 (deperditis),
823 4043 1136 4101 cavillatur
1181 4042 1403 4115 dicens,
1455 4059 1593 4099 eum
1623 4060 1657 4098 a
1712 4051 1816 4104 Die
1868 4052 2150 4122 Apologie
2202 4053 2300 4106 des
2351 4051 2551 4105 Melito
2602 4070 2653 4103 v.
2699 4051 2993 4104 S.The01.

1712 4123 1953 4188 Qtlschr.
1988 4131 2119 4179 1862
2149 4144 2201 4193 p.
2231 4131 2528 4179 384—410.

476 4253 481 4260 „
1789 4198 1827 4266 Ξ)
1858 4195 1940 4249 Cf.
1968 4195 2036 4248 de
2067 4194 2121 4247 M
2141 4195 2241 4250 eli
2261 4199 2283 4246 t
2300 4212 2331 4247 o
2348 4213 2386 4247 n
2404 4212 2433 4246 e
2460 4193 2644 4259 (leque
2672 4195 2990 4244 controver-

379 4264 435 4321 in
488 4266 773 4320 Abhandl.
825 4266 925 4319 der
976 4266 1276 4336 phil.-hist.
1330 4267 1409 4321 Cl.
1454 4265 1555 4318 der
1598 4265 1654 4316 k.
1712 4266 1811 4319 siis
1863 4267 1985 4335 ejus
2031 4266 2323 4320 occasione
2369 4263 2630 4318 excitatis
2681 4263 2724 4312 B
2741 4262 2862 4314 ard
2884 4279 2913 4314 e
2933 4281 2988 4314 n-

378 4339 557 4391 sache.
585 4337 890 4392 Gesellsch.
918 4338 1019 4391 der
1044 4337 1214 4391 Wiss.
1260 4337 1487 4407 Lipsiae
1520 4341 1656 4392 1870
1711 4338 1748 4390 h
1769 4355 1911 4391 ewe
1929 4355 1956 4389 r
1995 4349 2022 4403 ς
2055 4345 2143 4392 19’
2185 4341 2242 4390 et
2268 4336 2379 4388 KL.
2409 4335 2559 4398 VIII,
2610 4340 2988 4390 1233—12352

378 4409 444 4470 V,
470 4416 776 4465 319—420.
828 4408 911 4463 Cf.
952 4409 1240 4480 copiosam
1282 4410 1351 4462 de
1394 4409 1502 4462 hac
1528 4425 1656 4462 con·
1712 4409 1760 4461 D
1779 4428 1816 4461 ιι
1835 4411 1955 4464 val
1997 4409 2073 4460 La
2101 4409 2443 4461 Litterature
2486 4424 2612 4474 syr„
2655 4405 2812 4458 Paris
2859 4413 2993 4460 1899

378 4480 650 4535 troversia
677 4479 1035 4535 literaturam
1061 4482 1215 4550 apud
1245 4479 1586 4532 Ehrhard
1617 4479 1655 4536 Ι,
1713 4500 1768 4550 p.
1803 4488 1930 4537 lag:
1960 4479 2166 4534 Christ.
2193 4479 2265 4530 W
2283 4495 2314 4530 o
2333 4496 2363 4530 o
2381 4498 2418 4545 g
2456 4479 2518 4530 in
2565 4477 2697 4529 diss,
2739 4476 2808 4528 de
2836 4475 2992 4529 Meli-

384 4558 691 4612 113—-117;
719 4552 789 4614 11,
818 4560 1119 4614 284-292,
1160 4552 1261 4620 qui
1308 4554 1366 4604 et
1391 4550 1510 4620 ipse
1540 4550 1657 4620 opi·
1712 4552 1867 4604 tonis
1895 4551 2014 4604 vita
2056 4555 2112 4603 et
2151 4550 2418 4620 scpriptis
2458 4549 2521 4601 in
2562 4548 2809 4616 Migne
2838 4548 2897 4599 P.
2927 4550 2990 4597 Gr.

378 4624 538 4677 nioni
564 4624 765 4678 Eberti
805 4625 1171 4694 suffragatur,
1200 4623 1351 4678 sicut
1376 4628 1433 4675 et
1459 4622 1507 4674 K
1526 4621 1602 4675 ih
1620 4639 1657 4673 n
1714 4623 1781 4686 V,
1815 4630 2194 4679 1145—1208:
2225 4621 2556 4691 praesertim
2582 4620 2681 4673 ΕΙ]
2699 4619 2780 4671 rh
2797 4635 2830 4670 a.
2847 4617 2920 4670 rd
2950 4618 2988 4670 l.

379 4695 488 4748 KL.
555 4695 708 4758 VIII,
780 4701 1159 4755 1537—1548;
1224 4693 1420 4747 Reck
1485 4694 1656 4746 theol.
1714 4693 2088 4753 98—100211.
2112 4699 2424 4752 258-262;
2453 4690 2796 4746 Harnack
2818 4689 2990 4742 'Ferte

381 4768 620 4831 Qtlschr.
653 4774 807 4830 1886.
835 4787 890 4837 p.
919 4774 1168 4823 65--114
1193 4771 1298 4820 etc.
1714 4766 1834 4818 und
1865 4765 2088 4819 Unters.
2117 4765 2156 4827 I,
2185 4774 2229 4827 1,
2251 4772 2550 4824 ‘Mo—27&
2578 4763 2990 4830 Kriigersdto.

590 4865 781 4922 Hurter,
811 4864 1137 4912 Nomenclator
1162 4865 1182 4910 1
1209 4865 1280 4912 ed.
1308 4864 1394 4911 111.
2639 4859 2669 4904 2

456 4200 489 4250 Γ)
518 4194 862 4250 Tertulli-ans
908 4195 1231 4251 Verhiiltnis
1272 4213 1341 4247 zu
1383 4193 1457 4246 M.
1500 4193 1656 4248 Felix
