3505 5161
530 226 652 281 907

938 214 1271 268 951—1000.
1299 210 1351 265 S.
1378 210 1707 282 Scripturae
1734 210 2158 282 interpretatio,
2187 213 2326 266 Atto
2354 211 2729 269 vercellensis.

3025 230 3157 283 908

527 400 659 455 tum
690 395 964 455 finitimis
992 397 1231 473 populis
1263 415 1330 455 ac
1359 398 1687 457 universali
1719 418 1811 458 re·
1868 400 2047 475 paulo
2081 398 2345 474 planius:
2379 416 2531 473 quae
2560 398 2855 473 posterior
2886 399 3159 458 recensio

530 484 837 560 splenduit
868 485 1173 555 Ecclesiae,
1208 490 1268 544 et
1298 486 1628 546 remedium
1658 488 1814 548 ferre
1869 507 2004 547 cum
2036 488 2251 566 glossis
2283 489 2345 547 et
2391 487 2628 546 scholiis
2658 487 2821 545 edita
2851 491 2942 546 est
2970 507 3023 550 a.
3054 488 3096 546 J
3097 507 3155 545 ο.

528 574 896 652 gravissimis
942 575 1175 634 damnis
1222 593 1453 633 summa
1496 577 1814 653 vigilantia
1869 579 1937 636 D.
1970 577 2216 636 Mansi
2267 576 2332 635 in
2379 594 2489 635 sua
2536 575 2626 637 ed.
2660 576 2904 639 Miscell.
2954 595 3155 635 sacro-

528 667 708 739 atque
768 662 1084 722 indefessis
1144 665 1303 723 curis
1362 665 1613 726 studuit.
1679 668 1813 726 Huc
1870 686 2002 725 rum
2034 666 2266 725 Baluzii
2297 665 2522 726 ed.luc.
2553 684 2611 741 p.
2636 674 2759 729 560
2785 684 2861 727 ss.
2909 665 3153 723 Dictum

527 753 792 827 pertinet
822 753 953 828 ejus
985 753 1049 811 in
1087 753 1386 812 visitanda
1417 754 1675 831 singulis
1706 776 1811 814 an·
1868 758 1961 814 est
1973 755 2347 832 Polypticum
2359 754 2395 812 i.
2408 773 2457 813 e.
2471 755 2793 813 multorum
2812 754 3155 829 descriptio,

527 842 623 900 nis
655 841 909 900 dioecesi
948 842 1319 914 sollicitud03
1366 843 1483 901 huc
1529 846 1809 904 eximium
1868 863 1990 903 non
2009 845 2168 902 enim
2200 843 2537 920 specialiter
2562 843 2891 902 tantumde
2910 862 3031 902 uno
3063 844 3154 901 lo-

527 931 680 990 illnd
712 931 786 988 ab
818 949 887 990 eo
916 931 1143 990 editum
1186 931 1524 1006 Capitulum
1567 935 1639 993 ad
1671 935 1814 993 cleri
1869 934 2091 1009 quitur,
2111 933 2214 991 sed
2230 932 2630 1009 plurimorum
2644 932 2894 1009 corripit
2913 932 3154 1001 vitium,

528 1020 857 1096 populique
934 1020 1405 1081 reformationem
1481 1027 1661 1098 atque
1737 1024 1813 1082 ad
1867 1022 2214 1098 praesertim
2263 1021 2599 1098 principum
2651 1022 3037 1081 ambitionem
3087 1027 3155 1080 et

529 1108 987 1168 ecclesiasticam
1019 1110 1391 1185 disciplinam
1424 1106 1809 1188 reparandam
1865 1115 2062 1171 cetera
2093 1112 2241 1170 vitia
2284 1112 2404 1172 late
2446 1111 2716 1187 castigat.
2777 1111 3014 1169 Ebert
3058 1114 3151 1168 ta-

530 1198 570 1256 Ο
601 1201 877 1256 constans
909 1197 1161 1257 decretis
1193 1219 1263 1258 ex
1300 1202 1599 1276 prioribus
1632 1220 1811 1279 syno-

528 1285 620 1344 dis
652 1289 715 1345 et
742 1286 1061 1362 capitulari
1092 1288 1480 1348 Theodulf
1490 1292 1511 1349 i
1551 1292 1810 1351 aurelia-

529 1376 729 1434 nensis
776 1371 871 1456 (cf.
914 1396 969 1453 p.
1008 1372 1159 1458 698)
1206 1379 1468 1449 haustis3
1516 1380 1631 1438 huc
1675 1399 1809 1439 con-

531 1466 718 1523 cinnes
761 1464 834 1523 ad
868 1466 1161 1541 populum
1190 1467 1538 1543 frequenter
1569 1469 1809 1528 habitae

531 1557 593 1612 et
623 1555 889 1628 epistolae
919 1573 1156 1630 quaqua
1187 1575 1392 1615 versus
1426 1558 1655 1621 missae.
1690 1558 1808 1616 Ha-

530 1662 666 1701 rum
698 1646 933 1701 exstant
962 1647 1201 1703 tantum
1232 1644 1342 1717 IX3
1375 1647 1618 1705 illarum
1647 1646 1810 1707 XVII

528 1732 861 1808 perbreves,
944 1732 1243 1808 simplices
1323 1738 1384 1793 et
1453 1735 1810 1812 perspicuae.

530 1822 921 1897 Praecipuum
954 1840 1090 1880 vero
1122 1841 1271 1899 opus
1316 1828 1410 1883 est
1453 1827 1584 1901 eJ'us
1632 1845 1809 1903 expo-

532 1910 671 1969 sitio
703 1913 764 1969 in
797 1912 1066 1985 epistolas
1095 1932 1139 1975 s,
1172 1911 1363 1987 Pauli,
1405 1933 1556 1989 quae
1588 1914 1807 1973 distin-

530 2000 738 2075 guitur
781 1999 906 2058 stili
956 2000 1236 2074 puritate,
1288 2002 1589 2061 doctrinae
1639 2023 1808 2078 prae-

530 2088 771 2158 stantia,
832 2089 1267 2149 sententiarum
1311 2091 1532 2150 selectu
1579 2093 1809 2151 ratione

532 2177 823 2253 singulari
867 2178 941 2235 ab
988 2179 1265 2252 operibus
1303 2180 1468 2239 illius
1499 2182 1628 2239 aevi
1659 2183 1808 2241 satis

533 2265 787 2324 obscuri.
818 2266 1103 2340 Sequitur
1133 2268 1197 2330 R.
1227 2268 1417 2327 Mauri
1441 2270 1806 2340 methodum,

532 2354 704 2429 cujus
732 2354 885 2412 forte
911 2358 1328 2417 commentario
1354 2377 1497 2416 usus
1524 2363 1629 2417 est.
1673 2361 1810 2418 Non

531 2443 750 2501 desunt
761 2445 976 2513 tamen,
996 2446 1099 2519 qui
1116 2463 1243 2504 eam
1257 2448 1574 2506 recentiori
1598 2450 1810 2507 Attoni

529 2534 828 2591 asserunt:
877 2534 982 2593 sed
1013 2535 1447 2595 Burontius
1493 2538 1809 2598 canonicus

527 2622 655 2694 eius
676 2640 919 2698 operum
941 2623 1136 2683 editor
1153 2624 1389 2684 criterio
1417 2628 1539 2684 tam
1570 2627 1809 2686 interno

529 2729 709 2785 quam
759 2714 1000 2771 externo
1049 2714 1483 2788 genuinitatem
1529 2716 1811 2780 vindicat.

528 2833 615 2843 —-
635 2800 722 2858 De
750 2804 1044 2876 pressuris
1063 2804 1449 2862 ecclesiasticis
1469 2824 1566 2880 pp.
1592 2815 1626 2867 3
1651 2806 1808 2881 apud

529 2889 897 2966 d’Achery
932 2891 1243 2966 Spi0i1.12,
1279 2902 1404 2955 414
1440 2912 1535 2965 ss„
1584 2912 1703 2968 quo
1744 2895 1808 2952 in

526 2978 728 3037 libello
749 2980 875 3056 agit
894 2979 965 3037 de
989 2979 1218 3055 judicio
1238 2982 1529 3057 episcopis
1549 2983 1805 3058 propri0,

527 3066 687 3141 quod
721 3068 1034 3144 spirituale
1067 3087 1197 3128 esse
1241 3070 1449 3129 debeat
1485 3066 1566 3153 (p.
1609 3068 1688 3153 1),
1734 3072 1808 3129 de

526 3174 730 3216 eorum
781 3157 1175 3218 electionibus
1225 3161 1286 3217 et
1334 3160 1808 3219 ordinationibus

526 3244 717 3320 deque
737 3246 1043 3318 abusibus,
1065 3247 1171 3322 qui
1193 3247 1255 3305 in
1274 3267 1373 3306 eas
1394 3267 1455 3307 se
1476 3249 1806 3307 immiscere

527 3335 754 3393 soleant
785 3330 866 3416 (p.
904 3338 984 3410 2),
1032 3336 1270 3394 demum
1311 3331 1392 3419 (p.
1431 3333 1494 3415 3)
1528 3337 1601 3396 de
1634 3339 1806 3396 bonis

525 3423 966 3483 ecclesiasticis:
1027 3443 1145 3500 qua
1193 3426 1496 3484 occasione
1543 3427 1809 3503 graviter

526 3513 914 3586 conqueritur
963 3513 1035 3570 de
1090 3514 1523 3584 vexationibus,
1588 3516 1806 3591 quibus

524 3600 661 3658 laici
693 3601 1040 3676 opprimunt
1070 3603 1331 3678 cleri008‚
1365 3603 1437 3662 de
1469 3605 1805 3680 usurpatio-

525 3690 705 3747 nibus
726 3690 1063 3766 principum
1096 3691 1161 3749 in
1191 3691 1480 3767 eligendis
1510 3693 1804 3769 episcopis

526 3779 586 3837 et
618 3779 773 3837 circa
802 3780 957 3838 bona
989 3780 1401 3852 ecclesiastica,
1449 3780 1521 3839 de
1567 3781 1802 3840 ordina-

522 3867 791 3927 tionibus
825 3869 1161 3927 simoniacis
1193 3873 1254 3927 et
1287 3889 1673 3944 personarum
1709 3871 1802 3929 in·

524 3955 842 4033 dignarum
873 3957 1346 4034 ineptarumque‚
1378 3962 1559 4034 atque
1591 3978 1803 4035 oppor-

523 4046 672 4103 tune
717 4046 936 4123 allegat
981 4048 1145 4122 leges
1190 4047 1484 4106 Ecclesiae
1530 4066 1803 4107 romano-

522 4153 775 4211 rumque
805 4135 1176 4211 pontificum,
1224 4136 1495 4213 Gregorii
1526 4137 1600 4194 M.
1633 4156 1802 4212 prae-

522 4224 744 4295 sertim,
774 4224 1009 4283 decreta
1027 4227 1231 4283 contra
1249 4224 1542 4301 ejusmodi
1561 4225 1802 4284 abusus

521 4345 612 4357 -—
656 4313 844 4371 Aliud
891 4313 1160 4388 ejusdem
1203 4309 1565 4388 'opusculum
1614 4314 1805 4372 edidit

1866 1219 2003 1260 men
2022 1200 2128 1272 III,
2166 1210 2243 1263 36
2256 1211 2290 1262 9
2312 1200 2747 1277 genuinitatem
2766 1203 2949 1276 negat
2965 1199 3150 1257 illud-

1868 1308 1985 1365 que
2021 1289 2287 1349 vindicat
2316 1288 2543 1347 auctori
2575 1289 2845 1364 hispano,
2909 1288 3154 1347 Attonis

1866 1398 2043 1454 opera
2105 1378 2421 1437 ediderunt
2480 1377 2852 1454 d'Achery
2912 1378 2974 1436 in
3036 1395 3151 1435 suo

1867 1468 2064 1543 spicil.
2097 1469 2138 1525 t.
2174 1466 2330 1536 VIII,
2365 1467 2452 1525 ed.
2485 1485 2672 1525 novae
2702 1470 2746 1530 t.
2781 1467 2858 1535 1.;
2910 1466 3151 1543 plenius

1867 1558 1923 1615 C.
1957 1558 2004 1614 B
2019 1576 2061 1614 u
2078 1576 2108 1614 r
2122 1575 2155 1615 o
2172 1575 2212 1613 n
2228 1555 2346 1613 tiu
2362 1574 2390 1613 s
2422 1556 2518 1614 del
2541 1555 2790 1633 Signore
2809 1555 3151 1615 canonicus.

1866 1645 2147 1704 Vercellis
2179 1655 2247 1708 17
2260 1653 2340 1707 68
2374 1647 2420 1703 t.
2457 1653 2491 1706 2
2527 1645 2591 1702 in
2622 1645 2662 1705 f.
2695 1645 2786 1703 ed.
2818 1644 3148 1721 splendida,

1865 1753 2042 1809 quam
2062 1733 2290 1792 recudit
2320 1733 2597 1809 pluribus
2630 1736 2865 1792 auctam
2898 1734 3170 1811 Migne

1867 1823 2159 1894 CXXXIV,
2196 1832 2475 1885 9-916,

1966 2011 2112 2063 499.
2160 1999 2377 2059 Omnes
2425 2000 2545 2058 fere
2594 2000 2916 2076 scriptores
2968 2000 3151 2075 hujus

1864 2089 2094 2166 periodi
2112 2090 2270 2148 inter
2289 2089 2363 2147 hi
2382 2108 2410 2148 s
2426 2092 2453 2146 t
2469 2108 2502 2148 o
2518 2089 2631 2148 ric
2646 2108 2679 2148 o
2697 2108 2725 2147 s
2755 2089 2973 2149 referre
2992 2089 3158 2148 licei:

1866 2178 2405 2237 Praetermittimus
2427 2177 2474 2255 1)
2552 2182 2749 2236 tamen
2823 2178 3152 2237 Leonem

1864 2268 2176 2326 diaconum
2210 2286 2257 2326 c.
2289 2286 2339 2325 a.
2381 2276 2503 2329 950
2553 2271 2763 2326 natum
2811 2264 2946 2348 (qui
2988 2267 3149 2325 idem

1866 2357 2105 2416 videtur
2149 2374 2284 2415 cum
2315 2356 2510 2414 Leone
2542 2356 2746 2414 Asiate
2789 2355 2886 2414 vel
2926 2352 3152 2434 Kario),

1865 2466 2001 2504 nam
2023 2447 2154 2520 ejus
2177 2445 2477 2503 Historiae
2491 2445 2551 2506 ll.
2571 2444 2622 2502 X
2638 2444 2712 2502 ab
2727 2464 2778 2501 a.
2799 2454 2876 2505 95
2889 2453 3056 2508 9—9
3067 2455 3099 2506 7
3111 2455 3146 2505 5

1864 2536 1937 2593 ab
1988 2535 2160 2594 obitu
2209 2533 2576 2594 Constantini
2639 2533 2782 2610 imp.
2833 2551 3025 2609 usque
3075 2534 3152 2591 ad

1865 2625 2093 2683 obitum
2127 2624 2268 2699 imp.
2301 2624 2550 2681 Joannis
2597 2627 2985 2699 cognomento
3018 2623 3150 2680 'rzi-

1863 2714 2079 2772 miscae
2101 2715 2416 2771 versantur
2447 2713 2510 2770 in
2542 2710 2942 2770 describendis
2975 2712 3151 2770 bellis

1864 2803 2148 2861 adversus
2182 2802 2406 2877 piratas
2422 2800 2646 2859 Arabes
2678 2800 2742 2859 in
2782 2801 2983 2859 insula
3012 2801 3148 2859 Cre-

1863 2894 1940 2961 ta,
1978 2892 2310 2960 Saracenos,
2355 2891 2647 2965 Bulgaros
2684 2893 2748 2948 et
2767 2890 3010 2959 Russos,
3042 2907 3150 2963 pro

1865 2999 2119 3054 quorum
2140 2979 2388 3037 historia
2420 2982 2514 3036 est
2545 2978 2745 3055 magni
2780 2978 2977 3053 pretii,
3011 2996 3148 3036 cum

1863 3073 2070 3126 auctor
2107 3068 2291 3125 fuerit
2335 3067 2511 3125 testis
2559 3067 2796 3125 auritus
2841 3073 2904 3125 et
2947 3066 3147 3125 ocula-

1863 3160 1961 3215 tus
1974 3153 2044 3237 2).
2106 3156 2332 3214 Prodiit
2365 3155 2607 3214 Parisiis
2652 3165 2815 3218 1819
2860 3156 2926 3214 in
2957 3156 2995 3213 f.
3026 3174 3147 3214 cur.

1942 3347 1976 3414 Ι)
2005 3344 2188 3400 Multo
2234 3345 2415 3414 magis
2457 3344 2972 3413 praetermittimus
3012 3342 3146 3396 Pil-

1862 3435 1900 3484 g
1917 3416 1978 3469 ri
1997 3435 2049 3469 m
2068 3434 2106 3469 u
2125 3436 2178 3469 m
2262 3416 2675 3488 (Peregrinum,
2757 3413 3143 3485 Pelegrinum,

1862 3486 2244 3557 Piligrinum)‚
2297 3487 2400 3555 qui
2439 3486 2652 3541 dicitur
2691 3487 2866 3540 fuisse
2909 3485 3145 3541 ultimus

1861 3557 2160 3628 episcopus
2189 3558 2567 3612 laureacensis
2594 3558 2817 3628 (Lorch)
2845 3560 2903 3610 et
2929 3557 3145 3627 primus

1861 3629 2238 3698 passaviensis
2265 3633 2459 3699 (971-
2493 3635 2572 3685 12.
2599 3629 2734 3682 Jun.
2762 3633 2906 3699 991),
2951 3631 3012 3681 et
3048 3626 3141 3681 cui

1862 3701 2198 3755 tribuuntur
2248 3701 2397 3754 duae
2436 3701 2714 3769 epistolae
2759 3700 2832 3753 ad
2880 3698 3142 3753 Benedic-

1861 3774 1984 3826 tum
2014 3772 2134 3836 VII,
2160 3772 2222 3826 in
2250 3789 2494 3840 quarum
2523 3787 2636 3825 una.
2662 3772 2788 3842 agit
2813 3771 2885 3826 de
2914 3771 3141 3840 Hunga-

1859 3860 2052 3897 rorum
2070 3843 2454 3905 conversione,
2466 3841 2528 3895 in
2544 3843 2726 3896 altera
2738 3842 2890 3911 petit
2904 3841 3140 3911 pallium

1860 3916 1920 3969 et
1934 3914 2363 3996 privilegiorum
2386 3913 2877 3967 confirmationem
2895 3916 2953 3965 et
2972 3910 3139 3966 simul

1859 3986 1981 4040 edit
2023 3986 2156 4040 fide1
2201 3983 2628 4045 confessionem,
2670 4001 2818 4052 quae
2859 4002 2893 4037 a.
2934 3998 3142 4038 nonne·

1859 4057 2013 4110 mine
2039 4057 2253 4112 dicitur
2296 4057 2830 4126 „propugnaculum
2866 4055 3033 4108 fidei·-
3062 4054 3141 4124 (in

1859 4128 1997 4182 bibl.
2024 4128 2130 4182 ΡΡ.
2156 4128 2315 4198 lugd.
2344 4127 2516 4190 XVII,
2537 4134 2678 4199 456).
2703 4126 2856 4180 Nam
2873 4127 3021 4180 duae
3037 4125 3140 4178 hae

1859 4214 1888 4252 e
1933 4199 2132 4253 istolae
2161 4201 2297 4253 sunt
2321 4199 2548 4267 spuriae
2568 4199 2744 4265 atque
2770 4197 2845 4250 ad
2870 4196 3141 4252 ementita

1858 4269 1900 4323 il
1928 4287 1960 4321 a
1977 4270 2320 4324 documenta
2337 4287 2451 4325 non
2469 4286 2650 4340 pauca
2668 4268 2980 4338 pertinent,
2999 4284 3139 4336 quae

1859 4340 2082 4395 duobus
2107 4344 2213 4395 aut
2236 4341 2469 4396 tribusa
2485 4343 2665 4394 morte
2693 4339 2965 4409 Piligrini
2993 4356 3142 4392 secu·

522 4401 677 4465 card.
723 4402 864 4460 Mai
910 4402 973 4459 in
1018 4402 1147 4463 Vet.
1195 4403 1397 4478 script.
1442 4403 1572 4462 coll.
1615 4421 1802 4462 novae
1860 4412 1930 4464 lis
1956 4414 2195 4466 conficta
2221 4413 2388 4480 eique
2416 4411 2715 4482 supposita
2741 4411 2922 4474 fuere,
2949 4413 3009 4464 et
3025 4412 3141 4466 lau·

522 4488 617 4558 VI,
660 4498 714 4560 2,
752 4501 831 4553 43
869 4509 944 4550 ss.
994 4490 1370 4568 Polypticum,
1407 4492 1565 4566 quod
1597 4492 1799 4568 appel-
1857 4483 2137 4537 reacensis
2151 4484 2335 4552 ipsius
2351 4483 2714 4553 episcopatus
2730 4482 2892 4536 aliud
2911 4484 3140 4544 nonest,

521 4578 684 4636 latur
702 4579 1216 4655 Perpendiculum‚
1250 4580 1476 4656 duplici
1508 4579 1696 4638 forma
1727 4582 1801 4638 ab
1859 4571 1896 4621 q

1900 4570 2030 4607 uam
2059 4571 2173 4607 una
2201 4571 2267 4608 ex
2295 4554 2509 4608 fabulis
2534 4554 2618 4608 ibi
2642 4553 2952 4608 contentis.

1932 4628 1973 4696 2)
2004 4625 2086 4678 Cf.
2113 4625 2161 4678 K
2179 4643 2206 4677 r
2222 4644 2259 4679 u
2278 4644 2332 4678 m
2353 4627 2435 4679 ba
2452 4625 2535 4680 ch
2553 4641 2580 4678 e
2598 4643 2625 4678 ι·
2652 4624 2851 4678 Gesch.
2881 4625 2984 4679 der
3009 4622 3140 4690 Byz.

522 4669 759 4764 auctore
790 4668 1034 4738 editum,
1085 4669 1278 4744 primo
1310 4668 1555 4744 quidem
1585 4668 1801 4727 obscu-
1859 4695 1968 4756 Lib·
2008 4715 2066 4767 p,
2094 4702 2405 4756 266-26&
2455 4696 2832 4766 Knopfler
2877 4694 2992 4749 111..
3018 4695 3141 4749 vn.

524 4771 775 4824 tissime,
806 4759 879 4812 ut
908 4757 1007 4814 vix
1040 4757 1237 4831 possit,
1258 4757 1551 4833 intelligi3
1582 4756 1803 4815 iterum
1863 4770 2015 4823 1807.
