3505 5161
350 245 389 295 9
402 245 476 296 97
1337 225 1389 278 S.
1418 224 1619 279 Petrus
1645 224 1975 281 Damianus.
2838 244 2960 299 998

349 413 624 472 Bessin
674 431 729 487 p.
763 412 790 469 I
820 432 876 488 p.
911 421 1010 475 49.
1073 411 1153 474 Of.
1186 411 1342 473 Hist.
1375 412 1465 471 lit.
1500 411 1624 483 VII,
1682 411 1876 471 carnis
1908 411 2184 471 stimulos
2215 413 2638 489 exstingueret.
2693 412 2961 488 Denique

351 510 723 565 587—595.
757 534 844 545 —
876 500 1168 560 Addimus
1188 505 1433 577 propter
1450 520 1626 579 argu·
1682 501 1947 561 excussis
2010 501 2218 560 mundi
2271 502 2523 565 vinculis
2572 502 2731 561 inter
2781 502 2961 561 fontis

348 591 539 650 menti
571 589 921 648 affinitatem
972 590 1240 649 Samon
1260 610 1365 649 am
1412 609 1627 668 gazen-
1681 590 1957 649 Avellani
2017 590 2292 659 eremitas
2353 591 2707 650 sanctiorem
2747 591 2959 667 degere

352 699 473 739 sem
509 680 572 737 in
603 679 938 738 Palaestina
955 679 1320 756 episcopum,
1353 681 1460 755 qui
1474 680 1630 738 circa
1684 680 1868 738 vitam
1902 681 2119 739 statuit
2167 674 2240 761 (c.
2273 700 2323 739 a.
2368 675 2579 762 1035).
2643 680 2961 756 Postquam

350 770 460 828 hoc
479 774 718 844 tempus
742 763 972 849 (1056)
994 767 1325 845 disputavit
1342 770 1628 828 adversus
1684 768 1918 829 sodales
1951 769 2129 828 etiam
2165 769 2228 827 in
2277 769 2406 827 aliis
2455 768 2757 828 coenobiis
2806 769 2964 828 vitae

350 858 693 917 Achmetem
739 858 1092 916 Saracenum
1141 858 1213 916 de
1257 858 1627 919 eucharistia.
1684 858 1864 917 verbo
1896 862 1958 917 et
1988 858 2253 933 exemplo
2286 858 2671 930 instituisset,
2724 858 2795 917 ad
2828 877 2965 919 suos

353 948 561 1007 Totius
609 947 673 1005 in
719 964 787 1005 eo
819 949 929 1018 est,
965 952 1035 1005 ut
1078 947 1292 1023 probet
1320 966 1533 1023 panem
1565 965 1630 1005 ac
1684 965 1957 1006 reversus
1972 946 2443 1007 Avellanitarum
2455 946 2712 1006 familiae
2729 966 2962 1022 praeses

352 1037 560 1096 vinum
610 1055 714 1112 per
763 1035 1087 1094 sacerdotis
1136 1037 1630 1095 consecrationem
1684 1036 1963 1113 elegitur.
2004 1036 2189 1095 Totus
2223 1036 2499 1096 incubuit
2529 1037 2810 1112 exemplo,
2833 1055 2962 1097 ver-

354 1146 559 1185 verum
591 1143 722 1184 esse
753 1129 815 1183 et
847 1124 1148 1202 integrum
1183 1143 1397 1201 corpus
1416 1144 1483 1184 ac
1498 1145 1628 1185 san·
1684 1125 1780 1184 bis
1831 1130 1892 1184 et
1936 1125 2177 1201 scriptis
2226 1125 2388 1201 apud
2439 1144 2576 1185 suos
2623 1144 2964 1201 promovere

346 1216 595 1293 guinem
628 1214 898 1273 Domini:
962 1214 1034 1273 ad
1068 1215 1229 1290 quod
1260 1215 1629 1274 euadendum
1685 1214 1845 1275 vitae
1878 1213 2238 1273 monasticae
2289 1214 2562 1273 studium
2610 1216 2779 1274 tanto
2812 1233 2964 1291 ‚pro-

354 1303 837 1363 mohammedano
890 1302 1117 1362 homini
1167 1303 1366 1363 hebeti
1398 1323 1465 1363 ac
1493 1304 1631 1364 rudi
1687 1304 1864 1373 fectu,
1915 1306 1987 1362 ut
2036 1303 2131 1362 sui
2182 1303 2406 1362 ordinis
2456 1303 2605 1362 alter
2654 1322 2868 1378 parens
2901 1322 2966 1363 ac

347 1392 639 1469 exemplis
689 1393 886 1451 utitur
934 1392 1199 1468 apprime
1250 1393 1631 1471 congruenti-
1685 1393 2073 1468 praecipuum
2106 1392 2346 1452 habitus
2379 1392 2462 1451 sit
2491 1395 2921 1451 ornamentum.

354 1483 484 1545 bus,
520 1482 661 1540 Eam
677 1481 1143 1557 disputationem
1169 1482 1349 1541 habes
1374 1484 1438 1541 iu
1469 1482 1631 1541 Gal-

354 1571 569 1630 landi
620 1574 734 1628 vet.
785 1570 896 1628 ΡΡ.
940 1570 1098 1632 Bibl.
1139 1570 1290 1642 XIV,
1342 1580 1465 1634 225
1521 1590 1630 1641 ss.;
1787 1581 1931 1635 559.
1965 1571 2077 1629 Sed
2107 1589 2227 1629 non
2248 1570 2442 1628 solum
2465 1569 2591 1629 suis
2625 1573 2685 1628 et
2716 1569 2965 1629 aliarum

355 1660 605 1736 Migne
646 1660 709 1719 P.
743 1660 808 1718 G.
840 1659 1002 1730 CXX,
1059 1669 1490 1724 1061—1068
1523 1664 1632 1720 etc.
1688 1659 2053 1719 familiarum
2097 1658 2415 1728 coenobiis,
2459 1677 2666 1717 verum
2698 1663 2758 1717 et
2788 1659 2966 1718 variis

1692 1749 2057 1809 dioecesibus
2125 1767 2301 1824 quam
2348 1747 2676 1823 plurimum
2740 1747 2970 1823 profuit

450 1847 591 1902 558.
627 1837 908 1896 Omnium
928 1841 1130 1897 tamen
1148 1839 1499 1915 praecipuus
1520 1839 1631 1898 hu·
1690 1838 2100 1898 sanctissimus
2132 1838 2255 1898 vir:
2307 1837 2427 1895 imo
2478 1838 2549 1896 de
2580 1837 2970 1896 restauranda

342 1929 453 2004 jus
485 1927 769 2003 temporis
821 1926 1137 2004 theologus
1183 1932 1363 2002 atque
1395 1928 1633 2003 speciali
1691 1928 2008 2003 disciplina
2022 1926 2419 1987 ecclesiastica
2438 1925 2582 1984 adeo
2604 1926 2830 2001 ubique
2851 1926 2968 1984 col-

361 2016 657 2075 mentione
721 2015 1111 2093 dignissimus
1174 2021 1265 2075 est
1328 2035 1374 2075 s.
1420 2018 1633 2076 Petrus
1690 2017 1858 2092 lapsa
1887 2016 2079 2093 deque
2124 2015 2521 2091 exstirpandis
2569 2015 2840 2086 simonia,
2873 2015 2967 2073 in·

362 2105 702 2163 Damiani
734 2104 1030 2163 Ecclesiae
1047 2105 1267 2177 doctor,
1284 2124 1458 2181 quem
1477 2108 1634 2165 Deus
1690 2106 2061 2165 continentia
2104 2105 2357 2181 aliisque
2401 2103 2544 2163 cleri
2589 2103 2756 2163 vitiis
2790 2123 2968 2180 quam

370 2193 492 2262 ,sic
538 2193 643 2253 hoc
692 2193 1168 2269 deploratissimo
1217 2195 1436 2266 secu10,
1501 2214 1633 2255 cum
1690 2194 2123 2271 impensissime
2199 2195 2318 2254 fuit
2385 2193 2701 2252 sollicitus:
2788 2212 2970 2270 quare

364 2283 713 2342 excrevisset
770 2283 842 2342 ad
892 2283 1212 2342 Ecclesiam
1271 2284 1636 2344 obruendam
1691 2285 2026 2361 Stephanus
2055 2284 2151 2343 IX.
2197 2303 2335 2342 eum
2381 2283 2555 2359 plane
2588 2282 2848 2345 invitum
2877 2285 2967 2341 at-

360 2371 653 2431 diluvium
676 2371 888 2442 carniS‚
914 2371 1077 2431 dedit
1097 2373 1339 2444 mundo,
1352 2378 1632 2433 utauste·
1692 2393 1810 2450 que
1873 2374 2266 2439 reluctantem
2328 2373 2392 2433 in
2454 2371 2680 2431 virtute
2730 2374 2968 2431 sanctae

360 2461 597 2521 rissimo
628 2462 785 2519 vitae
816 2463 1084 2537 exemplo
1133 2462 1421 2539 verbique
1467 2482 1633 2539 prae·
1691 2462 2063 2525 obedientiae
2097 2462 2453 2521 cardinalem
2499 2461 2722 2519 creavit
2752 2463 2814 2520 et
2843 2461 2966 2537 epi-

350 2550 649 2610 ssdicatione
680 2554 744 2610 et
774 2550 1017 2625 scriptis
1059 2550 1377 2612 exsiccaret
1405 2554 1634 2612 tantam
1692 2570 1939 2629 scopum
1974 2551 2294 2611 ostiensem
2327 2542 2570 2632 (1057).
2606 2550 2759 2612 Hinc
2789 2550 2885 2627 pie
2905 2550 2969 2609 in

357 2640 733 2717 putredinem
794 2639 1136 2716 pariterque
1184 2647 1482 2718 pugnaret
1530 2642 1634 2701 ad·
1690 2661 1781 2717 ep.
1801 2642 1871 2699 ad
1893 2642 2200 2701 Nicolaum
2220 2639 2295 2700 ΙΙ.
2330 2660 2435 2699 seu
2466 2658 2659 2716 opusc.
2691 2650 2764 2702 19
2788 2639 2967 2714 praef.

358 2748 567 2788 versus
588 2730 969 2788 simoniacam
989 2730 1297 2801 haeresim,
1331 2750 1480 2806 quae
1501 2730 1634 2789 ubi·
1690 2731 2056 2805 Stephanum
2122 2748 2298 2788 suum
2371 2728 2602 2788 vocavit
2693 2746 2968 2804 persecu·

350 2837 476 2893 que
526 2819 786 2877 locorum
837 2819 1219 2895 grassabatur
1262 2820 1507 2895 impune
1523 2817 1630 2902 1).<ι
1687 2823 1897 2890 torem,
1961 2821 2024 2877 et
2071 2818 2544 2878 Hildebrandum
2594 2817 2966 2887 cardinalem,

358 2907 551 2966 Natus
586 2911 679 2965 est
725 2908 936 2966 Petrus
984 2907 1249 2966 honestis
1302 2910 1404 2967 sed
1436 2909 1635 2968 tenuis
1692 2909 1853 2983 quod
1903 2909 2059 2968 votis
2109 2907 2181 2966 de
2232 2907 2549 2984 repetenda
2590 2924 2783 2964 eremo
2829 2923 2966 2964 con-

352 2994 626 3055 fortunae
657 2996 1008 3072 parentibus
1027 2998 1341 3057 Ravennae
1379 3010 1635 3062 1006-—
1691 2998 1878 3073 ceptis
1928 2997 2309 3073 pertinaciter
2367 2998 2575 3072 postea
2618 2993 2969 3066 obstitisset,

368 3095 551 3148 1007.
602 3087 651 3143 A
685 3089 872 3144 matre
903 3104 1251 3144 numerosae
1284 3086 1470 3162 prolis
1503 3106 1632 3163 per·
1692 3090 1985 3156 ,sanctum
2018 3088 2319 3145 satanam!
2384 3087 2434 3142 A
2479 3083 2740 3143 romanis
2771 3084 2970 3159 ponti·

356 3176 521 3232 taesa
551 3174 845 3249 abjicitur,
870 3174 972 3232 sed
994 3175 1347 3234 domesticae
1367 3175 1632 3235 mulieris
1690 3174 1902 3235 ficibus
1934 3193 2102 3250 saepe
2132 3174 2437 3233 adhibitus
2468 3176 2561 3232 est
2591 3173 2655 3230 in
2686 3171 2969 3231 difficilli-

358 3282 535 3338 opera
566 3264 888 3323 semivivus
930 3267 1210 3339 exceptus
1242 3265 1520 3341 genitrici
1562 3266 1636 3323 ad
1691 3265 1804 3323 mis
1849 3264 2126 3341 negotiis,
2190 3265 2285 3322 Ita
2330 3284 2364 3322 a
2408 3262 2651 3321 Nicolao
2687 3262 2763 3320 ΙΙ.
2810 3261 2969 3338 (cum

358 3351 747 3411 humanitatis
767 3371 1004 3411 sensum
1023 3356 1327 3412 revocatae
1348 3355 1634 3413 redditur.
1691 3353 1973 3412 Anselmo
1994 3348 2246 3435 lucensi)
2279 3352 2351 3411 ad
2371 3350 2766 3411 renovandam
2785 3352 2969 3410 eccle-

360 3440 624 3516 Utroque
652 3449 899 3517 parente
932 3441 1175 3501 orbatus
1196 3446 1499 3518 tamquam
1519 3443 1634 3502 vile
1691 3443 1840 3501 siam
1863 3442 2384 3511 mediolanensem,
2420 3441 2482 3499 in
2502 3459 2620 3515 qua
2651 3440 2749 3498 vix
2780 3460 2970 3498 unum

359 3530 720 3606 mancipium
782 3531 894 3589 sub
945 3549 1153 3606 aspera
1196 3531 1397 3589 fratris
1443 3533 1636 3591 tutela
1689 3550 1759 3590 ex
1791 3532 2020 3590 clericis
2039 3530 2277 3606 reperit,
2309 3530 2414 3605 qui
2446 3548 2568 3588 non
2600 3532 2707 3587 aut
2738 3529 2970 3588 ordines

360 3618 567 3677 duram
600 3621 862 3678 exercuit
893 3620 1243 3679 servitutem
1285 3622 1464 3695 atque
1497 3640 1632 3696 pas·
1689 3621 1905 3680 collato
1955 3620 2145 3696 pretio
2194 3622 2591 3695 comparasset
2647 3621 2753 3676 aut
2801 3618 2971 3680 foeda

356 3707 562 3767 cendis
594 3712 787 3783 porcis
820 3709 1126 3768 adhibitus
1158 3712 1265 3768 est.
1317 3710 1486 3768 Alter
1515 3710 1633 3769 fra·
1689 3709 2043 3769 feminarum
2094 3708 2522 3768 consuetudine
2571 3726 2632 3766 se
2683 3707 2969 3765 contami-

362 3798 453 3854 ter
484 3798 802 3857 Damianus
854 3798 1049 3856 dictus
1083 3800 1213 3874 ejus
1250 3798 1535 3857 misertus
1569 3799 1634 3858 in
1690 3802 1909 3859 nasset.
1974 3798 2128 3856 Hinc
2179 3798 2241 3856 in
2287 3798 2416 3874 ejus
2462 3797 2723 3854 adventu
2767 3799 2970 3855 tantae

364 3884 472 3942 filii
503 3886 698 3946 locum
732 3887 971 3945 habuit:
1005 3888 1159 3957 hinc,
1184 3891 1253 3946 ut
1272 3888 1476 3963 plures
1498 3907 1633 3947 cen·
1690 3891 1853 3947 ortae
1883 3888 2095 3946 turbae
2126 3892 2187 3945 et
2217 3886 2536 3956 tumultus,
2566 3890 2637 3943 ut
2682 3885 2838 3944 vitae
2879 3886 2970 3943 in·

363 3977 512 4045 sent,
544 3976 933 4053 gratitudinis
955 3994 1128 4036 causa
1147 3977 1418 4036 Damiani
1439 3973 1637 4060 (juxta
1690 3980 1956 4036 curreret
1985 3976 2346 4051 periculum:
2397 3975 2498 4033 sed
2530 3975 2657 4050 ipse
2688 3973 2842 4032 nihil
2877 3975 2969 4034 fu-

360 4063 506 4123 alios
574 4062 919 4145 Damianus)
980 4066 1174 4124 voluit
1217 4067 1633 4141 cognominari.
1692 4085 1824 4125 rore
1854 4065 2064 4141 populi
2096 4065 2451 4139 perterritus
2485 4063 2570 4122 ita
2601 4062 2795 4121 sobrie
2826 4083 2969 4138 pru-

356 4153 493 4211 Jam
543 4154 756 4212 studiis
818 4171 1055 4230 operam
1104 4155 1243 4213 dare
1304 4156 1522 4231 potuit,
1570 4155 1635 4214 in
1691 4155 1902 4214 denter
1945 4154 2276 4228 leniterque
2321 4156 2695 4228 exasperatos
2745 4152 2971 4210 animos

360 4242 582 4317 quibus
613 4243 756 4302 adeo
789 4243 1056 4319 profecit,
1101 4247 1175 4302 ut
1223 4264 1436 4321 magna
1465 4245 1634 4303 audi·
1690 4242 1986 4313 tractavit,
2033 4245 2105 4301 ut
2132 4243 2357 4319 legatio
2388 4242 2517 4317 ejus
2549 4242 2733 4299 laetos
2763 4241 2974 4299 tulerit

353 4335 557 4390 torum
590 4331 924 4407 frequentia
956 4333 1185 4392 scholas
1233 4334 1360 4409 ipse
1391 4352 1634 4411 aperue-
1692 4335 1939 4393 fructus,
2018 4332 2178 4401 Quae
2227 4331 2449 4390 ibidem
2499 4330 2797 4406 peregerit
2845 4330 2972 4405 ipse

358 4421 456 4478 rit.
491 4420 716 4479 Exinde
748 4421 943 4497 coepit
961 4421 1189 4480 divitiis
1221 4425 1281 4481 et
1314 4423 1636 4482 honoribus
1690 4422 1865 4481 nobis
1909 4424 2146 4480 enarrat
2190 4439 2389 4496 opusc.
2438 4431 2470 4483 5
2520 4420 2676 4478 infra
2717 4419 2971 4480 citando,

349 4509 613 4580 affluere,
649 4511 752 4569 sed
784 4515 844 4569 et
875 4530 936 4569 se
968 4512 1114 4569 dure
1146 4511 1370 4581 habuit,
1405 4514 1475 4570 ut
1506 4530 1633 4571 cor·
1691 4511 2093 4570 Alexandrum
2124 4510 2197 4573 II.
2237 4509 2471 4586 egregie
2502 4508 2735 4584 adjuvit
2765 4507 2971 4566 adver-

359 4616 474 4673 pus
507 4600 722 4658 rationi
756 4600 1039 4659 subderet
1060 4603 1239 4676 atque
1260 4600 1636 4678 insurgentes
1693 4619 1798 4659 sus
1831 4600 2143 4660 cadaloum
2173 4597 2762 4675 pseudopontificem,
2796 4616 2968 4672 quem

1693 4690 1850 4747 datis
1897 4689 1971 4747 ad
2017 4708 2153 4746 eum
2193 4688 2381 4747 literis
2413 4686 2673 4763 graviter
2705 4686 2973 4761 increpat

440 4792 475 4856 ¹)
504 4789 589 4840 Ita
616 4787 710 4840 Ba
729 4806 855 4843 ron
873 4789 892 4842 i
910 4807 946 4842 u
966 4807 989 4841 s
1016 4789 1088 4841 ad
1116 4805 1165 4842 a.
1198 4791 1350 4845 1072.
1693 4782 1755 4837 et
1786 4778 1856 4836 ad
1891 4796 2094 4835 sanam
2120 4778 2398 4836 reducere
2430 4779 2687 4835 mentem
2736 4775 2970 4851 satagit,

2544 4877 2636 4931 32·
