3505 5161
386 234 507 288 849

1445 217 1692 269 Alvarus
1719 216 1952 270 cordub.

2880 239 3004 291 650

380 403 677 471 unctione,
743 402 1077 461 vehementi
1128 403 1473 479 fervidoque
1524 402 1663 461 fidei
1720 402 1962 462 indiciis
1995 403 2226 462 hostem
2259 404 2569 475 Ecclesiae,
2606 423 2782 479 quem
2816 408 3009 466 omnis

381 492 501 551 zelo
533 510 599 550 ac
622 491 888 550 caritatis
911 491 1136 561 ardore,
1171 497 1243 551 ut
1274 493 1663 551 Bai-onius
1719 491 1908 550 vitare
1959 491 2364 552 christianitas
2416 494 2611 563 debet,
2683 496 3007 555 ostendit.‘

382 581 652 650 affirmet,
717 580 832 639 sibi
886 580 1094 646 videri,
1158 581 1475 658 Eulogium
1526 599 1662 640 cum
1720 581 2012 654 Confessio
2058 581 2250 658 ipsius
2300 582 2715 643 demississimi
2760 602 2827 643 ao
2870 604 3008 661 poe-

382 670 683 738 scriberet,
717 671 780 728 in
800 669 998 745 pixide
1018 670 1281 746 Spiritus
1304 689 1347 730 a.
1372 671 1663 729 calamum
1718 670 2008 729 nitentiae
2056 671 2269 731 malleo
2320 672 2561 731 contriti
2596 673 2789 731 animi·
2838 673 3010 750 signa

381 759 696 818 intinxisse
712 755 777 839 ¹).

471 949 615 1000 465.
662 937 901 1013 Eulogii
951 932 1467 1020 martyi·is{vitam
1522 938 1661 997 fide·

379 1028 519 1084 liter
563 1036 623 1085 et
668 1027 764 1102 pie
808 1030 1013 1085 narrat
1052 1028 1182 1102 ejus
1214 1027 1662 1103 condiscipulus

382 1116 493 1174 sub
514 1116 869 1192 Speraindeo
886 1116 976 1174 ab.
1010 1119 1072 1176 et
1085 1116 1310 1175 amicus
1342 1116 1661 1176 admodum

378 1205 687 1264 familiaris
721 1205 946 1263 Paulus
995 1200 1126 1287 (per
1150 1224 1405 1265 errorem
1440 1205 1663 1265 dieitur

381 1315 412 1352 a
455 1294 763 1353 nonnullis
809 1289 1047 1374 Petrus)
1101 1295 1472 1363 Alvarus,
1526 1295 1661 1354 aliis

380 1384 662 1442 Aurelius
695 1383 934 1442 Flavius
952 1383 1227 1454 Alvarus,
1260 1384 1661 1443 cordubensis,

384 1472 727 1541 ,Profiteor,
775 1472 976 1548 inquit
1006 1472 1070 1529 in
1101 1473 1210 1531 hac
1243 1492 1353 1533 sua
1382 1473 1521 1542 vita,
1567 1492 1662 1532 me

382 1581 498 1621 non
529 1562 733 1621 audita
770 1564 833 1618 et
878 1561 1076 1628 dubia,
1131 1563 1231 1620 sed
1277 1562 1411 1622 visa
1454 1570 1514 1621 et
1559 1582 1663 1638 per

380 1670 473 1711 me
504 1651 753 1726 probata
797 1654 1095 1709 retexere:
1142 1652 1422 1726 quoniam
1469 1652 1662 1728 gratia

381 1741 483 1799 Dei
505 1742 854 1816 cooperante
869 1761 901 1798 a
916 1739 1219 1815 primaevo
1234 1741 1663 1800 adolescentiae

381 1830 521 1888 flore
552 1829 818 1888 caritatis
857 1828 1168 1887 dulcedine
1215 1834 1275 1888 et
1323 1829 1660 1906 Scriptura-

381 1938 511 1977 rum
557 1937 753 1978 amore
798 1937 918 1977 uno
967 1917 1206 1977 vinculo
1251 1919 1523 1978 concordi
1570 1918 1659 1977 in-

379 2008 512 2066 nexi
543 2008 723 2083 hujus
744 2006 918 2076 vitae,
954 2006 1095 2065 licet
1126 2026 1246 2065 non
1277 2010 1409 2083 pari
1439 2008 1659 2077 ordine,

380 2102 580 2155 tamen
625 2097 752 2173 pari
798 2096 1030 2164 affectu,
1084 2096 1147 2156 in
1196 2097 1429 2157 cunctis
1478 2116 1658 2173 quae-

381 2186 669 2245 stionibus
701 2185 981 2243 duximus
1018 2184 1299 2261 jugum.‘
1367 2186 1508 2245 Fuit
1554 2206 1660 2246 au-

380 2280 500 2333 tem
520 2276 753 2333 Avarus
772 2294 807 2333 a
826 2274 863 2332 J
868 2274 1075 2333 udaeis
1096 2278 1281 2346 oitu8‚
1315 2295 1508 2350 neque
1532 2276 1659 2335 ullo

381 2364 773 2422 ecclesiastico
806 2382 1051 2422 munere
1074 2363 1334 2434 functus,
1369 2365 1658 2424 sollicitu-

380 2454 576 2512 dinem
637 2457 838 2511 tamen
895 2451 1250 2529 pervigilem
1295 2454 1451 2513 circa
1487 2455 1658 2513 utili-

380 2546 565 2602 tatem·
596 2542 729 2602 fidei
769 2542 1089 2602 catholicae
1122 2542 1425 2603 Cordubae
1457 2547 1659 2603 osten-

1719 760 2075 834 praeferens,
2138 759 2202 821 in
2281 760 2470 821 forma
2531 762 2821 821 orationis
2901 781 3010 821 seu

1718 848 2020 924 soliloquii
2071 867 2208 907 cum
2257 850 2410 920 Deo;
2477 851 2678 927 plures
2721 854 3006 928 epistolae,

1719 938 1880 996 inter
1972 957 2120 1013 quas
2207 939 2471 998 eminent
2547 945 2808 1015 quatuor
2886 936 3011 1023 (vel

1718 1023 2016 1105 quinque)
2088 1027 2412 1103 inscriptae
2473 1028 2749 1088 Eleazaro
2810 1034 3007 1089 trans-

1718 1117 1996 1191 gressori,
2043 1116 2186 1192 quia
2216 1136 2284 1174 ex
2333 1118 2662 1177 Christiano
2695 1120 2884 1179 factus
2914 1124 3005 1179 est

1720 1205 1760 1263 J
1766 1205 2012 1275 udaeus,
2046 1206 2112 1263 in
2141 1206 2365 1282 quibus
2399 1206 2641 1266 disserit
2671 1208 3011 1268 luculenter

1719 1294 1793 1353 de
1843 1295 2345 1370 promissionibus
2397 1300 2459 1355 et
2509 1297 2840 1372 prophetiis
2882 1301 3008 1373 jam

1718 1381 2060 1460 adimpletis
2092 1387 2332 1444 venturi
2366 1385 2614 1444 Messiae
2646 1389 2708 1444 et
2738 1386 3007 1446 christia-

1721 1491 1833 1530 nae
1863 1473 2173 1550 religionis
2219 1474 2528 1533 veriiatem
2562 1474 2848 1534 adversus
2893 1476 2932 1533 J
2937 1496 3006 1536 u-

1719 1561 2000 1621 daeorum
2035 1561 2340 1638 perfidiam
2371 1565 2593 1622 tuetur.
2661 1565 3008 1640 Sequuntur

1718 1652 1984 1710 carmina
2017 1648 2108 1731 (in
2141 1652 2268 1711 ΜΘ.
2302 1655 2508 1727 poetae
2539 1651 2643 1722 111,
2702 1665 2752 1722 1,
2793 1662 3004 1717 122--v

1727 1749 1844 1803 142
1879 1758 2001 1803 cur.
2046 1740 2109 1802 L.
2142 1737 2484 1821 Traube),
2535 1740 2695 1800 inter
2745 1761 2896 1818 quae
2942 1746 3004 1801 et

1719 1830 1977 1905 hymnus
2017 1832 2079 1887 in
2126 1849 2172 1887 s.
2203 1830 2532 1907 Euloqium.
2600 1830 2805 1907 Opera,
2855 1851 3005 1907 quae

1719 1922 2062 1993 supersunt,
2097 1917 2277 1978 habes
2310 1919 2371 1977 in
2404 1920 2675 1979 Florez
2697 1920 2832 1996 Esp.
2853 1939 3003 1997 sagr.

1718 2007 1768 2065 X
1801 2010 1862 2066 et
1894 2008 1971 2066 XI
2004 2012 2066 2067 et
2097 2008 2351 2083 Migne
2384 2008 2529 2067 CXV
2568 2006 2753 2089 (inter
2785 2011 3005 2085 scripta

1720 2092 1983 2177 Eulogii)
2018 2099 2081 2156 et
2111 2096 2304 2166 CXXI,
2341 2107 2708 2161 397—-566,
2775 2100 2859 2158 De
2901 2100 3005 2157 Al—

1719 2185 1846 2243 vari
1865 2186 2038 2245 obitu
2056 2186 2211 2244 nihil
2229 2186 2515 2246 habemus
2536 2187 2682 2246 certi
2700 2209 2714 2245 :
2736 2188 2868 2247 Flo
2882 2208 2914 2246 r
2927 2207 2959 2247 e
2974 2209 3003 2246 z

1703 2277 1921 2334 'tamen
1940 2275 2110 2350 Hisp.
2144 2294 2189 2334 s.
2222 2276 2319 2343 XI,
2359 2287 2439 2339 30
2474 2296 2531 2337 n.
2569 2285 2648 2338 33
2683 2295 2811 2335 eam
2843 2277 2914 2336 ad
2951 2298 3003 2336 a.

1723 2372 1838 2426 861
1883 2364 2063 2424 refert
2078 2362 2142 2445 ¹).
2174 2399 2261 2413 —-·
2292 2365 2467 2425 Forte
2499 2365 2685 2441 ipsius
2729 2372 2822 2425 est
2862 2367 3003 2425 liber

1718 2453 2107 2513 scintillarum
2141 2454 2421 2514 collectus
2468 2454 2540 2514 de
2574 2456 2891 2514 sententiis
2925 2474 3002 2514 ss.

1718 2545 1975 2616 patrum,
2010 2542 2114 2618 qui
2146 2545 2443 2619 reperitur
2474 2544 2633 2603 inter
2663 2562 2795 2622 opp.
2815 2564 2869 2605 v.
2891 2545 3002 2604 Be·

380 2633 485 2691 dit.
533 2632 689 2691 Haec
708 2634 909 2691 autem
945 2632 1075 2706 ejus
1109 2651 1307 2708 opera,
1342 2633 1406 2691 in
1437 2634 1660 2708 quibus
1719 2630 1824 2689 dae
1857 2631 1984 2702 VII,
2024 2643 2368 2696 515—627
2405 2633 2496 2692 ed.
2523 2635 2788 2693 Basileae
2822 2645 3001 2697 1563.

382 2722 520 2780 stilo
552 2722 747 2780 utitur
780 2720 1137 2791 vehementi,
1171 2722 1535 2798 metaphoris
1567 2741 1659 2780 re-

380 2810 700 2879 dundante,
740 2809 995 2869 subinde
1026 2810 1362 2886 eloquenti:
1424 2810 1556 2868 Vita
1601 2815 1662 2869 et

1809 2799 1954 2852 466.
2010 2789 2394 2867 Singulorum
2445 2795 2783 2850 sanctorum
2845 2793 3001 2852 vitas

379 2900 573 2975 passio
608 2899 660 2961 d·
694 2899 928 2976 gulo-95,-
964 2899 1027 2957 in
1059 2901 1191 2959 Act„
1223 2900 1320 2960 SS-
1363 2911 1383 2961 ¹
1412 2911 1460 2962 1·
1492 2901 1659 2959 Mart·
1715 2881 1777 2937 et
1806 2879 2111 2951 ,miracula
2142 2879 2319 2938 multi
2352 2878 2781 2960 describunt-¹).
2847 2881 2948 2938 Od
2969 2899 3000 2938 o

378 2988 453 3058 ΙΙ,
493 2999 781 3058 90-9“Ι;
829 2990 893 3046 in
938 2987 1028 3047 ed.
1075 3006 1210 3064 opp.
1246 2989 1491 3066 Eulogii
1536 3008 1659 3048 cur.

381 3077 579 3140 Ambr.
615 3077 945 3136 Morales
991 3081 1050 3135 et
1096 3078 1160 3135 in
1208 3078 1464 3154 Migne
1503 3080 1565 3135 P.
1598 3079 1659 3139 L.

380 3166 539 3234 CXV,
581 3175 923 3230 705—720
960 3169 1100 3236 etc.;
1149 3166 1453 3225 Indiculus
1490 3169 1659 3226 lumi-

380 3273 553 3314 nosus
602 3253 889 3333 (scriptus
936 3275 984 3315 a.
1036 3251 1208 3337 854),
1259 3257 1432 3333 cujus
1483 3276 1660 3334 argu-

380 3350 644 3403 mentum
679 3348 773 3403 est
802 3344 1066 3403 defensio
1088 3345 1348 3415 illorum,
1382 3346 1486 3421 qui
1507 3365 1660 3404 mar-

1798 3071 1833 3137 1)
1863 3067 1944 3120 Cf.
1973 3066 2100 3120 Nic.
2127 3070 2175 3119 A
2195 3071 2319 3122 nto
2339 3068 2409 3121 ni
2426 3086 2463 3121 ιι
2482 3085 2506 3120 s
2533 3066 2679 3123 Bibl.
2706 3067 2868 3139 Hisp.
2891 3073 3002 3123 vet.

1718 3138 1794 3191 11.
1819 3145 1866 3195 6.
1890 3146 2001 3197 c.8:
2024 3137 2189 3194 Wolf
2204 3139 2247 3191 B
2263 3156 2297 3193 a
2316 3157 2349 3193 u
2369 3139 2404 3191 d
2424 3139 2485 3192 is
2501 3157 2525 3193 s
2543 3138 2561 3191 i
2579 3157 2616 3191 n
2644 3138 3000 3208 Realencycl.

1723 3219 1769 3274 1,
1797 3212 1901 3267 427
1920 3230 1932 3268 ς
1963 3210 2191 3280 plenius
2217 3210 2278 3266 in
2304 3210 2559 3279 ejusdem
2588 3228 2679 3281 op.
2707 3227 2879 3281 supra
2905 3209 3000 3265 oit.

1722 3281 1869 3335 Eulo
1913 3281 2005 3336 ius
2031 3281 2151 3334 und
2179 3283 2369 3336 Alvar.

1798 3360 1807 3389 ¹
1909 3353 2380 3407 raetermittimus
2407 3352 2456 3405 N
2477 3353 2497 3405 i
2515 3354 2592 3407 th
2609 3369 2643 3405 a
2658 3370 2687 3405 r
2702 3353 2737 3404 d
2758 3369 2793 3405 u
2811 3371 2867 3404 m
2891 3357 3001 3404 An·

379 3434 538 3509 tyrio
571 3452 633 3492 ge
666 3452 786 3492 non
816 3433 1136 3509 perquisiti
1156 3434 1523 3505 obtulerunt,
1556 3453 1662 3510 pro
1717 3423 1802 3493 gil
1845 3423 1953 3477 erti
1979 3423 2181 3490 filiuni,
2209 3424 2397 3480 Caroli
2424 3423 2499 3477 M.
2539 3441 2607 3477 ex
2633 3423 2845 3477 Bertha
2882 3424 3000 3477 fllia

383 3522 601 3596 quibus
651 3527 712 3582 et
761 3541 807 3580 s,
856 3523 1148 3599 Eulogius
1198 3523 1541 3594 decertavit,
1603 3527 1665 3582 et

378 3612 828 3686 prophetiarum
873 3611 948 3669 de
980 3612 1382 3671 Mohammede
1427 3618 1489 3671 et
1532 3614 1662 3689 ejus

1720 3498 2002 3566 nepotem,
2046 3494 2380 3565 scriptorem
2426 3495 2724 3550 cordatum
2771 3498 2829 3549 et
2871 3505 3002 3566 pru·

1718 3567 1944 3621 dentem
1985 3584 2205 3637 proque
2255 3567 2327 3621 iis
2371 3566 2724 3636 temporibus
2773 3568 3000 3648 egregie

1717 3637 2013 3702 disertum,
2042 3640 2144 3706 qui
2180 3641 2238 3692 et
2261 3638 2650 3710 legationibus
2677 3638 2828 3693 inter
2852 3638 3001 3692 filios

380 3701 632 3758 nefanda
663 3701 893 3759 haeresi
923 3701 1254 3775 explicatiO.
1304 3702 1456 3770 ,Hic
1489 3702 1659 3771 liber,
1718 3709 1995 3764 Ludovici
2023 3709 2114 3762 Pii
2139 3711 2375 3764 functus
2415 3715 2514 3767 est.
2567 3709 2808 3780 Scripsit
2833 3711 3000 3764 clare.

380 3789 577 3865 inquit
624 3789 749 3866 ipse
793 3789 987 3865 operis
1032 3790 1222 3861 initio,
1284 3791 1418 3850 ideo
1465 3791 1661 3861 dumi-
1718 3781 1947 3835 cordate
1974 3783 2032 3835 et
2057 3781 2349 3846 veraciter,
2389 3782 2632 3836 subinde
2669 3786 2859 3836 tamen
2885 3798 3000 3835 non

379 3896 562 3936 nesus
579 3878 900 3938 indiculus‘
926 3878 1164 3948 dicitur,
1197 3879 1340 3954 quia
1366 3879 1663 3939 luminose

1717 3852 1855 3905 satis
1883 3851 1967 3905 ira
1995 3856 2053 3905 et
2079 3852 2330 3922 partium
2357 3853 2548 3907 studio
2576 3869 2792 3906 vacuus
2812 3857 2875 3907 de
2894 3857 3001 3906 dis-

1715 3927 2044 3978 seneionibus
2069 3927 2304 3991 filiorum
2331 3928 2593 3979 Ludovici
2612 3928 2698 3978 Pii
2715 3925 2789 3978 ab
2807 3940 2858 3976 a.
2875 3931 3000 3979 8¹4-

381 3986 531 4043 quae
574 3969 874 4042 sequenda
920 3971 1062 4026 sunt
1107 3969 1290 4038 docet,
1337 3972 1398 4027 0¹³
1442 3969 1662 4044 ”Pestis
1717 3994 3001 4066 843historiarumll.IV.Prodieruntprimum

1718 4065 1872 4119 inter
1898 4066 2053 4119 Petri
2092 4066 2136 4119 P
2152 4067 2172 4119 i
2190 4068 2267 4121 th
2286 4084 2318 4122 o
2335 4068 2403 4121 ei
2443 4067 2634 4136 script.
2664 4068 2859 4130 coaet.,
2899 4067 3001 4119 Pa·-

1720 4137 1871 4192 risiis
1904 4145 2069 4198 1588:
2098 4138 2459 4192 Francofurti
2490 4144 2626 4194 1594
2653 4156 2709 4207 p.
2736 4144 3000 4193 433488:

461 4216 493 4260 ¹>
524 4209 595 4261 cf
617 4208 676 4261 in
706 4207 903 4278 primis
931 4210 1160 4264 Alvar
1180 4227 1214 4261 u
1233 4226 1257 4261 s
1286 4208 1345 4261 in
1373 4209 1496 4279 ejus
1522 4210 1662 4273 vita,
1717 4209 1874 4279 apud
1902 4209 2117 4263 Pertz
2146 4209 2296 4263 Mon.
2319 4211 2382 4263 G.
2411 4209 2482 4269 11,
2511 4212 2823 4266 649—672:
2851 4208 3002 4261 inter

382 4278 449 4332 de
479 4297 592 4347 qua
618 4297 748 4334 mox
768 4301 780 4338 ς
809 4278 935 4334 Nic.
963 4280 1066 4332 An
1085 4283 1155 4333 to
1172 4280 1301 4333 niu
1321 4298 1345 4333 s
1373 4280 1520 4334 Bibl.
1552 4284 1661 4334 vet.

380 4349 826 4420 Hisp.1.V10.
878 4357 939 4410 6:
992 4351 1357 4405 Schroedl
1405 4351 1519 4405 KL.
1567 4351 1662 4415 IV,

379 4425 693 4481 sss-987,
757 4423 800 4474 Β
816 4438 850 4474 a
867 4440 903 4474 u
921 4422 955 4475 d
975 4422 995 4474 i
1012 4440 1037 4475 s
1052 4439 1076 4474 s
1094 4421 1168 4474 in
1218 4422 1499 4494 Eulogius
1542 4423 1659 4477 und

380 4492 573 4554 Alvar,
601 4493 693 4546 ein
722 4493 1031 4548 Abschnitt
1046 4494 1375 4564 spanischer
1390 4493 1663 4548 Kirc-hen-

380 4564 568 4632 gesch.
596 4580 700 4618 aus
714 4564 816 4618 der
830 4564 951 4618 Zeit
966 4565 1067 4619 der
1084 4565 1661 4628 Maurenherrschaft,

1718 4280 1926 4350 Script.
1953 4296 2059 4333 rer.
2088 4282 2273 4334 Germ.
2301 4281 2362 4333 in
2380 4299 2546 4334 usum
2570 4280 2745 4335 schol.
2773 4279 3001 4334 Hanno-

1720 4367 1884 4406 verae
1916 4357 2082 4411 1839;
2133 4355 2269 4408 1870
2294 4352 2381 4405 ed.
2410 4360 2472 4412 ⁶2.;
2524 4351 2772 4420 Migne
2809 4351 3000 4414 XCVI,

1718 4426 1965 4480 45—76:
2017 4441 2133 4478 cur.
2163 4425 2230 4478 A.
2258 4424 2446 4478 Hold
2464 4439 2538 4476 er
2565 4422 2834 4490 Friburgi
2865 4431 3002 4478 1882

1719 4499 1827 4548 etc.
1879 4494 1958 4548 De
2005 4511 2070 4548 eo
2117 4498 2310 4550 censet
2349 4495 2392 4548 E
2412 4496 2580 4549 bert
2625 4495 2692 4556 ll,
2733 4497 2839 4550 :370
2891 4493 3001 4547 Eiu

1718 4566 1914 4630 Werk,
1955 4566 2057 4620 das
2098 4568 2246 4620 ohne
2275 4567 2454 4637 Frage
2496 4567 2606 4620 den
2649 4566 3004 4635 Hohepunkt

386 4637 520 4691 1872
561 4639 617 4688 et
655 4635 915 4690 Realenc.
960 4642 1039 4699 6⁸,
1085 4643 1397 4694 594—597:
1450 4638 1662 4691 Gams
1717 4638 1818 4692 der
1868 4637 2366 4720 Historiotrraphie
2415 4638 2476 4691 in
2529 4638 2712 4692 dieser
2763 4636 3001 4691 Periode

380 4704 474 4758 die
488 4704 929 4777 Kirchengesch.
946 4725 1059 4762 von
1081 4708 1333 4778 Spanien
1351 4710 1416 4773 Π,
1436 4714 1486 4773 2,
1508 4713 1660 4772 1874,
1719 4708 2072 4765 bezeichnet.

386 4793 509 4846 cap.
539 4787 602 4834 4:
632 4777 861 4831 Ebert
886 4778 953 4841 11,
982 4785 1281 4836 299--311.

2175 4710 2284 4764 biit
2327 4710 2662 4764 vulneribus
2708 4709 3002 4763 confossus

1718 4782 1862 4834 forte
1890 4781 1952 4833 in
1971 4782 2116 4836 bello
2134 4798 2262 4835 cum
2292 4780 2638 4835 Normannis
2657 4780 2898 4835 Galliam
2918 4780 3002 4836 in·
