3505 5161
451 221 567 273 497
1342 196 1650 264 Dionysius
1677 193 1794 257 Ex„
1822 191 2156 246 Fen-andus.
2934 208 3059 261 493

449 391 652 459 altera,
696 409 848 464 quae
881 392 1154 464 superest
1171 382 1235 468 ¹),
1283 388 1519 444 exstant
1550 403 1720 444 cano·
1779 380 1933 456 legio
1966 378 2260 438 casinensi
2290 377 2519 447 18931,
2565 386 2813 440 1—189
2849 377 3061 436 inscri—
3142 386 3147 391 “

445 499 564 550 neS,
615 479 719 553 qui
757 479 1044 537 dicuntur
1074 475 1384 552 apostolici
1423 485 1520 546 50,
1567 492 1724 533 conc.
1780 473 1980 545 ptam:
2015 467 2379 542 Dionysii
2410 466 2625 543 Exigui
2658 485 2801 525 nova
2823 468 3063 526 collectio

446 569 677 627 nicaeni
712 578 811 637 20,
845 567 1126 643 ancyrani
1149 575 1249 635 24,
1283 563 1724 623 neocaesarien-
1782 577 1889 633 pro
1924 556 2328 616 controversia
2358 554 2431 613 de
2463 575 2583 614 uno
2616 574 2646 613 e
2678 556 2966 615 Trinitate
2999 558 3062 616 in

450 658 532 716 sis
574 668 667 729 14,
722 655 1069 734 gangrensis
1107 665 1205 724 20,
1252 652 1589 712 antiocheni
1625 662 1724 723 25,
1783 666 1955 705 carne
1984 664 2159 722 passo
2175 641 2241 727 ¹).
2290 644 2484 703 Vertit
2516 645 2761 720 insuper
2791 664 2823 702 e
2854 666 3062 722 graeco

450 747 736 805 laodiceni
802 756 902 812 59,
972 742 1602 818 constantinopolitani
1667 752 1723 814 3,
1782 756 1866 812 ep.
1926 736 2255 811 paschalem
2306 733 2656 792 Proterii
2722 729 2818 814 (cf.
2886 755 3064 811 supra

446 834 922 895 chalcedonensis
947 843 1047 904 27,
1081 833 1432 892 sardicensis
1457 841 1556 901 21,
1590 849 1724 889 nec·
1781 846 1838 901 p·
1865 819 2036 904 396),
2073 826 2247 881 vitam
2278 843 2323 885 s.
2343 822 2641 881 Pachomii
2672 822 2763 881 ab.
2797 818 2888 905 (in
2922 826 3062 883 vitis

445 944 565 983 non
597 943 865 996 canones,
911 923 1017 998 qui
1048 923 1279 981 collecti
1309 925 1729 998 proponuntur
1783 915 1892 972 PP.
1944 913 2144 975 Herib.
2196 913 2408 970 Rosw
2427 912 2585 970 eidi
2646 932 2702 988 p.
2758 922 2834 974 85
2890 917 2951 973 et
3002 915 3064 973 in

447 1010 628 1094 (138)
679 1014 742 1072 in
783 1032 942 1072 conc.
975 1007 1494 1091 carthaginensi2).
1560 1010 1728 1068 Hanc
1782 1003 1947 1061 Actis
1981 1002 2078 1064 SS.
2110 1002 2182 1060 ad
2216 1002 2272 1064 d.
2313 1012 2407 1063 14.
2441 997 2636 1082 Maj.);
2672 1002 2941 1061 Procli
2973 1024 3063 1080 ep.

446 1104 848 1162 collectionem
883 1121 1018 1161 cum
1051 1101 1325 1176 sequenti
1357 1100 1537 1158 habes
1570 1099 1727 1174 apud
1783 1093 1972 1165 deside
1987 1091 2387 1150 adArmeniae
2402 1091 2780 1167 presbyteros
2803 1088 3064 1171 (Migne

446 1193 879 1251 Justellum
943 1192 1007 1249 in
1064 1190 1209 1248 bibl.
1264 1191 1386 1264 jur.
1437 1208 1560 1248 can.
1610 1191 1725 1246 vet.
1781 1180 2010 1250 LXVII,
2066 1176 2473 1262 407-—418);
2539 1180 2806 1255 ejusdem
2856 1181 3062 1240 lauda·

457 1283 704 1352 1661.1,
732 1289 1108 1350 101-—248;
1142 1279 1280 1338 inde
1300 1280 1459 1354 apud
1491 1279 1726 1355 Migne
1781 1272 2008 1329 tionem
2054 1273 2119 1327 in
2164 1289 2239 1328 ss.
2288 1269 2401 1327 Dei
2443 1270 2771 1344 yenitricem
2804 1271 3064 1329 Mariam

450 1370 674 1440 LXVII,
707 1370 1462 1446 139—-230,—Rogante
1482 1368 1725 1425 ,Iuliano
1783 1365 1988 1419 contra
2033 1358 2379 1417 Nestorium
2425 1358 2642 1417 dictam
2689 1359 2793 1416 ΟΡ.
2840 1379 2889 1417 a.
2936 1370 3061 1422 429

447 1461 792 1536 presbytero
822 1479 1060 1518 romano
1092 1478 1211 1534 qua
1241 1459 1432 1516 valuit
1464 1476 1606 1515 cura
1636 1456 1725 1514 di·
1784 1446 1960 1528 (quae
2009 1449 2201 1507 versio
2247 1448 2421 1523 juxta
2472 1448 2929 1507 Garnerium
2975 1455 3067 1508 est

453 1549 832 1626 ligentiaque‚
880 1552 951 1606 ut
982 1549 1108 1622 ipse
1141 1551 1401 1606 testatur
1432 1547 1495 1605 in
1527 1546 1724 1621 praef„
1784 1540 1836 1597 M
1855 1537 2006 1595 arii
2064 1536 2424 1609 Mercatori8‚
2489 1536 2627 1594 hinc
2688 1556 2815 1594 eam
2877 1538 3066 1597 edidit

449 1639 684 1715 collegit
703 1639 930 1714 primus
951 1638 1183 1696 decreta
1216 1632 1723 1719 (ibam—316)
1782 1628 1941 1686 inter
1984 1628 2164 1703 hujus
2210 1645 2343 1701 opp·
2389 1624 2465 1695 ΙΙ,
2527 1636 2603 1688 19
2653 1644 2760 1695 ss.;
2812 1627 3063 1703 Migne

449 1746 553 1786 seu
585 1729 853 1802 epistolas
871 1728 1180 1785 decretales
1209 1746 1351 1785 rom.
1376 1724 1725 1800 pontificum
1782 1716 2037 1787 XLVIII,
2082 1726 2112 1778 ‘a'
2126 1726 2157 1777 7
2172 1725 2203 1778 5
2241 1716 2357 1792 ss),
2407 1714 2770 1791 Gregorii
2818 1718 3066 1791 nysseni

446 1837 479 1874 a
512 1816 718 1875 Siricio
764 1817 838 1874 ad
868 1817 1249 1874 Anastasium
1287 1810 1347 1897 (†
1384 1822 1555 1889 498).
1622 1814 1724 1871 Oe·-
1781 1807 1818 1864 l.
1883 1806 1951 1864 de
2011 1807 2329 1864 conditio-ne
2388 1804 2635 1862 hominis
2693 1803 2774 1861 ib.
2836 1804 3061 1876 LXVII,

445 1905 797 1964 leberiimus·
843 1906 977 1975 fuit,
1023 1910 1175 1963 teste
1222 1906 1261 1963 C
1277 1924 1311 1962 a
1328 1924 1354 1962 s
1373 1904 1485 1962 sio
1503 1903 1539 1961 d
1559 1924 1591 1963 o
1608 1904 1723 1961 rio

445 1994 516 2053 de
549 1995 738 2057 instit.
771 1995 888 2052 div.
923 1995 1013 2052 lit.
1045 2012 1092 2053 c.
1118 2003 1217 2065 23,
1253 1994 1570 2068 utriusque
1603 1993 1724 2050 col—

447 2083 736 2154 lectionis,
788 2103 941 2159 quae
992 2083 1151 2141 dicta
1200 2088 1292 2141 est
1337 2083 1724 2157 Dionysiana,

444 2173 504 2231 in
526 2173 786 2231 Ecclesia
805 2192 1045 2231 romana
1075 2178 1137 2230 et
1167 2172 1303 2230 hinc
1323 2173 1385 2230 in
1408 2171 1725 2230 Occidente

444 2281 610 2321 usuS.
643 2263 884 2338 Repetit
903 2262 1220 2320 recentiori
1240 2264 1431 2320 aetate
1463 2261 1721 2319 Amelli

446 2370 658 2409 novam
731 2351 1137 2410 collectionem
1214 2350 1721 2415 documentorum,

446 2459 594 2515 quae
615 2443 885 2514 spectant
904 2441 1336 2498 controversias
1357 2458 1492 2498 cum
1521 2458 1724 2498 mono-

449 2529 722 2606 physitiS.
772 2528 910 2588 Eam
934 2530 1276 2590 adornatam
1298 2548 1424 2589 esse
1455 2549 1490 2588 a
1520 2531 1723 2588 nostro

446 2620 728 2695 Dionysio
761 2620 917 2677 intra
949 2640 982 2677 a
1014 2629 1313 2683 530—35
1350 2638 1474 2678 non
1505 2619 1722 2695 impro-

447 2707 638 2767 babile
670 2712 885 2777 censet,
934 2727 1181 2783 eamque
1221 2709 1410 2766 edidit
1441 2708 1501 2766 in
1535 2708 1723 2783 Spici-

529 2917 563 2983 ¹)
590 2913 699 2968 Hos
725 2931 970 2970 canones
1002 2916 1175 2985 juxta
1218 2915 1514 2969 materiam
1543 2915 1726 2984 magis

455 2987 804 3051 systematice
900 2986 1187 3056 disposuit
1272 2985 1312 3039 C
1329 3003 1357 3037 r
1372 3003 1401 3039 e
1414 3005 1438 3039 s
1454 3002 1482 3039 c
1499 3003 1531 3039 o
1549 3005 1588 3039 n
1609 2986 1629 3039 i
1647 3004 1682 3038 ιι
1700 3005 1725 3039 s

452 3056 809 3126 (Crisconius)
840 3057 1221 3128 probabiliter
1247 3056 1549 3127 episcopus
1592 3057 1722 3110 afri-

443 3145 634 3190 canus,
674 3131 848 3198 atque
889 3130 973 3182 ita
1013 3128 1383 3183 concinnavit
1422 3145 1583 3183 suam
1608 3148 1726 3183 eon·

443 3204 680 3253 cordiam
706 3218 966 3255 canonum
994 3200 1032 3253 i.
1059 3217 1106 3253 e.
1134 3217 1417 3254 canonum
1443 3200 1726 3269 apostolo-

441 3288 585 3334 rum,
623 3271 1011 3336 nicaenorum,
1046 3289 1483 3339 ancyranorum,
1523 3287 1724 3325 novae-

440 3343 898 3407 caesariensium,
925 3344 1349 3414 gangrensium.
1396 3343 1725 3398 antochien-

444 3413 610 3477 sium,
672 3414 1105 3478 laodicensium,
1169 3414 1724 3478 chalcedonensium,

442 3484 869 3550 sardicensium,
950 3486 1510 3557 carthaginensium;
1586 3486 1725 3541 item

445 3558 774 3624 praesulum
840 3557 1044 3621 Siricii,
1108 3557 1448 3622 Innocentii,
1499 3557 1725 3622 Zosimi,

442 3627 770 3693 Coelestini,
798 3629 1001 3683 Leonis
1027 3632 1087 3683 et
1111 3629 1323 3684 Gelasii
1350 3629 1457 3683 sub
1483 3630 1575 3684 tit.
1603 3634 1725 3686 300.

1784 1890 2195 1975 347—407);
2246 1892 2604 1951 Marcelli
2637 1893 3061 1952 archimandri-

1780 1988 1875 2042 tae
1909 1983 2127 2058 spelaei
2147 1983 2391 2041 Emesae
2423 1981 2604 2040 vicini
2637 1977 2943 2041 historiam
2974 1986 3063 2042 in-

1782 2075 2060 2132 ventionis
2093 2073 2303 2147 capitis
2333 2090 2378 2129 s.
2409 2072 2503 2130 ιῙο.
2536 2072 2837 2146 Baptistae
2878 2072 3063 2131 factae

1780 2163 1843 2220 in
1870 2162 2018 2221 urbe
2040 2179 2312 2220 emesena
2331 2180 2381 2223 a.
2405 2170 2529 2223 453
2555 2158 2658 2240 (ib.
2684 2171 3029 2225 417—454
3049 2185 3062 2229 ;

1781 2252 1956 2309 etiam
1979 2251 2042 2308 in
2065 2250 2229 2308 Actis
2252 2249 2349 2310 SS.
2370 2250 2512 2308 Jun.
2533 2250 2627 2319 IV,
2657 2246 3063 2333 721.—728);

1781 2360 1865 2415 ep.
1898 2340 2229 2416 synodicam
2276 2357 2320 2397 s.
2362 2339 2649 2419 Cyrilli
2680 2339 2825 2399 alex.
2858 2343 3063 2398 contra

1780 2429 2124 2488 Nestorium
2175 2447 2309 2486 cum
2363 2427 2470 2485 XII
2532 2429 3061 2501 anathematismiS,

1782 2539 1933 2595 quae
1978 2521 2177 2576 tamen
2223 2517 2417 2576 versio
2466 2516 2539 2575 ab
2584 2517 2718 2575 aliis
2764 2518 2953 2576 eidem
2987 2520 3063 2576 M.

1780 2610 1840 2666 M
1857 2628 1887 2668 e
1903 2628 1934 2666 r
1950 2627 1980 2666 c
1996 2628 2029 2666 a
2045 2610 2072 2665 t
2088 2627 2121 2665 o
2138 2609 2202 2664 ri
2234 2602 2610 2688 tribuitur2).
2674 2608 2904 2666 Horum
2936 2610 3062 2684 ple-

1781 2716 1964 2772 raque
1997 2698 2243 2755 collecta
2287 2696 2464 2754 habes
2508 2697 2572 2754 in
2619 2697 2871 2773 Migne
2904 2699 2966 2756 P.
2998 2699 3060 2757 L.

1779 2787 2007 2860 mvn,
2048 2794 2322 2848 9—527.

1886 2921 2030 2974 280.
2093 2910 2449 2987 Fulgentius
2511 2911 2952 2971 Ferrandus
3016 2932 3060 2973 s,

1782 3000 2085 3075 Fulgentii
2117 2998 2468 3074 discipulus,
2517 2999 2668 3059 forte
2715 3004 2775 3058 et
2812 3019 3059 3060 consan-

1780 3090 2055 3166 guinem,
2105 3107 2151 3146 e.
2195 3089 2532 3163 praesulem
2577 3090 2834 3148 exsulem
2881 3091 3060 3149 comi-

1781 3182 1946 3237 tatus
1992 3181 2084 3236 est
2127 3177 2193 3235 in
2241 3176 2575 3235 Sardiniam
2625 3181 2684 3235 et
2733 3178 2922 3238 sactus
2970 3184 3062 3237 est

1785 3277 1908 3330 523
1945 3268 2228 3325 diaconus
2261 3266 2748 3342 carthaginensis,
2815 3267 3060 3326 Concin-

1781 3357 1948 3415 navit
1996 3357 2396 3414 breviationem
2426 3373 2711 3414 canonum
2756 3375 2861 3415 seu
2906 3375 3060 3415 com-

1782 3445 2064 3520 pendium
2103 3445 2259 3519 juris
2307 3445 2571 3502 canonici
2611 3445 2883 3504 ecclesiae
2914 3446 3059 3503 afri-

1781 3554 1957 3594 canae
1989 3534 2163 3593 initio
2195 3551 2307 3592 sec.
2328 3533 2426 3595 VI.
2458 3553 2525 3591 ex
2547 3534 2871 3593 canonibus
2904 3553 3062 3594 conc.

1780 3641 2125 3700 graecorum
2157 3626 2218 3681 et
2247 3622 2644 3682 africanorum
2664 3625 3060 3699 complectens

441 3696 577 3752 Eam
632 3700 879 3770 reperies
927 3700 990 3753 in
1034 3700 1100 3754 G.
1147 3701 1401 3756 Voelli
1451 3704 1509 3755 et
1552 3701 1724 3754 Henr.
1781 3712 2045 3788 capitula
2078 3721 2200 3774 232
2250 3712 2314 3770 in
2359 3711 2612 3788 Migne
2644 3712 2706 3770 P,
2740 3713 2800 3771 L,
2834 3713 3060 3785 LXVII,

441 3767 475 3821 J
490 3788 529 3823 u
546 3788 571 3823 s
587 3772 656 3825 te
673 3771 693 3824 l
710 3771 768 3825 li
818 3771 954 3825 bibl.
1002 3789 1143 3836 can„
1185 3772 1417 3826 Parisiis
1472 3779 1603 3830 1661
1625 3793 1637 3833 ς
1683 3773 1708 3824 1

444 3848 547 3896 458
589 3843 715 3896 coll.
761 3859 894 3913 app.
939 3848 1216 3902 34—112;
1261 3843 1512 3914 Migne
1558 3843 1616 3897 P.

443 3911 790 3978 LXXXVIII,
817 3915 1117 3971 817—942.
1160 3914 1281 3979 Quo
1310 3928 1440 3969 vero
1469 3918 1724 3984 tempore

443 3982 713 4050 floruerit,
743 4001 860 4039 non
887 3985 1025 4038 satis
1050 3989 1267 4039 certum
1296 3988 1396 4039 est.
1423 3986 1601 4040 Juxta
1626 3986 1725 4041 ali-

444 4071 585 4122 quos
600 4074 708 4113 sec.
725 4059 967 4112 exeunte
982 4057 1286 4125 Vllzjuxta
1302 4058 1344 4111 F
1359 4075 1394 4111 a
1410 4060 1447 4110 b
1462 4077 1491 4111 r
1506 4058 1528 4112 i
1543 4075 1572 4111 c
1588 4057 1604 4112 i
1619 4075 1724 4114 um

1664 3814 1725 3897 L:
1787 3809 2154 3863 949—962.
2201 3801 2427 3859 Auctor
2449 3805 2755 3876 praeterea
2787 3805 3064 3862 censetur

1781 3890 2111 3966 praeclarae
2160 3884 2367 3971 vitaess)
2419 3909 2465 3950 s.
2517 3890 2804 3968 Fulyentii
2851 3887 2948 3974 (cf.
3000 3913 3056 3969 p.

1858 4063 1895 4131 ¹)
1923 4058 2006 4114 Cf.
2052 4076 2195 4130 opus
2236 4059 2510 4114 Amelli
2550 4058 2604 4113 S.
2632 4059 2817 4114 Leone
2845 4077 2874 4114 e
2902 4061 3063 4114 l'Ori-

443 4123 579 4180 bibl.
607 4128 707 4181 lat.
735 4128 881 4181 med.
907 4131 1016 4182 aet.
1039 4129 1080 4192 1,
1108 4135 1212 4185 300
1240 4149 1280 4182 S.
1306 4130 1458 4183 idem
1486 4132 1573 4183 est
1596 4145 1724 4184 cum
1780 4135 1909 4186 ente
1936 4131 2067 4185 diss.
2096 4146 2262 4199 sopra
2289 4147 2405 4184 una,
2431 4130 2738 4186 collezione
2764 4131 2982 4185 inedita
3004 4132 3064 4185 di

443 4195 640 4279 Flavio
658 4199 905 4269 Corippo
928 4199 967 4254 C
986 4219 1013 4253 r
1029 4216 1057 4252 e
1075 4217 1100 4252 s
1115 4218 1144 4253 c
1162 4217 1193 4254 o
1211 4219 1248 4253 n
1265 4200 1286 4252 i
1303 4217 1335 4255 o
1362 4204 1534 4272 poeta
1554 4223 1564 4254 ε
1586 4203 1724 4254 tunc
1779 4202 1958 4257 nuovi
2008 4202 2337 4257 documenti
2384 4202 2612 4256 relativi
2651 4203 2706 4255 al
2752 4203 2798 4255 V
2837 4219 2867 4255 e
2904 4204 2960 4256 al
2986 4203 3065 4256 Vl

442 4267 676 4323 vixisset
700 4271 852 4324 circa
878 4288 928 4324 a.
959 4275 1077 4328 570.

1781 4292 1886 4336 sec,
1906 4272 2129 4335 estratti
2144 4273 2298 4343 degli
2316 4274 2529 4342 scrigni
2544 4273 2863 4343 apostolici,
2884 4273 3065 4329 Roma

516 4344 556 4421 ²)
586 4340 850 4396 Ceterum
889 4342 960 4396 de
985 4342 1076 4396 his
1101 4342 1537 4398 collectionibus
1562 4360 1723 4400 aecu-
1785 4354 1952 4404 1882:
1979 4344 2395 4399 Montecassino
2429 4351 2581 4400 1890.

441 4413 622 4466 ratius
670 4417 856 4484 agunt
918 4414 1120 4468 fratres
1182 4412 1600 4468 Ballerinii
1662 4414 1724 4469 in

440 4481 585 4552 disq.
612 4502 804 4554 praev.
846 4484 907 4538 in
947 4502 1080 4556 opp.
1122 4504 1162 4539 s.
1191 4485 1396 4539 Leonis

1851 4421 1894 4490 ²)
1924 4418 2005 4471 Cf.
2034 4415 2437 4471 Fabricius
2463 4415 2600 4471 bibl.
2631 4414 2729 4468 lat.
2751 4416 2894 4471 med.
2916 4419 3064 4470 aeta·

1437 4505 1493 4557 p.
1519 4487 1593 4540 III
1619 4495 1721 4543 c.l
1780 4489 1855 4542 tis
1881 4490 1921 4550 Ι,
1950 4496 2229 4548 448-52ς
2282 4487 3063 4550 SchererKL.1V‚1soo;

441 4552 686 4625 Migne
715 4556 857 4609 LVI.
901 4563 1207 4616 195—2062
1262 4556 1488 4614 Pohle
1514 4557 1627 4612 KL.
1655 4558 1724 4622 ΙΙ,
1779 4560 2475 4625 Bardenhewer595
2503 4576 2557 4611 n.
2585 4564 2635 4613 3.

447 4615 581 4682 1856
607 4644 679 4681 ss.
698 4649 710 4687 ς
763 4628 820 4681 Μ
836 4645 870 4681 a
885 4644 919 4681 a
935 4646 960 4681 s
977 4647 1002 4682 s
1018 4645 1046 4681 e
1062 4647 1101 4681 n
1129 4629 1330 4683 Gesch.
1358 4628 1459 4682 der
1485 4629 1722 4694 Quellen

1855 4635 1895 4702 ⁸)
1924 4631 2007 4685 Cf.
2029 4633 2071 4684 F
2088 4631 2109 4684 i
2125 4648 2154 4684 c
2170 4631 2210 4683 k
2226 4647 2255 4684 e
2271 4650 2300 4684 r
2319 4630 2429 4684 Zur
2449 4629 2816 4700 Wiirdigung
2828 4629 2928 4682 der
2943 4629 3064 4683 vita

441 4697 559 4750 und
586 4698 686 4752 der
712 4698 819 4753 Lit.
846 4699 945 4754 des
971 4716 1093 4754 can.
1116 4700 1357 4754 Rechtes
1378 4700 1457 4754 im
1478 4701 1721 4755 Abendl.
1780 4702 2074 4773 Fulgentii
2122 4703 2334 4758 Ztschr.
2385 4702 2423 4755 f.
2475 4702 2541 4755 K.
2595 4701 2793 4757 Gesch.
2835 4701 2980 4765 XXI,
3024 4702 3063 4765 Ι,

444 4767 612 4822 Gratz
647 4775 781 4826 1870
809 4772 849 4835 I,
878 4777 1155 4833 422—40;
1184 4778 1482 4830 960—965.

1779 4781 1970 4840 9—42.
