3505 5161
502 201 581 255 67
1346 185 1646 235 201-300.
1674 178 1728 232 S.
1758 178 2064 251 Hippolyti
2091 195 2280 251 opera.
3033 198 3113 253 63

499 369 921 446 Fragmentum
956 364 1051 450 (l.)
1074 368 1358 427 adversus
1377 385 1635 444 graecos,
1670 368 1779 444 qui
1831 369 2043 446 phetae
2074 369 2255 445 hujus
2286 370 2596 427 contentas
2628 368 2923 444 explanat.
2972 368 3118 427 Eam

498 457 848 517 inscribitur
867 459 1146 516 adversus
1166 456 1464 516 Platonem
1499 456 1572 516 de
1604 476 1780 517 causa
1833 477 1939 517 seu
1988 457 2120 532 ejus
2168 458 2500 534 fragmenta
2542 457 2768 532 reperit
2814 457 2877 515 et
2927 456 3120 516 edidit

498 546 783 616 universi,
817 547 883 604 in
915 565 1033 622 quo
1064 547 1360 623 praeclare
1406 546 1534 623 agit
1577 546 1650 605 de
1681 546 1778 605 fu-
1835 546 2036 606 Simon
2080 547 2153 605 de
2185 546 2488 623 Magistris
2533 546 2598 605 in
2640 564 2735 622 op.
2770 545 2980 605 Daniel
3023 564 3118 604 se-

498 638 635 695 turo
667 635 1000 694 animarum
1033 639 1199 695 statu
1229 653 1422 710 usque
1468 634 1542 694 ad
1576 654 1778 694 resur·
1833 635 2096 695 cundum
2172 634 2584 712 Septuaginta,
2661 634 2880 693 Romae
2949 642 3116 698 1772

498 725 838 794 rectionem,
873 724 945 783 de
977 742 1291 800 corporum
1324 725 1776 793 resurrectione,
1832 744 1892 799 p.
1958 733 2296 795 93-122;
2358 724 2940 794 Bardenhewer,
2991 723 3121 783 Fri-

498 814 572 873 de
594 814 825 890 judicio
871 818 935 873 et
971 816 1210 873 aeterna
1240 812 1657 873 retributione.
1694 847 1773 858 -
1831 813 2014 890 burgi
2039 813 2296 884 1877;1.
2316 821 2371 874 4.
2387 813 2784 889 complectens
2799 831 2879 872 cc.
2902 821 3116 877 7—12

501 903 708 980 Operis
741 905 1016 961 adversus
1035 921 1227 963 omnes
1256 904 1532 973 haereses,
1563 903 1629 962 in
1661 922 1779 979 quo
1834 902 2032 962 editus
2093 902 2213 961 fuit
2259 922 2294 961 a
2348 902 2671 979 Georgiade
2740 910 3120 972 1885—86;

497 1013 533 1051 a
564 992 845 1051 Dositheo
876 992 951 1051 ad
965 992 1226 1051 Noetum
1262 1001 1343 1055 32
1378 992 1649 1051 haereses
1664 1012 1780 1052 nu·
1834 992 2125 1051 Bratke
2168 992 2287 1050 Das
2347 989 2786 1050 neuentdeckte
2852 999 2906 1052 4.
2953 992 3121 1051 Buch

497 1086 690 1141 meret
719 1084 900 1157 atque
930 1081 1166 1151 refellit,
1195 1080 1480 1156 reliquias
1520 1081 1779 1157 reperire
1835 1080 2333 1155 deeranielcom.
2365 1081 2538 1140 Bonn
2579 1090 2763 1143 1891.
2814 1080 3121 1140 Commen-

500 1171 642 1229 licet
673 1170 737 1228 in
767 1170 974 1229 libello
1020 1169 1642 1229 Pseudo-Tertulliani
1674 1170 1780 1229 ad·
1835 1170 2126 1228 tariorum
2157 1169 2495 1246 fragmenta
2524 1169 2589 1228 in
2620 1169 2827 1245 plures
2847 1169 3032 1229 libros
3049 1169 3120 1228 V.

498 1278 707 1318 versus
770 1276 971 1319 omnes
1033 1259 1322 1329 haereses,
1385 1260 1450 1317 in
1499 1259 1781 1335 operibus
1835 1260 1898 1317 et
1944 1258 2019 1317 N.
2060 1259 2124 1319 Τ.
2165 1258 2371 1317 brevia
2409 1260 2736 1334 supersunt
2769 1259 3123 1335 praesertim

498 1348 818 1426 Epiphanii
850 1352 912 1408 et
940 1347 1252 1407 Philastrii
1298 1348 1369 1407 de
1415 1348 1779 1410 haeresibus.
1837 1347 1902 1407 in
1931 1348 2156 1407 catenis
2172 1342 2236 1430 1).
2283 1346 2598 1407 Tribuitur
2627 1347 2683 1406 ei
2715 1366 2952 1424 quoque
2981 1349 3122 1408 bre-

498 1438 770 1497 Aliorum
802 1457 1050 1512 operum
1100 1438 1387 1497 adversus
1417 1438 1611 1496 varias
1643 1439 1781 1497 hae·
1835 1436 1927 1496 vis
1973 1440 2035 1496 et
2078 1437 2423 1496 luculentus
2467 1438 2544 1498 tr.
2591 1438 2662 1496 de
2707 1432 3004 1507 Susanna,
3057 1438 3124 1496 in

496 1545 653 1586 reses
732 1529 1058 1603 supersunt
1131 1529 1373 1585 tantum
1449 1526 1783 1603 fragmenta
1838 1544 1957 1601 quo
2007 1526 2300 1602 mysticus
2351 1526 2534 1601 hujus
2578 1525 2858 1586 historiae
2910 1544 3123 1587 sensus
3164 1547 3170 1552 ·

498 1616 789 1690 quaedam
836 1616 1068 1674 minora
1080 1612 1150 1697 ¹).
1208 1615 1525 1674 Habentur
1556 1615 1783 1691 aliquot
1838 1614 2187 1686 declaratur,
2213 1616 2391 1691 juxta
2422 1634 2602 1691 quem
2634 1615 2910 1674 Susanna
2947 1634 3121 1692 prae-

497 1704 705 1763 tenuia
748 1705 1037 1780 Excerpta
1083 1722 1152 1762 ex
1197 1709 1271 1767 tr.
1304 1705 1376 1762 de
1426 1705 1700 1782 theoloyia
1731 1712 1783 1762 et
1837 1705 2062 1782 figurat
2089 1704 2431 1776 Ecclesiam,
2464 1704 2584 1765 duo
2616 1722 2811 1779 senes,
2833 1708 3041 1780 gentes
3061 1707 3125 1762 et

498 1795 895 1852 incarnatione
930 1796 1134 1852 contra
1162 1794 1537 1853 Beronem
1569 1797 1631 1851 et
1661 1794 1781 1853 He·
1828 1793 2078 1869 judaeos
2139 1794 2432 1853 Ecclesiae
2493 1793 2776 1853 infensos.
2840 1793 3124 1870 Indulget

496 1882 671 1941 licem
705 1878 838 1964 (seu
868 1876 1257 1964 Heliconem),
1307 1882 1369 1941 in
1420 1882 1639 1958 quibus
1669 1882 1780 1941 du·
1837 1886 2037 1941 autem
2055 1883 2119 1941 in
2135 1883 2261 1942 suis
2276 1882 2558 1958 operibus
2574 1882 2893 1960 exegeticis
2912 1883 3124 1942 eodem

496 1972 715 2047 plicem
746 1972 811 2030 in
842 1970 1077 2030 Christo
1098 1975 1372 2030 naturam
1403 1970 1782 2030 inconfusam
1836 1970 1957 2030 fere
1989 1972 2161 2031 modo
2205 1989 2327 2047 quo
2371 1972 2705 2048 Origene
2723 1990 2750 2029 s
2800 1971 3118 2047 allegorico

499 2064 560 2118 et
605 2060 982 2118 immutatam
1026 2058 1443 2136 duplicemque
1488 2061 1781 2137 operatio·
1838 2060 2171 2136 explicandi
2203 2060 2395 2119 modo,
2427 2095 2516 2104 --
2535 2061 2682 2136 Ejus
2713 2061 3123 2119 chronicorum

498 2168 631 2207 nem
692 2149 975 2209 adstruit:
1030 2149 1127 2208 hic
1172 2152 1374 2208 tamen
1417 2152 1495 2213 tr.
1542 2149 1782 2209 videtur
1838 2150 1977 2208 liber
1998 2168 2106 2208 seu
2124 2149 2536 2226 compendium
2553 2148 3123 2225 chronographicum

498 2256 610 2298 sec.
673 2237 772 2300 VI.
832 2239 931 2297 vel
993 2237 1119 2301 VII.
1173 2272 1249 2282 -—
1298 2239 1656 2314 Explanatio
1718 2241 1782 2297 in
1839 2239 1911 2297 ab
1943 2258 1993 2297 0.
2025 2258 2071 2297 c.
2104 2256 2298 2313 usque
2329 2238 2401 2296 ad
2434 2258 2484 2301 a.
2518 2248 2642 2301 234
2677 2239 2925 2314 reperiri
2957 2237 3124 2298 vide-

499 2321 878 2409 Danielem),
912 2327 978 2385 in
1008 2346 1128 2402 qua
1142 2344 1344 2386 omnes
1364 2328 1625 2386 visiones
1643 2348 1781 2404 pro·
1841 2330 1940 2386 tur
1969 2328 2035 2385 in
2063 2328 2338 2386 versione
2374 2345 2480 2386 seu
2499 2328 2916 2387 retractatione
2934 2327 3126 2386 latina

1837 2416 2128 2491 inscripta
2162 2417 2342 2475 Liber
2365 2418 2770 2493 ymerationis,
2806 2417 2979 2492 cujus
3010 2416 3123 2475 tri-

579 2537 612 2604 1)
655 2533 736 2587 (tf.
784 2533 1132 2588 Hernack
1185 2532 1385 2590 Gesch.
1425 2534 1526 2588 der
1575 2534 1781 2587 altchr.
1837 2505 1972 2582 Plex
2022 2509 2213 2564 exstat
2266 2505 2549 2564 remmio·
2612 2505 2819 2564 variae
2868 2507 2998 2582 ejus
3030 2523 3123 2563 ΓΘ·

501 2604 610 2659 Lit.
638 2607 678 2667 Ι,
712 2612 757 2668 1,
790 2612 888 2660 1453
917 2623 959 2659 s.
1839 2595 2146 2654 censiones
2190 2595 2576 2670 reperiuntur
2618 2596 2684 2653 in
2726 2596 2880 2654 Mon.
2928 2596 3124 2654 Germ.

576 2678 617 2748 ²)
645 2675 729 2731 Cf·
756 2676 893 2729 Bal·
909 2677 992 2730 ²1ss
1010 2678 1102 2730 nh
1120 2693 1149 2730 θ
1167 2693 1219 2728 W
1239 2693 1269 2731 θ
1286 2694 1313 2728 r
1338 2676 1436 2729 <108
1463 2676 1543 2730 hl·
1566 2675 1639 2728 Hi
1686 2692 1783 2746 P0·
1837 2686 2011 2743 Auct.
2060 2682 2379 2758 antiquiss.
2429 2683 2528 2753 IX,
2581 2693 2659 2747 78
2710 2702 2806 2754 ss„
2854 2687 2915 2743 et
2962 2684 3125 2742 inter

498 2747 1633 2888 ξὲἓῖἒᾞξίῗᾞὲἒὲῇἣέοξὲἓῖιὲἰὲἒ,
1678 2764 1784 2873 {figi
1838 2773 2110 2832 chronica
2139 2772 2370 2832 minora
2401 2772 2493 2834 ed.
2525 2773 2583 2832 Ο.
2613 2773 2839 2832 Frick
2885 2773 3126 2848 Lipsiae

500 2909 554 2947 n.
584 2899 613 2945 5
641 2889 723 2944 ita
751 2891 820 2944 de
847 2892 971 2961 ejus
990 2889 1179 2944 labori
1222 2908 1290 2944 us
1324 2888 1632 2959 exegeticis
1658 2906 1783 2944 cen·
1848 2871 2020 2962 1392·
2045 2862 2093 2932 1,
2136 2873 2161 2923 Ῑ
2201 2880 2277 2920 ⁸3·
2338 2861 2411 2962 ‘1¹²
2458 2864 2675 2962 δῖα-ωδ,
2726 2864 2898 2938 quus
2942 2881 3127 2963 supra

500 2966 614 3015 set:
641 2962 710 3015 Η.
739 3005 750 3016 .
781 3003 792 3014 .
822 3002 834 3014 .
862 2963 940 3015 ist
964 2963 1064 3015 der
1091 2963 1237 3015 erate
1260 2963 1431 3015 unter
1450 2961 1560 3014 den
1584 2960 1784 3015 christ-
1839 2954 2201 3010 mentionem
2245 2951 2512 3021 fecimus,
2539 2952 2874 3027 insculptae
2904 2969 3126 3027 reperi-

498 3032 692 3087 lichen
733 3033 1080 3103 Theologen‚
1119 3032 1364 3086 welcher
1403 3032 1525 3087 sich
1568 3031 1631 3085 in
1657 3050 1783 3086 aus·
1839 3043 2027 3099 untur
2056 3040 2298 3106 tabulae
2317 3040 2624 3116 paschales
2645 3040 2719 3098 ab
2734 3059 2785 3098 a.
2810 3049 3122 3110 222-233‚

500 3105 885 3186 fiihrlicheren
913 3104 1349 3159 Commentaren
1370 3105 1510 3157 iiber
1528 3103 1783 3185 alttesta-
1839 3130 2242 3205 fragmenssum
2263 3148 2353 3204 op·
2376 3128 2671 3205 deperditi
2689 3129 3124 3187 Demmtratio

498 3177 806 3231 menthche
837 3176 1057 3231 Bucher
1083 3176 1406 3238 versuchte‚
1434 3176 1581 3230 noch
1620 3176 1786 3230 nicht

498 3247 599 3299 der
650 3247 969 3302 biblischen
1009 3247 1259 3316 Vorlage
1298 3246 1406 3299 auf
1438 3244 1568 3299 dem
1608 3245 1783 3300 Fusse
1839 3225 2156 3292 oempmm
2183 3218 2498 3293 paschatss·
2521 3252 2617 3319 ζ-
2652 3218 3128 3319 Οοῧθῒῆῐῖϋοῃῗε

500 3319 735 3388 folgeud
763 3319 881 3372 und
910 3319 1021 3371 den
1047 3318 1346 3371 Wortlaut
1371 3315 1783 3386 zergh‘edernd,
1841 3324 1976 3364 vero
2008 3309 2070 3364 ΘΫι
2099 3324 2350 3365 canones
2362 3301 2415 3389 2)
2459 3306 2790 3383 Hlppolyto
2837 3307 2981 3365 ohm
3012 3309 3123 3366 trl-

501 3390 746 3442 sondern
794 3389 957 3442 mehr
1007 3389 1100 3442 die
1146 3388 1633 3459 Haupttnomente
1685 3387 1784 3441 des

500 3460 753 3512 Inhaltes
794 3459 1267 3529 herausgreifend
1312 3457 1435 3511 und
1462 3457 1525 3511 in
1551 3457 1785 3512 fteierer

499 3531 688 3585 Weiss
716 3530 1027 3586 erorternd.
1079 3530 1131 3582 N
1135 3530 1279 3583 eben
1305 3529 1373 3584 H.
1402 3527 1533 3582 tritt
1558 3529 1784 3584 freilich
1840 3545 2038 3583 verum
2088 3528 2294 3594 dicam,
2346 3528 2758 3600 praetermittit
2784 3570 2797 3583 .
2823 3573 2836 3586 .
2868 3572 2881 3586 .
2932 3528 3130 3583 Genus

500 3604 675 3657 schon
692 3621 759 3654 zu
780 3602 965 3656 seiner
985 3600 1107 3654 Zeit
1126 3600 1219 3654 ein
1242 3599 1517 3670 Origenes
1537 3600 1784 3653 aufdem
1839 3601 1964 3671 ejus
1990 3599 2219 3656 dicendi
2246 3601 2464 3656 clarum
2505 3601 2566 3653 in
2594 3600 2795 3671 primis
2821 3618 2886 3655 ac
2912 3601 3129 3672 perspi·

499 3673 668 3727 Felde
719 3673 820 3727 der
869 3672 1393 3741 Schrifterklarung
1443 3671 1560 3728 auf.
1619 3673 1787 3725 Steht
1840 3690 2031 3736 cuum,
2051 3671 2423 3742 interpretem
2464 3672 2603 3726 satis
2642 3673 2823 3737 decet,
2864 3671 2970 3726 etsi
2996 3672 3131 3726 atti-

500 3746 763 3799 letzterer
810 3761 886 3797 au
938 3743 1099 3798 Geist
1150 3743 1271 3797 und
1322 3741 1583 3796 Tiefsinn
1636 3744 1785 3797 ohne
1840 3761 1934 3798 cas
1957 3760 2156 3797 revera
2180 3744 2335 3814 leges
2381 3744 2548 3797 valde
2589 3743 2909 3815 repudiat.“
2959 3744 3043 3801 Cf.
3072 3745 3134 3798 et

501 3814 730 3868 Zweifel
793 3815 991 3878 hoher,
1056 3832 1116 3868 so
1181 3815 1330 3868 fusst
1380 3815 1622 3868 ersterer
1683 3816 1791 3867 auf
1840 3815 2227 3868 Neumann
2269 3814 2619 3887 Hippolytus
2659 3833 2772 3870 von
2799 3815 2943 3869 Rom
2983 3815 3045 3869 in
3087 3833 3129 3871 s.

500 3886 762 3939 klareren
790 3886 909 3940 und
938 3884 1220 3941 solidereu
1247 3886 1785 3939 hermeneutischeu
1841 3885 2104 3956 Stellung
2120 3905 2190 3940 zu
2205 3888 2366 3941 Staat
2384 3887 2503 3940 und
2524 3887 2697 3948 Welt,
2717 3886 2953 3956 Leipzig
2973 3892 3127 3944 1902.

499 3957 1052 4028 Voraussetzungen.
1107 3957 1175 4012 H.
1214 3957 1292 4010 ist
1341 3956 1476 4011 weit
1523 3958 1787 4012 nuchter-
1919 3962 1955 4027 ¹)
1985 3957 2168 4011 Multa.
2211 3957 2534 4029 fragmenta
2584 3957 2800 4025 syriace
2850 3962 2909 4012 et
2950 3974 3129 4012 arme-

498 4044 601 4081 ner
656 4029 743 4082 als
786 4027 1089 4098 Origenes;
1140 4044 1200 4080 er
1249 4028 1455 4082 nahert
1503 4027 1624 4082 sich
1675 4028 1787 4080 den
1842 4027 2004 4082 niace
2031 4044 2193 4082 versa-
2232 4028 2446 4099 reperit
2483 4032 2659 4097 atque
2703 4028 2890 4083 edidit
2915 4029 3130 4083 Pitra

500 4099 893 4160 Gruudsatzen
934 4100 1033 4154 der
1072 4098 1477 4159 Antiochener.
1529 4099 1606 4153 Er
1645 4098 1790 4152 Iiebt
1841 4099 1904 4153 in
1944 4099 2237 4155 Analectis
2277 4100 2448 4155 sacris
2486 4102 2556 4164 ΙΙ,
2600 4105 2909 4160 157--160;
2950 4105 3128 4157 218-

500 4171 592 4225 die
639 4171 928 4242 Allegorie
969 4171 1089 4224 und
1138 4171 1333 4226 macht
1372 4189 1483 4224 von
1535 4171 1637 4225 der
1682 4170 1788 4239 Ty·
1843 4177 1977 4228 284:
2005 4171 2099 4235 IV,
2126 4174 2544 4232 36—71;306-
2574 4176 2700 4228 337.
2725 4170 2976 4243 Operum
3003 4173 3132 4241 ejus

500 4241 601 4312 pik
654 4241 1087 4312 weitgehenden
1144 4241 1460 4298 Gebrauch.
1512 4242 1665 4296 Aber
1728 4258 1789 4294 er
1844 4258 1974 4297 exe
1989 4242 2445 4312 geticorum‚
2508 4259 2754 4311 quorum
2804 4243 3131 4312 fragmenta

500 4313 663 4366 weiss
708 4314 856 4367 Mass
907 4331 976 4367 zu
1017 4312 1233 4378 hasten,
1298 4313 1595 4367 bekuudet
1639 4313 1790 4366 Takt
1842 4314 1936 4367 vel
1985 4312 2228 4383 vestigia
2270 4332 2330 4369 re
2374 4314 2653 4379 criuntur,
2698 4313 2841 4368 bene
2887 4314 3130 4384 longum

500 4385 618 4437 und
672 4383 1022 4440 Geschmack
1084 4384 1205 4438 und
1271 4385 1463 4440 behalt
1540 4386 1634 4437 fiir
1694 4383 1788 4437 die
1844 4384 2173 4454 catalogum
2199 4334 2432 4439 exhibet
2469 4385 2760 4456 Krilger
2800 4384 3000 4441 Gesch.
3028 4386 3131 4439 der

501 4455 843 4510 historische
905 4456 1265 4527 Auffassung
1330 4456 1499 4510 einen
1563 4456 1789 4508 offeuen
1845 4456 2047 4511 altchr.
2075 4454 2186 4510 Lit.
2213 4467 2240 4520 ,ε
2266 4462 2353 4512 91.

501 4525 662 4582 Sinn.
711 4527 1036 4581 Photius
1085 4529 1155 4582 de
1206 4529 1317 4583 hoc
1380 4525 1788 4582 commentario
1918 4529 1959 4598 ²)
1987 4526 2199 4596 Magna
2239 4531 2364 4581 orta
2409 4530 2495 4581 est
2538 4529 2928 4582 controversia
2975 4528 3131 4583 inter

500 4597 621 4653 cod.
655 4598 811 4668 CCII.
878 4599 1108 4670 Migne
1137 4599 1278 4663 0111,
1319 4602 1443 4670 673)
1484 4596 1637 4672 iuter
1675 4597 1790 4651 alia
1845 4597 2101 4653 eruditos
2145 4599 2215 4651 de
2266 4599 2472 4653 horum
2523 4599 2871 4669 scriptorum
2920 4603 3129 4664 aetate,

500 4673 721 4724 censet:
776 4670 852 4734 „E
915 4670 927 4681 '
969 4671 1042 4723 ad
1087 4671 1328 4724 verbum
1372 4686 1489 4724 non
1541 4667 1793 4738 explicat
1844 4670 2107 4732 auctore,
2185 4669 2464 4724 relatione
2538 4670 2614 4724 ad
2688 4670 3131 4726 constitutiones

500 4740 856 4814 (Danielem),
906 4742 1135 4796 nullum
1185 4745 1374 4796 tamen
1432 4757 1678 4804 sensum,
1723 4743 1792 4793 ut
1844 4742 2028 4811 apost.
2047 4739 2276 4808 aliaque
2298 4742 2511 4812 scripta
2531 4740 2783 4812 gemina,
2821 4741 2891 4796 de
2913 4741 3132 4810 quibus
