<?xml version="1.0" encoding="UTF-8"?>
<!DOCTYPE html PUBLIC "-//W3C//DTD XHTML 1.0 Transitional//EN"
    "http://www.w3.org/TR/xhtml1/DTD/xhtml1-transitional.dtd">
<html xmlns="http://www.w3.org/1999/xhtml" xml:lang="en" lang="en">
 <head>
  <title>
</title>
<meta http-equiv="Content-Type" content="text/html;charset=utf-8" />
  <meta name='ocr-system' content='tesseract 3.04.00' />
  <meta name='ocr-capabilities' content='ocr_page ocr_carea ocr_par ocr_line ocrx_word'/>
</head>
<body>
  <div class='ocr_page' id='page_1' title='image "./nomenclatorlite09hurtgoog/nomenclatorlite09hurtgoog_0389.png"; bbox 0 0 3505 5161; ppageno 0'>
   <div class='ocr_carea' id='block_1_1' title="bbox 381 238 2994 318">
    <p class='ocr_par' dir='ltr' id='par_1_1' title="bbox 381 238 2994 318">
     <span class='ocr_line' id='line_1_1' title="bbox 381 238 2994 318; baseline 0.002 -27"><span class='ocrx_word' id='word_1_1' title='bbox 381 262 411 316; x_wconf 85' lang='lat'><strong>7</strong></span> <span class='ocrx_word' id='word_1_2' title='bbox 424 263 457 316; x_wconf 88' lang='lat'>3</span> <span class='ocrx_word' id='word_1_3' title='bbox 470 260 501 316; x_wconf 80' lang='lat'><strong>7</strong></span> <span class='ocrx_word' id='word_1_4' title='bbox 1281 238 1333 291; x_wconf 88' lang='lat' dir='ltr'>N</span> <span class='ocrx_word' id='word_1_5' title='bbox 1338 238 1639 309; x_wconf 86' lang='lat' dir='ltr'>icephorus</span> <span class='ocrx_word' id='word_1_6' title='bbox 1668 240 2089 312; x_wconf 81' lang='lat' dir='ltr'>Honiologetes.</span> <span class='ocrx_word' id='word_1_7' title='bbox 2871 266 2901 317; x_wconf 80' lang='lat'><strong>7</strong></span> <span class='ocrx_word' id='word_1_8' title='bbox 2913 264 2947 318; x_wconf 89' lang='lat'>3</span> <span class='ocrx_word' id='word_1_9' title='bbox 2958 266 2994 318; x_wconf 78' lang='lat' dir='ltr'>g</span> 
     </span>
    </p>
   </div>
   <div class='ocr_carea' id='block_1_2' title="bbox 362 427 2998 3892">
    <p class='ocr_par' dir='ltr' id='par_1_2' title="bbox 365 427 2998 3355">
     <span class='ocr_line' id='line_1_2' title="bbox 374 427 2998 507; baseline 0.001 -18"><span class='ocrx_word' id='word_1_10' title='bbox 374 431 543 489; x_wconf 89' lang='lat' dir='ltr'>hiant</span> <span class='ocrx_word' id='word_1_11' title='bbox 586 429 729 489; x_wconf 90' lang='lat' dir='ltr'>locis</span> <span class='ocrx_word' id='word_1_12' title='bbox 773 431 834 487; x_wconf 88' lang='lat' dir='ltr'>et</span> <span class='ocrx_word' id='word_1_13' title='bbox 877 427 1240 503; x_wconf 75' lang='lat' dir='ltr'>portentosis</span> <span class='ocrx_word' id='word_1_14' title='bbox 1272 444 1517 502; x_wconf 84' lang='lat' dir='ltr'>prorsus</span> <span class='ocrx_word' id='word_1_15' title='bbox 1550 445 1655 484; x_wconf 86' lang='lat' dir='ltr'>an·</span> <span class='ocrx_word' id='word_1_16' title='bbox 1713 428 1909 498; x_wconf 87' lang='lat' dir='ltr'>cretis,</span> <span class='ocrx_word' id='word_1_17' title='bbox 1956 430 2057 488; x_wconf 88' lang='lat' dir='ltr'>sed</span> <span class='ocrx_word' id='word_1_18' title='bbox 2091 432 2332 507; x_wconf 87' lang='lat' dir='ltr'>propter</span> <span class='ocrx_word' id='word_1_19' title='bbox 2363 432 2754 490; x_wconf 77' lang='lat' dir='ltr'><strong>constantiam</strong></span> <span class='ocrx_word' id='word_1_20' title='bbox 2787 432 2850 491; x_wconf 93' lang='lat' dir='ltr'>in</span> <span class='ocrx_word' id='word_1_21' title='bbox 2881 432 2998 493; x_wconf 91' lang='lat' dir='ltr'>fide</span> 
     </span>
     <span class='ocr_line' id='line_1_3' title="bbox 373 515 2996 595; baseline 0.001 -16"><span class='ocrx_word' id='word_1_22' title='bbox 373 538 606 589; x_wconf 89' lang='lat' dir='ltr'>norum,</span> <span class='ocrx_word' id='word_1_23' title='bbox 627 518 972 594; x_wconf 90' lang='lat' dir='ltr'>praesertim</span> <span class='ocrx_word' id='word_1_24' title='bbox 987 515 1490 592; x_wconf 74' lang='lat' dir='ltr'>patriarchalium,</span> <span class='ocrx_word' id='word_1_25' title='bbox 1514 533 1655 591; x_wconf 92' lang='lat' dir='ltr'>sup·</span> <span class='ocrx_word' id='word_1_26' title='bbox 1712 517 1903 575; x_wconf 87' lang='lat' dir='ltr'>multa</span> <span class='ocrx_word' id='word_1_27' title='bbox 1934 521 2027 577; x_wconf 91' lang='lat' dir='ltr'>est</span> <span class='ocrx_word' id='word_1_28' title='bbox 2055 537 2269 595; x_wconf 88' lang='lat' dir='ltr'>passus</span> <span class='ocrx_word' id='word_1_29' title='bbox 2306 522 2485 595; x_wconf 88' lang='lat' dir='ltr'>atque</span> <span class='ocrx_word' id='word_1_30' title='bbox 2532 521 2595 579; x_wconf 93' lang='lat' dir='ltr'>in</span> <span class='ocrx_word' id='word_1_31' title='bbox 2639 521 2847 580; x_wconf 82' lang='lat' dir='ltr'>exsilio</span> <span class='ocrx_word' id='word_1_32' title='bbox 2894 522 2996 582; x_wconf 91' lang='lat' dir='ltr'>de-</span> 
     </span>
     <span class='ocr_line' id='line_1_4' title="bbox 372 604 2995 687; baseline 0.002 -20"><span class='ocrx_word' id='word_1_33' title='bbox 372 607 796 685; x_wconf 86' lang='lat' dir='ltr'>putationibus</span> <span class='ocrx_word' id='word_1_34' title='bbox 815 608 1045 665; x_wconf 89' lang='lat' dir='ltr'>scatent</span> <span class='ocrx_word' id='word_1_35' title='bbox 1076 608 1187 663; x_wconf 82' lang='lat' dir='ltr'>etc.</span> <span class='ocrx_word' id='word_1_36' title='bbox 1238 604 1395 663; x_wconf 87' lang='lat' dir='ltr'>Hinc</span> <span class='ocrx_word' id='word_1_37' title='bbox 1415 604 1658 679; x_wconf 84' lang='lat' dir='ltr'>conjicit</span> <span class='ocrx_word' id='word_1_38' title='bbox 1711 606 1906 665; x_wconf 86' lang='lat' dir='ltr'>cessit.</span> <span class='ocrx_word' id='word_1_39' title='bbox 1956 608 2060 666; x_wconf 91' lang='lat' dir='ltr'>Pie</span> <span class='ocrx_word' id='word_1_40' title='bbox 2093 612 2155 667; x_wconf 91' lang='lat' dir='ltr'>et</span> <span class='ocrx_word' id='word_1_41' title='bbox 2185 609 2421 687; x_wconf 87' lang='lat' dir='ltr'>egregie</span> <span class='ocrx_word' id='word_1_42' title='bbox 2451 629 2486 667; x_wconf 89' lang='lat' dir='ltr'>a</span> <span class='ocrx_word' id='word_1_43' title='bbox 2515 614 2704 668; x_wconf 88' lang='lat' dir='ltr'>matre</span> <span class='ocrx_word' id='word_1_44' title='bbox 2724 612 2995 671; x_wconf 86' lang='lat' dir='ltr'>excultus</span> 
     </span>
     <span class='ocr_line' id='line_1_5' title="bbox 374 693 2997 776; baseline 0.001 -20"><span class='ocrx_word' id='word_1_45' title='bbox 374 695 959 773; x_wconf 90' lang='lat' dir='ltr'>Papebrochius</span> <span class='ocrx_word' id='word_1_46' title='bbox 990 695 1029 752; x_wconf 94' lang='lat' dir='ltr'>l.</span> <span class='ocrx_word' id='word_1_47' title='bbox 1060 712 1108 753; x_wconf 91' lang='lat' dir='ltr'>c.</span> <span class='ocrx_word' id='word_1_48' title='bbox 1142 693 1526 770; x_wconf 82' lang='lat' dir='ltr'><strong>Theophanes</strong></span> <span class='ocrx_word' id='word_1_49' title='bbox 1559 712 1653 752; x_wconf 89' lang='lat' dir='ltr'>co·</span> <span class='ocrx_word' id='word_1_50' title='bbox 1710 714 1928 772; x_wconf 87' lang='lat' dir='ltr'>magna</span> <span class='ocrx_word' id='word_1_51' title='bbox 1988 698 2051 755; x_wconf 98' lang='grc'>111</span> <span class='ocrx_word' id='word_1_52' title='bbox 2101 699 2237 756; x_wconf 89' lang='grc'><strong>8818</strong></span> <span class='ocrx_word' id='word_1_53' title='bbox 2285 717 2553 757; x_wconf 87' lang='grc'><strong>88888188</strong></span> <span class='ocrx_word' id='word_1_54' title='bbox 2599 699 2852 776; x_wconf 90' lang='lat' dir='ltr'>adeptus</span> <span class='ocrx_word' id='word_1_55' title='bbox 2901 706 2997 759; x_wconf 86' lang='lat' dir='ltr'>est</span> 
     </span>
     <span class='ocr_line' id='line_1_6' title="bbox 374 783 2996 865; baseline 0 -19"><span class='ocrx_word' id='word_1_56' title='bbox 374 787 595 865; x_wconf 86' lang='lat' dir='ltr'>gitasse</span> <span class='ocrx_word' id='word_1_57' title='bbox 615 786 860 862; x_wconf 89' lang='lat' dir='ltr'>quidem</span> <span class='ocrx_word' id='word_1_58' title='bbox 890 783 964 843; x_wconf 87' lang='lat' dir='ltr'>de</span> <span class='ocrx_word' id='word_1_59' title='bbox 994 783 1259 860; x_wconf 86' lang='lat' dir='ltr'>ejusdem</span> <span class='ocrx_word' id='word_1_60' title='bbox 1280 783 1505 841; x_wconf 90' lang='lat' dir='ltr'>tabulis</span> <span class='ocrx_word' id='word_1_61' title='bbox 1526 801 1654 841; x_wconf 86' lang='lat' dir='ltr'>eos·</span> <span class='ocrx_word' id='word_1_62' title='bbox 1712 804 1962 844; x_wconf 88' lang='lat' dir='ltr'>munera</span> <span class='ocrx_word' id='word_1_63' title='bbox 2005 789 2066 845; x_wconf 83' lang='lat' dir='ltr'>et</span> <span class='ocrx_word' id='word_1_64' title='bbox 2097 787 2298 847; x_wconf 87' lang='lat' dir='ltr'>Irenes</span> <span class='ocrx_word' id='word_1_65' title='bbox 2330 787 2724 864; x_wconf 77' lang='lat' dir='ltr'>imperatricis</span> <span class='ocrx_word' id='word_1_66' title='bbox 2756 791 2996 848; x_wconf 91' lang='lat' dir='ltr'>nomine</span> 
     </span>
     <span class='ocr_line' id='line_1_7' title="bbox 374 871 2995 952; baseline 0 -17"><span class='ocrx_word' id='word_1_67' title='bbox 374 896 490 952; x_wconf 89' lang='lat' dir='ltr'>que</span> <span class='ocrx_word' id='word_1_68' title='bbox 514 877 638 951; x_wconf 86' lang='lat' dir='ltr'>jam</span> <span class='ocrx_word' id='word_1_69' title='bbox 659 875 1005 944; x_wconf 88' lang='lat' dir='ltr'>delineasse,</span> <span class='ocrx_word' id='word_1_70' title='bbox 1040 872 1141 931; x_wconf 88' lang='lat' dir='ltr'>sed</span> <span class='ocrx_word' id='word_1_71' title='bbox 1160 873 1441 931; x_wconf 88' lang='lat' dir='ltr'>territum</span> <span class='ocrx_word' id='word_1_72' title='bbox 1460 871 1654 947; x_wconf 84' lang='lat' dir='ltr'>operis</span> <span class='ocrx_word' id='word_1_73' title='bbox 1709 873 1985 933; x_wconf 80' lang='lat' dir='ltr'>interfuit</span> <span class='ocrx_word' id='word_1_74' title='bbox 2035 877 2280 935; x_wconf 89' lang='lat' dir='ltr'>concilio</span> <span class='ocrx_word' id='word_1_75' title='bbox 2329 877 2573 936; x_wconf 87' lang='lat' dir='ltr'>nicaeno</span> <span class='ocrx_word' id='word_1_76' title='bbox 2605 878 2694 935; x_wconf 93' lang='lat' dir='ltr'>II:</span> <span class='ocrx_word' id='word_1_77' title='bbox 2747 877 2851 936; x_wconf 88' lang='lat' dir='ltr'>sed</span> <span class='ocrx_word' id='word_1_78' title='bbox 2901 897 2995 937; x_wconf 90' lang='lat' dir='ltr'>re-</span> 
     </span>
     <span class='ocr_line' id='line_1_8' title="bbox 373 961 2994 1043; baseline 0 -19"><span class='ocrx_word' id='word_1_79' title='bbox 373 965 743 1033; x_wconf 85' lang='lat' dir='ltr'>difficultate‚</span> <span class='ocrx_word' id='word_1_80' title='bbox 807 963 904 1022; x_wconf 81' lang='lat' dir='ltr'>vel</span> <span class='ocrx_word' id='word_1_81' title='bbox 961 962 1182 1021; x_wconf 84' lang='lat' dir='ltr'>morbis</span> <span class='ocrx_word' id='word_1_82' title='bbox 1236 961 1656 1036; x_wconf 81' lang='lat' dir='ltr'>aerumnisque</span> <span class='ocrx_word' id='word_1_83' title='bbox 1709 964 2001 1023; x_wconf 80' lang='lat' dir='ltr'>nuncians</span> <span class='ocrx_word' id='word_1_84' title='bbox 2046 966 2259 1025; x_wconf 87' lang='lat' dir='ltr'>mundi</span> <span class='ocrx_word' id='word_1_85' title='bbox 2315 966 2642 1026; x_wconf 89' lang='lat' dir='ltr'>honoribus</span> <span class='ocrx_word' id='word_1_86' title='bbox 2688 970 2750 1025; x_wconf 88' lang='lat' dir='ltr'>et</span> <span class='ocrx_word' id='word_1_87' title='bbox 2795 966 2994 1043; x_wconf 85' lang='lat' dir='ltr'>digni-</span> 
     </span>
     <span class='ocr_line' id='line_1_9' title="bbox 374 1050 2994 1131; baseline 0.001 -18"><span class='ocrx_word' id='word_1_88' title='bbox 374 1054 732 1131; x_wconf 90' lang='lat' dir='ltr'>impeditum</span> <span class='ocrx_word' id='word_1_89' title='bbox 793 1051 1136 1127; x_wconf 89' lang='lat' dir='ltr'>desperasse</span> <span class='ocrx_word' id='word_1_90' title='bbox 1211 1050 1284 1109; x_wconf 90' lang='lat' dir='ltr'>de</span> <span class='ocrx_word' id='word_1_91' title='bbox 1358 1068 1651 1120; x_wconf 87' lang='lat' dir='ltr'>successu,</span> <span class='ocrx_word' id='word_1_92' title='bbox 1708 1052 1943 1112; x_wconf 89' lang='lat' dir='ltr'>tatibus</span> <span class='ocrx_word' id='word_1_93' title='bbox 1991 1073 2053 1113; x_wconf 90' lang='lat' dir='ltr'>se</span> <span class='ocrx_word' id='word_1_94' title='bbox 2097 1056 2321 1131; x_wconf 90' lang='lat' dir='ltr'>recepit</span> <span class='ocrx_word' id='word_1_95' title='bbox 2362 1055 2428 1113; x_wconf 89' lang='lat' dir='ltr'>in</span> <span class='ocrx_word' id='word_1_96' title='bbox 2467 1055 2897 1115; x_wconf 87' lang='lat' dir='ltr'>monasterium</span> <span class='ocrx_word' id='word_1_97' title='bbox 2947 1075 2994 1115; x_wconf 90' lang='grc'>8.</span> 
     </span>
     <span class='ocr_line' id='line_1_10' title="bbox 372 1140 2994 1219; baseline 0 -17"><span class='ocrx_word' id='word_1_98' title='bbox 372 1143 624 1219; x_wconf 90' lang='lat' dir='ltr'>ideoque</span> <span class='ocrx_word' id='word_1_99' title='bbox 657 1142 886 1201; x_wconf 88' lang='lat' dir='ltr'>loculos</span> <span class='ocrx_word' id='word_1_100' title='bbox 918 1159 1042 1199; x_wconf 92' lang='lat' dir='ltr'>non</span> <span class='ocrx_word' id='word_1_101' title='bbox 1073 1140 1371 1216; x_wconf 88' lang='lat' dir='ltr'>implesse,</span> <span class='ocrx_word' id='word_1_102' title='bbox 1405 1140 1652 1198; x_wconf 90' lang='lat' dir='ltr'>sciolum</span> <span class='ocrx_word' id='word_1_103' title='bbox 1709 1141 1996 1201; x_wconf 84' lang='lat' dir='ltr'>Theodori</span> <span class='ocrx_word' id='word_1_104' title='bbox 2028 1144 2101 1202; x_wconf 87' lang='lat' dir='ltr'>ad</span> <span class='ocrx_word' id='word_1_105' title='bbox 2134 1163 2295 1203; x_wconf 82' lang='lat' dir='ltr'>oram</span> <span class='ocrx_word' id='word_1_106' title='bbox 2329 1145 2623 1219; x_wconf 89' lang='lat' dir='ltr'>Bosphori</span> <span class='ocrx_word' id='word_1_107' title='bbox 2667 1164 2703 1203; x_wconf 89' lang='lat' dir='ltr'>a</span> <span class='ocrx_word' id='word_1_108' title='bbox 2746 1163 2809 1204; x_wconf 88' lang='grc'>88</span> <span class='ocrx_word' id='word_1_109' title='bbox 2853 1162 2994 1204; x_wconf 90' lang='lat' dir='ltr'>con-</span> 
     </span>
     <span class='ocr_line' id='line_1_11' title="bbox 372 1228 2993 1315; baseline 0.003 -24"><span class='ocrx_word' id='word_1_110' title='bbox 372 1236 571 1291; x_wconf 88' lang='lat' dir='ltr'>antem</span> <span class='ocrx_word' id='word_1_111' title='bbox 603 1230 902 1307; x_wconf 88' lang='lat' dir='ltr'>quendam</span> <span class='ocrx_word' id='word_1_112' title='bbox 931 1230 1170 1288; x_wconf 88' lang='lat' dir='ltr'>tabulas</span> <span class='ocrx_word' id='word_1_113' title='bbox 1217 1229 1283 1287; x_wconf 90' lang='lat' dir='ltr'>in</span> <span class='ocrx_word' id='word_1_114' title='bbox 1324 1228 1520 1287; x_wconf 89' lang='lat' dir='ltr'>codice</span> <span class='ocrx_word' id='word_1_115' title='bbox 1552 1248 1653 1286; x_wconf 86' lang='lat' dir='ltr'>va·</span> <span class='ocrx_word' id='word_1_116' title='bbox 1709 1230 1921 1295; x_wconf 82' lang='lat' dir='ltr'>ditum.</span> <span class='ocrx_word' id='word_1_117' title='bbox 1976 1232 2215 1292; x_wconf 87' lang='lat' dir='ltr'>Tarasio</span> <span class='ocrx_word' id='word_1_118' title='bbox 2247 1253 2336 1309; x_wconf 90' lang='lat' dir='ltr'>ep.</span> <span class='ocrx_word' id='word_1_119' title='bbox 2369 1234 2470 1296; x_wconf 83' lang='lat' dir='ltr'>GP.</span> <span class='ocrx_word' id='word_1_120' title='bbox 2504 1233 2785 1293; x_wconf 83' lang='lat' dir='ltr'>defuncto</span> <span class='ocrx_word' id='word_1_121' title='bbox 2809 1229 2993 1315; x_wconf 83' lang='lat'>(806)</span> 
     </span>
     <span class='ocr_line' id='line_1_12' title="bbox 373 1317 2995 1398; baseline 0 -18"><span class='ocrx_word' id='word_1_122' title='bbox 373 1324 574 1381; x_wconf 83' lang='lat' dir='ltr'>cantes</span> <span class='ocrx_word' id='word_1_123' title='bbox 622 1319 910 1396; x_wconf 89' lang='lat' dir='ltr'>reperisse</span> <span class='ocrx_word' id='word_1_124' title='bbox 960 1322 1140 1393; x_wconf 89' lang='lat' dir='ltr'>atque</span> <span class='ocrx_word' id='word_1_125' title='bbox 1202 1337 1272 1377; x_wconf 82' lang='lat' dir='ltr'>ex</span> <span class='ocrx_word' id='word_1_126' title='bbox 1331 1317 1653 1393; x_wconf 89' lang='lat' dir='ltr'>Nicephori</span> <span class='ocrx_word' id='word_1_127' title='bbox 1709 1319 1901 1379; x_wconf 85' lang='lat' dir='ltr'>factus</span> <span class='ocrx_word' id='word_1_128' title='bbox 1934 1324 2027 1380; x_wconf 85' lang='lat' dir='ltr'>est</span> <span class='ocrx_word' id='word_1_129' title='bbox 2044 1323 2173 1397; x_wconf 83' lang='lat' dir='ltr'>ejus</span> <span class='ocrx_word' id='word_1_130' title='bbox 2193 1340 2511 1394; x_wconf 88' lang='lat' dir='ltr'>successor,</span> <span class='ocrx_word' id='word_1_131' title='bbox 2546 1342 2696 1398; x_wconf 90' lang='lat' dir='ltr'>quae</span> <span class='ocrx_word' id='word_1_132' title='bbox 2716 1323 2995 1382; x_wconf 82' lang='lat' dir='ltr'>festinata</span> 
     </span>
     <span class='ocr_line' id='line_1_13' title="bbox 371 1407 2992 1487; baseline 0 -18"><span class='ocrx_word' id='word_1_133' title='bbox 371 1409 841 1486; x_wconf 84' lang='lat' dir='ltr'>chronographia</span> <span class='ocrx_word' id='word_1_134' title='bbox 858 1408 1103 1484; x_wconf 89' lang='lat' dir='ltr'>implere</span> <span class='ocrx_word' id='word_1_135' title='bbox 1123 1411 1402 1469; x_wconf 76' lang='lat' dir='ltr'>tentasse.</span> <span class='ocrx_word' id='word_1_136' title='bbox 1435 1407 1650 1476; x_wconf 82' lang='lat' dir='ltr'>Quam·</span> <span class='ocrx_word' id='word_1_137' title='bbox 1708 1411 2028 1485; x_wconf 73' lang='lat' dir='ltr'>promotio,</span> <span class='ocrx_word' id='word_1_138' title='bbox 2094 1412 2236 1487; x_wconf 90' lang='lat' dir='ltr'>quia</span> <span class='ocrx_word' id='word_1_139' title='bbox 2285 1414 2414 1470; x_wconf 90' lang='lat' dir='ltr'>erat</span> <span class='ocrx_word' id='word_1_140' title='bbox 2463 1415 2671 1471; x_wconf 89' lang='grc'><strong>8811118</strong></span> <span class='ocrx_word' id='word_1_141' title='bbox 2719 1430 2992 1482; x_wconf 77' lang='grc'><strong>88118888,</strong></span> 
     </span>
     <span class='ocr_line' id='line_1_14' title="bbox 370 1496 2989 1574; baseline 0 -16"><span class='ocrx_word' id='word_1_142' title='bbox 370 1500 463 1559; x_wconf 81' lang='lat' dir='ltr'>vis</span> <span class='ocrx_word' id='word_1_143' title='bbox 496 1502 697 1558; x_wconf 88' lang='lat' dir='ltr'>autem</span> <span class='ocrx_word' id='word_1_144' title='bbox 728 1498 1111 1574; x_wconf 84' lang='lat' dir='ltr'>Theophanes</span> <span class='ocrx_word' id='word_1_145' title='bbox 1166 1515 1287 1556; x_wconf 89' lang='lat' dir='ltr'>non</span> <span class='ocrx_word' id='word_1_146' title='bbox 1330 1496 1517 1554; x_wconf 84' lang='lat' dir='ltr'>fuerit</span> <span class='ocrx_word' id='word_1_147' title='bbox 1560 1496 1653 1553; x_wconf 91' lang='lat' dir='ltr'>hi·</span> <span class='ocrx_word' id='word_1_148' title='bbox 1706 1499 1895 1557; x_wconf 91' lang='lat' dir='ltr'>nullis</span> <span class='ocrx_word' id='word_1_149' title='bbox 1944 1499 2103 1557; x_wconf 89' lang='lat' dir='ltr'>enim</span> <span class='ocrx_word' id='word_1_150' title='bbox 2154 1500 2463 1559; x_wconf 88' lang='lat' dir='ltr'>ordinibus</span> <span class='ocrx_word' id='word_1_151' title='bbox 2519 1503 2649 1559; x_wconf 89' lang='lat' dir='ltr'>erat</span> <span class='ocrx_word' id='word_1_152' title='bbox 2695 1500 2989 1571; x_wconf 89' lang='lat' dir='ltr'>initiatus,</span> 
     </span>
     <span class='ocr_line' id='line_1_15' title="bbox 372 1587 2991 1665; baseline 0 -18"><span class='ocrx_word' id='word_1_153' title='bbox 372 1587 825 1664; x_wconf 86' lang='lat' dir='ltr'>storiographus</span> <span class='ocrx_word' id='word_1_154' title='bbox 876 1587 1170 1656; x_wconf 84' lang='lat' dir='ltr'>excultus,</span> <span class='ocrx_word' id='word_1_155' title='bbox 1234 1605 1371 1644; x_wconf 89' lang='lat' dir='ltr'>nam</span> <span class='ocrx_word' id='word_1_156' title='bbox 1419 1587 1654 1661; x_wconf 85' lang='lat' dir='ltr'>praeter</span> <span class='ocrx_word' id='word_1_157' title='bbox 1709 1587 1867 1646; x_wconf 88' lang='lat' dir='ltr'>haud</span> <span class='ocrx_word' id='word_1_158' title='bbox 1901 1607 2241 1663; x_wconf 89' lang='lat' dir='ltr'>paucorum,</span> <span class='ocrx_word' id='word_1_159' title='bbox 2292 1589 2471 1648; x_wconf 86' lang='lat' dir='ltr'>etiam</span> <span class='ocrx_word' id='word_1_160' title='bbox 2517 1590 2746 1648; x_wconf 90' lang='lat' dir='ltr'>romani</span> <span class='ocrx_word' id='word_1_161' title='bbox 2791 1590 2991 1665; x_wconf 89' lang='lat' dir='ltr'>ponti-</span> 
     </span>
     <span class='ocr_line' id='line_1_16' title="bbox 370 1674 2991 1754; baseline 0 -19"><span class='ocrx_word' id='word_1_162' title='bbox 370 1677 765 1736; x_wconf 89' lang='lat' dir='ltr'>intentionem</span> <span class='ocrx_word' id='word_1_163' title='bbox 829 1694 891 1735; x_wconf 92' lang='grc'>88</span> <span class='ocrx_word' id='word_1_164' title='bbox 964 1674 1220 1735; x_wconf 85' lang='lat' dir='ltr'>accinxit</span> <span class='ocrx_word' id='word_1_165' title='bbox 1279 1675 1352 1733; x_wconf 87' lang='lat' dir='ltr'>ad</span> <span class='ocrx_word' id='word_1_166' title='bbox 1412 1677 1652 1733; x_wconf 85' lang='lat' dir='ltr'>tantum</span> <span class='ocrx_word' id='word_1_167' title='bbox 1709 1676 1862 1747; x_wconf 84' lang='lat' dir='ltr'>ficis,</span> <span class='ocrx_word' id='word_1_168' title='bbox 1925 1678 2182 1736; x_wconf 88' lang='lat' dir='ltr'>incurrit</span> <span class='ocrx_word' id='word_1_169' title='bbox 2239 1678 2773 1754; x_wconf 87' lang='lat' dir='ltr'>reprehensionem.</span> <span class='ocrx_word' id='word_1_170' title='bbox 2866 1678 2991 1737; x_wconf 89' lang='lat' dir='ltr'>Sub</span> 
     </span>
     <span class='ocr_line' id='line_1_17' title="bbox 371 1763 2990 1843; baseline 0 -18"><span class='ocrx_word' id='word_1_171' title='bbox 371 1785 539 1843; x_wconf 89' lang='lat' dir='ltr'>opus,</span> <span class='ocrx_word' id='word_1_172' title='bbox 572 1771 643 1825; x_wconf 90' lang='lat' dir='ltr'>ut</span> <span class='ocrx_word' id='word_1_173' title='bbox 675 1765 849 1824; x_wconf 86' lang='lat' dir='ltr'>amici</span> <span class='ocrx_word' id='word_1_174' title='bbox 880 1764 1220 1823; x_wconf 87' lang='lat' dir='ltr'>moribundi</span> <span class='ocrx_word' id='word_1_175' title='bbox 1255 1764 1401 1823; x_wconf 88' lang='lat' dir='ltr'>satis</span> <span class='ocrx_word' id='word_1_176' title='bbox 1432 1763 1654 1823; x_wconf 88' lang='lat' dir='ltr'>faceret</span> <span class='ocrx_word' id='word_1_177' title='bbox 1706 1766 1898 1824; x_wconf 90' lang='lat' dir='ltr'>Leone</span> <span class='ocrx_word' id='word_1_178' title='bbox 1929 1768 2187 1827; x_wconf 88' lang='lat' dir='ltr'>Armeno</span> <span class='ocrx_word' id='word_1_179' title='bbox 2233 1786 2367 1826; x_wconf 90' lang='lat' dir='ltr'>cum</span> <span class='ocrx_word' id='word_1_180' title='bbox 2412 1767 2717 1827; x_wconf 85' lang='lat' dir='ltr'>Theodoro</span> <span class='ocrx_word' id='word_1_181' title='bbox 2749 1766 2990 1826; x_wconf 87' lang='lat' dir='ltr'>Studita</span> 
     </span>
     <span class='ocr_line' id='line_1_18' title="bbox 369 1853 2988 1934; baseline 0 -19"><span class='ocrx_word' id='word_1_182' title='bbox 369 1855 545 1928; x_wconf 80' lang='lat' dir='ltr'>votis,</span> <span class='ocrx_word' id='word_1_183' title='bbox 593 1855 731 1913; x_wconf 90' lang='lat' dir='ltr'>hinc</span> <span class='ocrx_word' id='word_1_184' title='bbox 774 1873 894 1912; x_wconf 90' lang='lat' dir='ltr'>non</span> <span class='ocrx_word' id='word_1_185' title='bbox 938 1873 1070 1913; x_wconf 88' lang='lat' dir='ltr'>raro</span> <span class='ocrx_word' id='word_1_186' title='bbox 1116 1856 1318 1929; x_wconf 87' lang='lat' dir='ltr'>peccet</span> <span class='ocrx_word' id='word_1_187' title='bbox 1360 1853 1425 1912; x_wconf 90' lang='lat' dir='ltr'>in</span> <span class='ocrx_word' id='word_1_188' title='bbox 1487 1854 1651 1912; x_wconf 88' lang='grc'><strong>81110-</strong></span> <span class='ocrx_word' id='word_1_189' title='bbox 1706 1853 1943 1913; x_wconf 84' lang='lat' dir='ltr'>fortiter</span> <span class='ocrx_word' id='word_1_190' title='bbox 1974 1857 2147 1914; x_wconf 89' lang='lat' dir='ltr'>stetit</span> <span class='ocrx_word' id='word_1_191' title='bbox 2179 1876 2283 1933; x_wconf 89' lang='lat' dir='ltr'>pro</span> <span class='ocrx_word' id='word_1_192' title='bbox 2317 1875 2393 1920; x_wconf 83' lang='grc'>88.</span> <span class='ocrx_word' id='word_1_193' title='bbox 2439 1857 2766 1934; x_wconf 87' lang='lat' dir='ltr'>imaginum</span> <span class='ocrx_word' id='word_1_194' title='bbox 2799 1857 2988 1927; x_wconf 86' lang='lat' dir='ltr'>cultu,</span> 
     </span>
     <span class='ocr_line' id='line_1_19' title="bbox 369 1942 2988 2026; baseline 0.002 -23"><span class='ocrx_word' id='word_1_195' title='bbox 369 1944 728 2021; x_wconf 88' lang='lat' dir='ltr'>nographia:</span> <span class='ocrx_word' id='word_1_196' title='bbox 806 1962 926 2002; x_wconf 94' lang='lat' dir='ltr'>non</span> <span class='ocrx_word' id='word_1_197' title='bbox 988 1947 1149 2002; x_wconf 86' lang='lat' dir='ltr'>caret</span> <span class='ocrx_word' id='word_1_198' title='bbox 1213 1946 1342 2019; x_wconf 86' lang='lat' dir='ltr'>ejus</span> <span class='ocrx_word' id='word_1_199' title='bbox 1404 1942 1653 2001; x_wconf 87' lang='lat' dir='ltr'>historia</span> <span class='ocrx_word' id='word_1_200' title='bbox 1706 1944 1847 2002; x_wconf 90' lang='lat' dir='ltr'>hinc</span> <span class='ocrx_word' id='word_1_201' title='bbox 1877 1944 1942 2003; x_wconf 94' lang='lat' dir='ltr'>in</span> <span class='ocrx_word' id='word_1_202' title='bbox 1974 1946 2245 2004; x_wconf 85' lang='lat' dir='ltr'>exsilium</span> <span class='ocrx_word' id='word_1_203' title='bbox 2275 1946 2393 2004; x_wconf 83' lang='lat' dir='ltr'>suit</span> <span class='ocrx_word' id='word_1_204' title='bbox 2425 1947 2635 2022; x_wconf 86' lang='lat' dir='ltr'>pulsus</span> <span class='ocrx_word' id='word_1_205' title='bbox 2667 1942 2796 2026; x_wconf 89' lang='lat'>(13.</span> <span class='ocrx_word' id='word_1_206' title='bbox 2817 1947 2988 2007; x_wconf 86' lang='lat' dir='ltr'>Mart.</span> 
     </span>
     <span class='ocr_line' id='line_1_20' title="bbox 370 2027 2989 2114; baseline 0.001 -23"><span class='ocrx_word' id='word_1_207' title='bbox 370 2034 580 2109; x_wconf 85' lang='lat' dir='ltr'>preti0,</span> <span class='ocrx_word' id='word_1_208' title='bbox 626 2036 688 2091; x_wconf 89' lang='lat' dir='ltr'>et</span> <span class='ocrx_word' id='word_1_209' title='bbox 726 2032 869 2109; x_wconf 90' lang='lat' dir='ltr'>quia</span> <span class='ocrx_word' id='word_1_210' title='bbox 900 2033 1145 2108; x_wconf 89' lang='lat' dir='ltr'>supplet</span> <span class='ocrx_word' id='word_1_211' title='bbox 1175 2032 1369 2092; x_wconf 86' lang='lat' dir='ltr'>fontes</span> <span class='ocrx_word' id='word_1_212' title='bbox 1393 2032 1517 2107; x_wconf 88' lang='lat' dir='ltr'>jam</span> <span class='ocrx_word' id='word_1_213' title='bbox 1552 2032 1650 2089; x_wconf 89' lang='lat' dir='ltr'>de·</span> <span class='ocrx_word' id='word_1_214' title='bbox 1710 2027 1866 2114; x_wconf 83' lang='lat'>815)</span> <span class='ocrx_word' id='word_1_215' title='bbox 1898 2052 2079 2109; x_wconf 91' lang='lat' dir='ltr'>seque</span> <span class='ocrx_word' id='word_1_216' title='bbox 2124 2035 2189 2093; x_wconf 91' lang='lat' dir='ltr'>in</span> <span class='ocrx_word' id='word_1_217' title='bbox 2230 2053 2406 2094; x_wconf 88' lang='lat' dir='ltr'>suum</span> <span class='ocrx_word' id='word_1_218' title='bbox 2438 2034 2663 2111; x_wconf 85' lang='lat' dir='ltr'>recepit</span> <span class='ocrx_word' id='word_1_219' title='bbox 2692 2037 2989 2093; x_wconf 87' lang='lat' dir='ltr'>monaste·</span> 
     </span>
     <span class='ocr_line' id='line_1_21' title="bbox 370 2121 2988 2199; baseline -0 -18"><span class='ocrx_word' id='word_1_220' title='bbox 370 2122 655 2199; x_wconf 78' lang='lat' dir='ltr'>perditOS,</span> <span class='ocrx_word' id='word_1_221' title='bbox 695 2141 728 2181; x_wconf 86' lang='grc'>8</span> <span class='ocrx_word' id='word_1_222' title='bbox 758 2121 980 2197; x_wconf 83' lang='lat' dir='ltr'>quibus</span> <span class='ocrx_word' id='word_1_223' title='bbox 1010 2121 1332 2199; x_wconf 85' lang='lat' dir='ltr'>diligenter</span> <span class='ocrx_word' id='word_1_224' title='bbox 1362 2139 1540 2179; x_wconf 90' lang='lat' dir='ltr'>suum</span> <span class='ocrx_word' id='word_1_225' title='bbox 1571 2121 1649 2178; x_wconf 89' lang='lat' dir='ltr'>ir·</span> <span class='ocrx_word' id='word_1_226' title='bbox 1705 2121 1879 2193; x_wconf 90' lang='lat' dir='ltr'>rium,</span> <span class='ocrx_word' id='word_1_227' title='bbox 1928 2123 2032 2181; x_wconf 93' lang='lat' dir='ltr'>ubi</span> <span class='ocrx_word' id='word_1_228' title='bbox 2065 2124 2159 2199; x_wconf 89' lang='lat' dir='ltr'>pie</span> <span class='ocrx_word' id='word_1_229' title='bbox 2191 2123 2340 2182; x_wconf 87' lang='lat' dir='ltr'>obiit</span> <span class='ocrx_word' id='word_1_230' title='bbox 2370 2124 2435 2182; x_wconf 91' lang='lat' dir='ltr'>in</span> <span class='ocrx_word' id='word_1_231' title='bbox 2465 2124 2716 2183; x_wconf 90' lang='lat' dir='ltr'>Domino</span> <span class='ocrx_word' id='word_1_232' title='bbox 2753 2133 2808 2185; x_wconf 87' lang='lat'>2.</span> <span class='ocrx_word' id='word_1_233' title='bbox 2846 2123 2988 2181; x_wconf 86' lang='lat' dir='ltr'>Jun.</span> 
     </span>
     <span class='ocr_line' id='line_1_22' title="bbox 369 2211 2989 2288; baseline 0 -19"><span class='ocrx_word' id='word_1_234' title='bbox 369 2211 588 2288; x_wconf 85' lang='lat' dir='ltr'>rigavit</span> <span class='ocrx_word' id='word_1_235' title='bbox 618 2229 784 2288; x_wconf 82' lang='grc'><strong>811118,</strong></span> <span class='ocrx_word' id='word_1_236' title='bbox 836 2215 897 2269; x_wconf 87' lang='grc'>81</span> <span class='ocrx_word' id='word_1_237' title='bbox 939 2213 1183 2287; x_wconf 90' lang='lat' dir='ltr'>propter</span> <span class='ocrx_word' id='word_1_238' title='bbox 1214 2211 1483 2286; x_wconf 87' lang='lat' dir='ltr'>linguam</span> <span class='ocrx_word' id='word_1_239' title='bbox 1515 2212 1648 2269; x_wconf 82' lang='lat' dir='ltr'>vul·</span> <span class='ocrx_word' id='word_1_240' title='bbox 1710 2220 1853 2281; x_wconf 80' lang='lat'>829,</span> <span class='ocrx_word' id='word_1_241' title='bbox 1908 2212 2082 2288; x_wconf 82' lang='lat' dir='ltr'>juxta</span> <span class='ocrx_word' id='word_1_242' title='bbox 2139 2213 2288 2271; x_wconf 88' lang='lat' dir='ltr'>alios</span> <span class='ocrx_word' id='word_1_243' title='bbox 2343 2221 2466 2276; x_wconf 85' lang='lat'>826</span> <span class='ocrx_word' id='word_1_244' title='bbox 2518 2214 2616 2272; x_wconf 81' lang='lat' dir='ltr'>vel</span> <span class='ocrx_word' id='word_1_245' title='bbox 2668 2221 2811 2276; x_wconf 87' lang='lat'><strong>828.</strong></span> <span class='ocrx_word' id='word_1_246' title='bbox 2894 2213 2989 2271; x_wconf 88' lang='lat' dir='ltr'>Ab</span> 
     </span>
     <span class='ocr_line' id='line_1_23' title="bbox 368 2299 2992 2378; baseline 0 -19"><span class='ocrx_word' id='word_1_247' title='bbox 368 2318 585 2377; x_wconf 89' lang='lat' dir='ltr'>garem,</span> <span class='ocrx_word' id='word_1_248' title='bbox 637 2319 755 2375; x_wconf 89' lang='lat' dir='ltr'>qua</span> <span class='ocrx_word' id='word_1_249' title='bbox 804 2302 898 2358; x_wconf 87' lang='lat' dir='ltr'>est</span> <span class='ocrx_word' id='word_1_250' title='bbox 945 2300 1295 2375; x_wconf 86' lang='lat' dir='ltr'>conscripta.</span> <span class='ocrx_word' id='word_1_251' title='bbox 1346 2299 1650 2376; x_wconf 88' lang='lat' dir='ltr'>Vulgatis-</span> <span class='ocrx_word' id='word_1_252' title='bbox 1704 2302 1960 2375; x_wconf 86' lang='lat' dir='ltr'>utraque</span> <span class='ocrx_word' id='word_1_253' title='bbox 1989 2301 2253 2360; x_wconf 88' lang='lat' dir='ltr'>Ecclesia</span> <span class='ocrx_word' id='word_1_254' title='bbox 2283 2321 2495 2378; x_wconf 86' lang='lat' dir='ltr'>graeca</span> <span class='ocrx_word' id='word_1_255' title='bbox 2524 2305 2586 2361; x_wconf 92' lang='lat' dir='ltr'>et</span> <span class='ocrx_word' id='word_1_256' title='bbox 2617 2302 2803 2360; x_wconf 88' lang='lat' dir='ltr'>latina</span> <span class='ocrx_word' id='word_1_257' title='bbox 2833 2302 2992 2360; x_wconf 89' lang='lat' dir='ltr'>inter</span> 
     </span>
     <span class='ocr_line' id='line_1_24' title="bbox 371 2389 2988 2467; baseline 0 -19"><span class='ocrx_word' id='word_1_258' title='bbox 371 2390 521 2448; x_wconf 85' lang='lat' dir='ltr'>sima</span> <span class='ocrx_word' id='word_1_259' title='bbox 553 2408 619 2448; x_wconf 89' lang='grc'>88</span> <span class='ocrx_word' id='word_1_260' title='bbox 649 2392 744 2448; x_wconf 87' lang='grc'>881</span> <span class='ocrx_word' id='word_1_261' title='bbox 774 2390 941 2459; x_wconf 89' lang='lat' dir='ltr'>facta,</span> <span class='ocrx_word' id='word_1_262' title='bbox 984 2389 1324 2464; x_wconf 90' lang='lat' dir='ltr'>multosque</span> <span class='ocrx_word' id='word_1_263' title='bbox 1355 2392 1529 2447; x_wconf 88' lang='lat' dir='ltr'>nacta</span> <span class='ocrx_word' id='word_1_264' title='bbox 1559 2392 1652 2446; x_wconf 91' lang='lat' dir='ltr'>est</span> <span class='ocrx_word' id='word_1_265' title='bbox 1706 2392 1937 2449; x_wconf 88' lang='lat' dir='ltr'>sanctos</span> <span class='ocrx_word' id='word_1_266' title='bbox 1969 2391 2201 2450; x_wconf 89' lang='lat' dir='ltr'>colitur.</span> <span class='ocrx_word' id='word_1_267' title='bbox 2263 2391 2354 2450; x_wconf 87' lang='lat' dir='ltr'>En</span> <span class='ocrx_word' id='word_1_268' title='bbox 2394 2392 2523 2467; x_wconf 90' lang='lat' dir='ltr'>ejus</span> <span class='ocrx_word' id='word_1_269' title='bbox 2556 2391 2888 2449; x_wconf 87' lang='lat' dir='ltr'>encomium</span> <span class='ocrx_word' id='word_1_270' title='bbox 2920 2391 2988 2448; x_wconf 90' lang='lat' dir='ltr'>in</span> 
     </span>
     <span class='ocr_line' id='line_1_25' title="bbox 368 2474 2986 2561; baseline -0 -24"><span class='ocrx_word' id='word_1_271' title='bbox 368 2474 892 2561; x_wconf 77' lang='lat' dir='ltr'>continuatores1).</span> <span class='ocrx_word' id='word_1_272' title='bbox 956 2478 1188 2536; x_wconf 86' lang='lat' dir='ltr'>Prodiit</span> <span class='ocrx_word' id='word_1_273' title='bbox 1232 2496 1381 2552; x_wconf 89' lang='lat' dir='ltr'>opus</span> <span class='ocrx_word' id='word_1_274' title='bbox 1420 2495 1562 2535; x_wconf 87' lang='lat' dir='ltr'>cura</span> <span class='ocrx_word' id='word_1_275' title='bbox 1592 2477 1649 2534; x_wconf 87' lang='lat' dir='ltr'>J.</span> <span class='ocrx_word' id='word_1_276' title='bbox 1705 2479 2153 2558; x_wconf 90' lang='lat' dir='ltr'>martyrologio:</span> <span class='ocrx_word' id='word_1_277' title='bbox 2208 2480 2357 2547; x_wconf 73' lang='lat' dir='ltr'>,CR</span> <span class='ocrx_word' id='word_1_278' title='bbox 2408 2498 2453 2542; x_wconf 89' lang='grc'>8.</span> <span class='ocrx_word' id='word_1_279' title='bbox 2505 2479 2823 2555; x_wconf 81' lang='lat' dir='ltr'>Nicephori</span> <span class='ocrx_word' id='word_1_280' title='bbox 2872 2498 2986 2555; x_wconf 87' lang='lat' dir='ltr'>ep.,</span> 
     </span>
     <span class='ocr_line' id='line_1_26' title="bbox 371 2562 2989 2648; baseline 0.001 -22"><span class='ocrx_word' id='word_1_281' title='bbox 371 2567 565 2627; x_wconf 85' lang='lat' dir='ltr'>Goar</span> <span class='ocrx_word' id='word_1_282' title='bbox 610 2565 723 2646; x_wconf 90' lang='lat' dir='ltr'>(ed.</span> <span class='ocrx_word' id='word_1_283' title='bbox 770 2562 1112 2648; x_wconf 87' lang='lat' dir='ltr'>posthuma)</span> <span class='ocrx_word' id='word_1_284' title='bbox 1164 2566 1409 2626; x_wconf 90' lang='lat' dir='ltr'>Parisiis</span> <span class='ocrx_word' id='word_1_285' title='bbox 1451 2576 1648 2636; x_wconf 88' lang='lat'>1655;</span> <span class='ocrx_word' id='word_1_286' title='bbox 1705 2568 1810 2642; x_wconf 87' lang='lat' dir='ltr'>qui</span> <span class='ocrx_word' id='word_1_287' title='bbox 1861 2572 2243 2644; x_wconf 86' lang='lat' dir='ltr'>paternarum</span> <span class='ocrx_word' id='word_1_288' title='bbox 2290 2569 2684 2629; x_wconf 89' lang='lat' dir='ltr'>traditionum</span> <span class='ocrx_word' id='word_1_289' title='bbox 2727 2588 2989 2646; x_wconf 87' lang='lat' dir='ltr'>propug-</span> 
     </span>
     <span class='ocr_line' id='line_1_27' title="bbox 368 2651 2986 2739; baseline 0.001 -24"><span class='ocrx_word' id='word_1_290' title='bbox 368 2651 527 2739; x_wconf 90' lang='lat' dir='ltr'>(cum</span> <span class='ocrx_word' id='word_1_291' title='bbox 543 2657 737 2715; x_wconf 89' lang='lat' dir='ltr'>Leone</span> <span class='ocrx_word' id='word_1_292' title='bbox 753 2651 1176 2738; x_wconf 84' lang='lat' dir='ltr'>Grammatico)</span> <span class='ocrx_word' id='word_1_293' title='bbox 1193 2657 1351 2716; x_wconf 87' lang='lat' dir='ltr'>notis</span> <span class='ocrx_word' id='word_1_294' title='bbox 1373 2660 1434 2715; x_wconf 88' lang='lat' dir='ltr'>et</span> <span class='ocrx_word' id='word_1_295' title='bbox 1450 2676 1643 2715; x_wconf 88' lang='lat' dir='ltr'>emen·</span> <span class='ocrx_word' id='word_1_296' title='bbox 1703 2661 1880 2715; x_wconf 91' lang='lat' dir='ltr'>nator</span> <span class='ocrx_word' id='word_1_297' title='bbox 1927 2659 2266 2729; x_wconf 87' lang='lat' dir='ltr'>acerrimus,</span> <span class='ocrx_word' id='word_1_298' title='bbox 2320 2659 2497 2717; x_wconf 90' lang='lat' dir='ltr'>Leoni</span> <span class='ocrx_word' id='word_1_299' title='bbox 2544 2659 2801 2717; x_wconf 88' lang='lat' dir='ltr'>Armeno</span> <span class='ocrx_word' id='word_1_300' title='bbox 2846 2659 2986 2734; x_wconf 89' lang='lat' dir='ltr'>imp.</span> 
     </span>
     <span class='ocr_line' id='line_1_28' title="bbox 368 2745 2987 2824; baseline 0 -20"><span class='ocrx_word' id='word_1_301' title='bbox 368 2745 710 2804; x_wconf 86' lang='lat' dir='ltr'>dationibus</span> <span class='ocrx_word' id='word_1_302' title='bbox 744 2745 1079 2805; x_wconf 77' lang='lat' dir='ltr'>combefisii</span> <span class='ocrx_word' id='word_1_303' title='bbox 1110 2746 1424 2814; x_wconf 87' lang='lat' dir='ltr'>illustrata,</span> <span class='ocrx_word' id='word_1_304' title='bbox 1458 2745 1648 2804; x_wconf 90' lang='lat' dir='ltr'>Vene-</span> <span class='ocrx_word' id='word_1_305' title='bbox 1703 2746 2095 2805; x_wconf 88' lang='lat' dir='ltr'>iconoclastae</span> <span class='ocrx_word' id='word_1_306' title='bbox 2126 2767 2233 2824; x_wconf 90' lang='lat' dir='ltr'>pro</span> <span class='ocrx_word' id='word_1_307' title='bbox 2264 2748 2433 2806; x_wconf 89' lang='lat' dir='ltr'>cultu</span> <span class='ocrx_word' id='word_1_308' title='bbox 2467 2765 2542 2810; x_wconf 84' lang='lat' dir='ltr'>ss,</span> <span class='ocrx_word' id='word_1_309' title='bbox 2563 2747 2892 2824; x_wconf 87' lang='lat' dir='ltr'>imaginum</span> <span class='ocrx_word' id='word_1_310' title='bbox 2924 2765 2987 2805; x_wconf 89' lang='lat' dir='ltr'>se</span> 
     </span>
     <span class='ocr_line' id='line_1_29' title="bbox 365 2833 2986 2912; baseline 0 -20"><span class='ocrx_word' id='word_1_311' title='bbox 365 2834 471 2893; x_wconf 91' lang='lat' dir='ltr'>tiis</span> <span class='ocrx_word' id='word_1_312' title='bbox 510 2844 707 2906; x_wconf 80' lang='lat'>1729;</span> <span class='ocrx_word' id='word_1_313' title='bbox 753 2853 824 2893; x_wconf 85' lang='lat' dir='ltr'>ex</span> <span class='ocrx_word' id='word_1_314' title='bbox 866 2835 1208 2894; x_wconf 84' lang='lat' dir='ltr'>recensione</span> <span class='ocrx_word' id='word_1_315' title='bbox 1251 2835 1344 2893; x_wconf 87' lang='lat' dir='ltr'>J0.</span> <span class='ocrx_word' id='word_1_316' title='bbox 1390 2833 1648 2892; x_wconf 88' lang='lat' dir='ltr'>Classeni</span> <span class='ocrx_word' id='word_1_317' title='bbox 1704 2838 2043 2893; x_wconf 85' lang='lat' dir='ltr'>constanter</span> <span class='ocrx_word' id='word_1_318' title='bbox 2075 2835 2373 2912; x_wconf 90' lang='lat' dir='ltr'>opposuit,</span> <span class='ocrx_word' id='word_1_319' title='bbox 2422 2855 2456 2893; x_wconf 91' lang='grc'>8</span> <span class='ocrx_word' id='word_1_320' title='bbox 2502 2855 2619 2911; x_wconf 87' lang='grc'><strong>(188</strong></span> <span class='ocrx_word' id='word_1_321' title='bbox 2657 2836 2986 2894; x_wconf 84' lang='grc'><strong>8181818188</strong></span> 
     </span>
     <span class='ocr_line' id='line_1_30' title="bbox 370 2920 2986 3007; baseline -0 -25"><span class='ocrx_word' id='word_1_322' title='bbox 370 2920 459 3007; x_wconf 86' lang='grc'><strong>(111</strong></span> <span class='ocrx_word' id='word_1_323' title='bbox 510 2942 666 3000; x_wconf 89' lang='lat' dir='ltr'>corp.</span> <span class='ocrx_word' id='word_1_324' title='bbox 719 2923 922 3000; x_wconf 90' lang='lat' dir='ltr'>script.</span> <span class='ocrx_word' id='word_1_325' title='bbox 984 2924 1123 2983; x_wconf 89' lang='lat' dir='ltr'>hist.</span> <span class='ocrx_word' id='word_1_326' title='bbox 1184 2920 1342 3004; x_wconf 87' lang='lat' dir='ltr'>byz.)</span> <span class='ocrx_word' id='word_1_327' title='bbox 1407 2924 1648 2982; x_wconf 88' lang='lat' dir='ltr'>Bonnae</span> <span class='ocrx_word' id='word_1_328' title='bbox 1703 2924 1910 2983; x_wconf 85' lang='lat' dir='ltr'>exsilio</span> <span class='ocrx_word' id='word_1_329' title='bbox 1930 2923 2150 2982; x_wconf 91' lang='lat' dir='ltr'>ibidem</span> <span class='ocrx_word' id='word_1_330' title='bbox 2171 2924 2620 3000; x_wconf 87' lang='lat' dir='ltr'>quatuordecim</span> <span class='ocrx_word' id='word_1_331' title='bbox 2653 2924 2986 2982; x_wconf 87' lang='grc'><strong>888181011-</strong></span> 
     </span>
     <span class='ocr_line' id='line_1_31' title="bbox 374 3011 2983 3089; baseline -0.002 -14"><span class='ocrx_word' id='word_1_332' title='bbox 374 3023 797 3076; x_wconf 83' lang='grc'><strong>1839-1841</strong></span> <span class='ocrx_word' id='word_1_333' title='bbox 836 3017 973 3082; x_wconf 87' lang='grc'><strong>1.2;</strong></span> <span class='ocrx_word' id='word_1_334' title='bbox 1008 3013 1100 3071; x_wconf 88' lang='grc' dir='ltr'>Μ1</span> <span class='ocrx_word' id='word_1_335' title='bbox 1117 3032 1258 3089; x_wconf 82' lang='lat' dir='ltr'>gne</span> <span class='ocrx_word' id='word_1_336' title='bbox 1281 3011 1481 3082; x_wconf 87' lang='lat' dir='ltr'>CVIII,</span> <span class='ocrx_word' id='word_1_337' title='bbox 1520 3023 1640 3074; x_wconf 86' lang='lat'>9—</span> <span class='ocrx_word' id='word_1_338' title='bbox 1703 3031 1848 3088; x_wconf 90' lang='lat' dir='ltr'>gum</span> <span class='ocrx_word' id='word_1_339' title='bbox 1899 3012 2120 3072; x_wconf 89' lang='lat' dir='ltr'>ducens</span> <span class='ocrx_word' id='word_1_340' title='bbox 2169 3013 2527 3089; x_wconf 85' lang='lat' dir='ltr'>martyrium</span> <span class='ocrx_word' id='word_1_341' title='bbox 2576 3013 2859 3089; x_wconf 82' lang='lat' dir='ltr'>migravit</span> <span class='ocrx_word' id='word_1_342' title='bbox 2907 3013 2983 3070; x_wconf 89' lang='lat' dir='ltr'>ad</span> 
     </span>
     <span class='ocr_line' id='line_1_32' title="bbox 374 3100 2985 3176; baseline -0.002 -11"><span class='ocrx_word' id='word_1_343' title='bbox 374 3114 576 3173; x_wconf 82' lang='lat'>10103</span> <span class='ocrx_word' id='word_1_344' title='bbox 622 3121 691 3161; x_wconf 86' lang='lat' dir='ltr'>ex</span> <span class='ocrx_word' id='word_1_345' title='bbox 731 3120 843 3160; x_wconf 89' lang='lat' dir='ltr'>rec.</span> <span class='ocrx_word' id='word_1_346' title='bbox 878 3103 1001 3161; x_wconf 87' lang='lat' dir='ltr'>Car.</span> <span class='ocrx_word' id='word_1_347' title='bbox 1035 3102 1106 3160; x_wconf 91' lang='lat' dir='ltr'>de</span> <span class='ocrx_word' id='word_1_348' title='bbox 1138 3104 1365 3171; x_wconf 91' lang='lat' dir='ltr'>Boor,</span> <span class='ocrx_word' id='word_1_349' title='bbox 1413 3100 1648 3176; x_wconf 89' lang='lat' dir='ltr'>Lipsiae</span> <span class='ocrx_word' id='word_1_350' title='bbox 1703 3101 2081 3161; x_wconf 80' lang='lat' dir='ltr'>Dominum.‘</span> <span class='ocrx_word' id='word_1_351' title='bbox 2161 3103 2304 3160; x_wconf 89' lang='lat' dir='ltr'>Cum</span> <span class='ocrx_word' id='word_1_352' title='bbox 2365 3100 2668 3161; x_wconf 82' lang='lat' dir='ltr'>Theodoro</span> <span class='ocrx_word' id='word_1_353' title='bbox 2730 3101 2985 3172; x_wconf 87' lang='lat' dir='ltr'>Studita,</span> 
     </span>
     <span class='ocr_line' id='line_1_33' title="bbox 374 3190 2986 3265; baseline -0.002 -11"><span class='ocrx_word' id='word_1_354' title='bbox 374 3199 805 3254; x_wconf 82' lang='lat'>1883—1886</span> <span class='ocrx_word' id='word_1_355' title='bbox 840 3195 884 3249; x_wconf 90' lang='lat' dir='ltr'>t.</span> <span class='ocrx_word' id='word_1_356' title='bbox 922 3201 976 3253; x_wconf 86' lang='lat'>2.</span> <span class='ocrx_word' id='word_1_357' title='bbox 1703 3190 1809 3265; x_wconf 85' lang='lat' dir='ltr'>qui</span> <span class='ocrx_word' id='word_1_358' title='bbox 1842 3190 1895 3249; x_wconf 90' lang='lat' dir='ltr'>ei</span> <span class='ocrx_word' id='word_1_359' title='bbox 1926 3191 2238 3250; x_wconf 82' lang='lat' dir='ltr'>familiaris</span> <span class='ocrx_word' id='word_1_360' title='bbox 2271 3193 2398 3249; x_wconf 84' lang='lat' dir='ltr'>erat</span> <span class='ocrx_word' id='word_1_361' title='bbox 2428 3191 2669 3262; x_wconf 86' lang='grc'><strong>81111888,</strong></span> <span class='ocrx_word' id='word_1_362' title='bbox 2716 3209 2836 3249; x_wconf 89' lang='grc'><strong>8811</strong></span> <span class='ocrx_word' id='word_1_363' title='bbox 2881 3191 2986 3248; x_wconf 92' lang='lat' dir='ltr'>ob-</span> 
     </span>
     <span class='ocr_line' id='line_1_34' title="bbox 1703 3278 2985 3355; baseline 0 -19"><span class='ocrx_word' id='word_1_364' title='bbox 1703 3282 1901 3338; x_wconf 90' lang='lat' dir='ltr'>stante</span> <span class='ocrx_word' id='word_1_365' title='bbox 1950 3281 2151 3355; x_wconf 88' lang='lat' dir='ltr'>aliquo</span> <span class='ocrx_word' id='word_1_366' title='bbox 2202 3278 2458 3350; x_wconf 88' lang='lat' dir='ltr'>dissidi0‚</span> <span class='ocrx_word' id='word_1_367' title='bbox 2516 3279 2676 3355; x_wconf 89' lang='lat' dir='ltr'>quod</span> <span class='ocrx_word' id='word_1_368' title='bbox 2724 3298 2822 3338; x_wconf 88' lang='lat' dir='ltr'>eos</span> <span class='ocrx_word' id='word_1_369' title='bbox 2871 3278 2985 3338; x_wconf 87' lang='lat' dir='ltr'>ali-</span> 
     </span>
    </p>

    <p class='ocr_par' dir='ltr' id='par_1_3' title="bbox 362 3367 2986 3892">
     <span class='ocr_line' id='line_1_35' title="bbox 456 3367 2985 3445; baseline -0.002 -14"><span class='ocrx_word' id='word_1_370' title='bbox 456 3379 601 3433; x_wconf 91' lang='grc'><strong>401.</strong></span> <span class='ocrx_word' id='word_1_371' title='bbox 652 3370 886 3428; x_wconf 84' lang='lat' dir='ltr'>Tertius</span> <span class='ocrx_word' id='word_1_372' title='bbox 947 3367 1204 3445; x_wconf 87' lang='lat' dir='ltr'>insignis</span> <span class='ocrx_word' id='word_1_373' title='bbox 1261 3367 1646 3445; x_wconf 86' lang='lat' dir='ltr'>historiogra-</span> <span class='ocrx_word' id='word_1_374' title='bbox 1703 3369 1990 3442; x_wconf 90' lang='lat' dir='ltr'>quamdiu</span> <span class='ocrx_word' id='word_1_375' title='bbox 2021 3369 2093 3427; x_wconf 91' lang='lat' dir='ltr'>ab</span> <span class='ocrx_word' id='word_1_376' title='bbox 2115 3370 2369 3428; x_wconf 84' lang='lat' dir='ltr'>invicem</span> <span class='ocrx_word' id='word_1_377' title='bbox 2391 3368 2615 3442; x_wconf 78' lang='lat' dir='ltr'>divisit,</span> <span class='ocrx_word' id='word_1_378' title='bbox 2649 3367 2985 3444; x_wconf 85' lang='lat' dir='ltr'>praecipuis</span> 
     </span>
     <span class='ocr_line' id='line_1_36' title="bbox 362 3457 2984 3536; baseline 0 -21"><span class='ocrx_word' id='word_1_379' title='bbox 362 3458 521 3536; x_wconf 88' lang='lat' dir='ltr'>phus</span> <span class='ocrx_word' id='word_1_380' title='bbox 583 3477 829 3535; x_wconf 89' lang='lat' dir='ltr'>graecus</span> <span class='ocrx_word' id='word_1_381' title='bbox 892 3460 985 3516; x_wconf 87' lang='lat' dir='ltr'>est</span> <span class='ocrx_word' id='word_1_382' title='bbox 1047 3476 1091 3517; x_wconf 86' lang='grc'>8.</span> <span class='ocrx_word' id='word_1_383' title='bbox 1156 3457 1646 3532; x_wconf 87' lang='lat' dir='ltr'>Nicephorus</span> <span class='ocrx_word' id='word_1_384' title='bbox 1702 3457 1882 3531; x_wconf 86' lang='lat' dir='ltr'>hujus</span> <span class='ocrx_word' id='word_1_385' title='bbox 1923 3459 2207 3534; x_wconf 87' lang='lat' dir='ltr'>temporis</span> <span class='ocrx_word' id='word_1_386' title='bbox 2255 3458 2547 3517; x_wconf 85' lang='lat' dir='ltr'>accenseri</span> <span class='ocrx_word' id='word_1_387' title='bbox 2594 3457 2773 3516; x_wconf 90' lang='lat' dir='ltr'>debet</span> <span class='ocrx_word' id='word_1_388' title='bbox 2815 3458 2984 3516; x_wconf 81' lang='lat' dir='ltr'>theo-</span> 
     </span>
     <span class='ocr_line' id='line_1_37' title="bbox 362 3546 2982 3624; baseline 0 -19"><span class='ocrx_word' id='word_1_389' title='bbox 362 3547 779 3624; x_wconf 89' lang='lat' dir='ltr'>Homologetes</span> <span class='ocrx_word' id='word_1_390' title='bbox 811 3547 917 3606; x_wconf 88' lang='lat' dir='ltr'>CP.</span> <span class='ocrx_word' id='word_1_391' title='bbox 968 3549 1145 3605; x_wconf 90' lang='lat' dir='ltr'>natus</span> <span class='ocrx_word' id='word_1_392' title='bbox 1194 3566 1228 3605; x_wconf 91' lang='lat' dir='ltr'>a</span> <span class='ocrx_word' id='word_1_393' title='bbox 1283 3556 1405 3609; x_wconf 84' lang='lat'>758</span> <span class='ocrx_word' id='word_1_394' title='bbox 1463 3550 1645 3622; x_wconf 88' lang='lat' dir='ltr'>patre,</span> <span class='ocrx_word' id='word_1_395' title='bbox 1701 3546 1855 3622; x_wconf 89' lang='lat' dir='ltr'>logis</span> <span class='ocrx_word' id='word_1_396' title='bbox 1901 3551 1964 3606; x_wconf 87' lang='lat' dir='ltr'>et</span> <span class='ocrx_word' id='word_1_397' title='bbox 2007 3547 2557 3624; x_wconf 88' lang='lat' dir='ltr'>propugnatoribus</span> <span class='ocrx_word' id='word_1_398' title='bbox 2608 3546 2761 3617; x_wconf 90' lang='lat' dir='ltr'>fidei,</span> <span class='ocrx_word' id='word_1_399' title='bbox 2811 3566 2982 3623; x_wconf 88' lang='lat' dir='ltr'>prae-</span> 
     </span>
     <span class='ocr_line' id='line_1_38' title="bbox 363 3631 2986 3718; baseline 0.001 -24"><span class='ocrx_word' id='word_1_400' title='bbox 363 3637 468 3711; x_wconf 90' lang='lat' dir='ltr'>qui</span> <span class='ocrx_word' id='word_1_401' title='bbox 500 3637 884 3696; x_wconf 86' lang='lat' dir='ltr'>Constantino</span> <span class='ocrx_word' id='word_1_402' title='bbox 917 3636 1285 3712; x_wconf 79' lang='lat' dir='ltr'>Copronymo</span> <span class='ocrx_word' id='word_1_403' title='bbox 1318 3635 1435 3694; x_wconf 85' lang='lat' dir='ltr'>fuit</span> <span class='ocrx_word' id='word_1_404' title='bbox 1480 3655 1513 3693; x_wconf 89' lang='lat' dir='ltr'>a</span> <span class='ocrx_word' id='word_1_405' title='bbox 1553 3654 1646 3694; x_wconf 91' lang='lat' dir='ltr'>se-</span> <span class='ocrx_word' id='word_1_406' title='bbox 1703 3636 1908 3693; x_wconf 88' lang='lat' dir='ltr'>sertim</span> <span class='ocrx_word' id='word_1_407' title='bbox 1958 3636 2109 3695; x_wconf 90' lang='lat' dir='ltr'>circa</span> <span class='ocrx_word' id='word_1_408' title='bbox 2160 3655 2236 3695; x_wconf 77' lang='lat' dir='ltr'>ss,</span> <span class='ocrx_word' id='word_1_409' title='bbox 2292 3637 2621 3713; x_wconf 90' lang='lat' dir='ltr'>imaginum</span> <span class='ocrx_word' id='word_1_410' title='bbox 2672 3637 2901 3695; x_wconf 90' lang='lat' dir='ltr'>cultum</span> <span class='ocrx_word' id='word_1_411' title='bbox 2915 3631 2986 3718; x_wconf 81' lang='lat'>¹).</span> 
     </span>
     <span class='ocr_line' id='line_1_39' title="bbox 586 3724 2983 3800; baseline 0.001 -19"><span class='ocrx_word' id='word_1_412' title='bbox 586 3761 681 3767; x_wconf 79' lang='lat'>--</span> <span class='ocrx_word' id='word_1_413' title='bbox 1702 3724 1869 3783; x_wconf 87' lang='lat' dir='ltr'>Inter</span> <span class='ocrx_word' id='word_1_414' title='bbox 1911 3726 2039 3799; x_wconf 90' lang='lat' dir='ltr'>ejus</span> <span class='ocrx_word' id='word_1_415' title='bbox 2084 3725 2301 3800; x_wconf 90' lang='lat' dir='ltr'>scripta</span> <span class='ocrx_word' id='word_1_416' title='bbox 2345 3725 2417 3784; x_wconf 89' lang='lat' dir='ltr'>ad</span> <span class='ocrx_word' id='word_1_417' title='bbox 2465 3726 2614 3784; x_wconf 88' lang='lat' dir='ltr'>hanc</span> <span class='ocrx_word' id='word_1_418' title='bbox 2645 3729 2983 3785; x_wconf 82' lang='lat' dir='ltr'>controver-</span> 
     </span>
     <span class='ocr_line' id='line_1_40' title="bbox 478 3804 2985 3892; baseline -0.002 -14"><span class='ocrx_word' id='word_1_419' title='bbox 478 3812 513 3878; x_wconf 86' lang='lat'>¹)</span> <span class='ocrx_word' id='word_1_420' title='bbox 553 3806 747 3860; x_wconf 66' lang='lat' dir='ltr'>DieSssS</span> <span class='ocrx_word' id='word_1_421' title='bbox 798 3807 1157 3860; x_wconf 62' lang='lat' dir='ltr'>umfafflssnde</span> <span class='ocrx_word' id='word_1_422' title='bbox 1208 3804 1403 3868; x_wconf 84' lang='lat' dir='ltr'>Werk,</span> <span class='ocrx_word' id='word_1_423' title='bbox 1454 3804 1650 3874; x_wconf 66' lang='lat' dir='ltr'>inquit</span> <span class='ocrx_word' id='word_1_424' title='bbox 1703 3813 1852 3871; x_wconf 85' lang='lat' dir='ltr'>siam</span> <span class='ocrx_word' id='word_1_425' title='bbox 1885 3816 2186 3888; x_wconf 85' lang='lat' dir='ltr'>spectant:</span> <span class='ocrx_word' id='word_1_426' title='bbox 2233 3816 2636 3892; x_wconf 78' lang='lat' dir='ltr'>Apoloqeticus</span> <span class='ocrx_word' id='word_1_427' title='bbox 2674 3817 2866 3873; x_wconf 81' lang='lat' dir='ltr'>minor</span> <span class='ocrx_word' id='word_1_428' title='bbox 2909 3814 2985 3872; x_wconf 90' lang='lat' dir='ltr'>ad</span> 
     </span>
    </p>
   </div>
   <div class='ocr_carea' id='block_1_3' title="bbox 360 3876 2987 4018">
    <p class='ocr_par' dir='ltr' id='par_1_4' title="bbox 360 3876 2987 4018">
     <span class='ocr_line' id='line_1_41' title="bbox 360 3876 2987 3979; baseline 0 -20"><span class='ocrx_word' id='word_1_429' title='bbox 360 3877 507 3959; x_wconf 53' lang='grc' dir='ltr'>ΚΥΡ</span> <span class='ocrx_word' id='word_1_430' title='bbox 525 3898 579 3933; x_wconf 76' lang='lat' dir='ltr'>m</span> <span class='ocrx_word' id='word_1_431' title='bbox 596 3879 726 3931; x_wconf 65' lang='lat' dir='ltr'>bao</span> <span class='ocrx_word' id='word_1_432' title='bbox 743 3878 871 3931; x_wconf 63' lang='lat' dir='ltr'>her</span> <span class='ocrx_word' id='word_1_433' title='bbox 916 3877 1017 3946; x_wconf 58' lang='lat'>‘1¹²5</span> <span class='ocrx_word' id='word_1_434' title='bbox 1056 3880 1320 3931; x_wconf 52' lang='lat' dir='ltr'>“ecumbe</span> <span class='ocrx_word' id='word_1_435' title='bbox 1348 3876 1417 3930; x_wconf 64' lang='lat' dir='ltr'>de</span> <span class='ocrx_word' id='word_1_436' title='bbox 1445 3894 1510 3931; x_wconf 63' lang='grc' dir='ltr'>ΘΟ</span> <span class='ocrx_word' id='word_1_437' title='bbox 1539 3877 1647 3931; x_wconf 62' lang='lat' dir='ltr'>dis‘</span> <span class='ocrx_word' id='word_1_438' title='bbox 1701 3903 2046 3961; x_wconf 85' lang='lat' dir='ltr'>catholicam</span> <span class='ocrx_word' id='word_1_439' title='bbox 2078 3904 2400 3961; x_wconf 85' lang='lat' dir='ltr'>Ecclesiam</span> <span class='ocrx_word' id='word_1_440' title='bbox 2445 3904 2516 3962; x_wconf 91' lang='lat' dir='ltr'>de</span> <span class='ocrx_word' id='word_1_441' title='bbox 2561 3921 2712 3962; x_wconf 88' lang='lat' dir='ltr'>novo</span> <span class='ocrx_word' id='word_1_442' title='bbox 2744 3907 2987 3979; x_wconf 86' lang='lat' dir='ltr'>propter</span> 
     </span>
     <span class='ocr_line' id='line_1_42' title="bbox 360 3949 1648 4018; baseline -0.001 -16"><span class='ocrx_word' id='word_1_443' title='bbox 360 3952 499 4002; x_wconf 87' lang='grc'><strong>88111</strong></span> <span class='ocrx_word' id='word_1_444' title='bbox 542 3967 597 4018; x_wconf 90' lang='lat' dir='ltr'>p.</span> <span class='ocrx_word' id='word_1_445' title='bbox 623 3952 924 4013; x_wconf 82' lang='lat'>342-347,</span> <span class='ocrx_word' id='word_1_446' title='bbox 969 3949 1211 4002; x_wconf 81' lang='lat' dir='ltr'>welches</span> <span class='ocrx_word' id='word_1_447' title='bbox 1255 3966 1364 4000; x_wconf 89' lang='lat' dir='ltr'>uns</span> <span class='ocrx_word' id='word_1_448' title='bbox 1407 3949 1648 4002; x_wconf 86' lang='lat' dir='ltr'>manche</span> 
     </span>
    </p>
   </div>
   <div class='ocr_carea' id='block_1_4' title="bbox 356 3991 2988 4873">
    <p class='ocr_par' dir='ltr' id='par_1_5' title="bbox 356 3991 2988 4873">
     <span class='ocr_line' id='line_1_43' title="bbox 359 3991 2983 4085; baseline -0.003 -10"><span class='ocrx_word' id='word_1_449' title='bbox 359 4021 650 4075; x_wconf 86' lang='lat' dir='ltr'>verlorene</span> <span class='ocrx_word' id='word_1_450' title='bbox 680 4021 877 4085; x_wconf 83' lang='lat' dir='ltr'>Quelle</span> <span class='ocrx_word' id='word_1_451' title='bbox 904 4022 1127 4076; x_wconf 88' lang='lat' dir='ltr'>ersetzt.</span> <span class='ocrx_word' id='word_1_452' title='bbox 1156 4019 1274 4072; x_wconf 88' lang='lat' dir='ltr'>und</span> <span class='ocrx_word' id='word_1_453' title='bbox 1302 4020 1396 4071; x_wconf 75' lang='lat' dir='ltr'>fiir</span> <span class='ocrx_word' id='word_1_454' title='bbox 1422 4019 1515 4073; x_wconf 89' lang='lat' dir='ltr'>die</span> <span class='ocrx_word' id='word_1_455' title='bbox 1541 4019 1645 4074; x_wconf 85' lang='lat' dir='ltr'>fol·</span> <span class='ocrx_word' id='word_1_456' title='bbox 1701 3991 2070 4050; x_wconf 65' lang='lat' dir='ltr'>venerabiles</span> <span class='ocrx_word' id='word_1_457' title='bbox 2103 3992 2393 4068; x_wconf 64' lang='lat' dir='ltr'>imagines</span> <span class='ocrx_word' id='word_1_458' title='bbox 2436 3996 2634 4051; x_wconf 66' lang='lat' dir='ltr'>exorto</span> <span class='ocrx_word' id='word_1_459' title='bbox 2669 3993 2983 4050; x_wconf 63' lang='lat' dir='ltr'>Ssshisma&#39;oe</span> 
     </span>
     <span class='ocr_line' id='line_1_44' title="bbox 359 4090 1646 4162; baseline 0 -17"><span class='ocrx_word' id='word_1_460' title='bbox 359 4092 585 4162; x_wconf 85' lang='lat' dir='ltr'>genden</span> <span class='ocrx_word' id='word_1_461' title='bbox 607 4092 944 4146; x_wconf 87' lang='lat' dir='ltr'>Chronisten</span> <span class='ocrx_word' id='word_1_462' title='bbox 972 4091 1099 4145; x_wconf 90' lang='lat' dir='ltr'>eine</span> <span class='ocrx_word' id='word_1_463' title='bbox 1121 4090 1646 4160; x_wconf 84' lang='lat' dir='ltr'>Hauptfundgrube</span> 
     </span>
     <span class='ocr_line' id='line_1_45' title="bbox 359 4161 1647 4234; baseline -0.002 -18"><span class='ocrx_word' id='word_1_464' title='bbox 359 4163 555 4216; x_wconf 85' lang='lat' dir='ltr'>wurde</span> <span class='ocrx_word' id='word_1_465' title='bbox 574 4204 586 4226; x_wconf 91' lang='lat'>,</span> <span class='ocrx_word' id='word_1_466' title='bbox 637 4165 769 4234; x_wconf 80' lang='lat' dir='ltr'>ragt</span> <span class='ocrx_word' id='word_1_467' title='bbox 816 4180 892 4215; x_wconf 84' lang='lat' dir='ltr'>an</span> <span class='ocrx_word' id='word_1_468' title='bbox 942 4162 1257 4218; x_wconf 81' lang='lat' dir='ltr'>sachlicher</span> <span class='ocrx_word' id='word_1_469' title='bbox 1305 4161 1647 4232; x_wconf 82' lang='lat' dir='ltr'>Bedeutung</span> 
     </span>
     <span class='ocr_line' id='line_1_46' title="bbox 359 4231 2986 4302; baseline -0.001 -16"><span class='ocrx_word' id='word_1_470' title='bbox 359 4236 498 4288; x_wconf 80' lang='lat' dir='ltr'>aber</span> <span class='ocrx_word' id='word_1_471' title='bbox 524 4234 616 4286; x_wconf 89' lang='lat' dir='ltr'>die</span> <span class='ocrx_word' id='word_1_472' title='bbox 642 4235 883 4288; x_wconf 86' lang='lat' dir='ltr'>meisten</span> <span class='ocrx_word' id='word_1_473' title='bbox 907 4234 1156 4286; x_wconf 83' lang='lat' dir='ltr'>anderen</span> <span class='ocrx_word' id='word_1_474' title='bbox 1172 4232 1644 4300; x_wconf 83' lang='lat' dir='ltr'>byzantinischen</span> <span class='ocrx_word' id='word_1_475' title='bbox 1783 4241 1816 4292; x_wconf 63' lang='lat'>¹¹)</span> <span class='ocrx_word' id='word_1_476' title='bbox 1846 4233 1928 4287; x_wconf 82' lang='lat' dir='ltr'>Cf.</span> <span class='ocrx_word' id='word_1_477' title='bbox 1957 4233 2000 4285; x_wconf 88' lang='grc' dir='ltr'>Ε</span> <span class='ocrx_word' id='word_1_478' title='bbox 2019 4235 2056 4286; x_wconf 93' lang='lat' dir='ltr'>h</span> <span class='ocrx_word' id='word_1_479' title='bbox 2073 4252 2100 4285; x_wconf 87' lang='lat'>1·</span> <span class='ocrx_word' id='word_1_480' title='bbox 2116 4234 2154 4286; x_wconf 92' lang='lat' dir='ltr'>h</span> <span class='ocrx_word' id='word_1_481' title='bbox 2170 4249 2204 4285; x_wconf 83' lang='grc'>8.</span> <span class='ocrx_word' id='word_1_482' title='bbox 2221 4251 2248 4285; x_wconf 87' lang='grc'>1</span> <span class='ocrx_word' id='word_1_483' title='bbox 2263 4234 2298 4286; x_wconf 82' lang='grc'>(1</span> <span class='ocrx_word' id='word_1_484' title='bbox 2325 4233 2479 4302; x_wconf 80' lang='lat' dir='ltr'>apud</span> <span class='ocrx_word' id='word_1_485' title='bbox 2498 4232 2547 4284; x_wconf 88' lang='lat' dir='ltr'>K</span> <span class='ocrx_word' id='word_1_486' title='bbox 2565 4250 2592 4284; x_wconf 90' lang='lat' dir='ltr'>r</span> <span class='ocrx_word' id='word_1_487' title='bbox 2609 4250 2644 4285; x_wconf 91' lang='lat' dir='ltr'>u</span> <span class='ocrx_word' id='word_1_488' title='bbox 2663 4250 2718 4284; x_wconf 89' lang='grc'>111</span> <span class='ocrx_word' id='word_1_489' title='bbox 2739 4231 2986 4285; x_wconf 83' lang='lat' dir='ltr'>bacher</span> 
     </span>
     <span class='ocr_line' id='line_1_47' title="bbox 360 4302 2982 4386; baseline -0.001 -27"><span class='ocrx_word' id='word_1_490' title='bbox 360 4305 688 4359; x_wconf 84' lang='lat' dir='ltr'>Chroniken</span> <span class='ocrx_word' id='word_1_491' title='bbox 733 4322 947 4375; x_wconf 83' lang='lat' dir='ltr'>emper.</span> <span class='ocrx_word' id='word_1_492' title='bbox 1007 4304 1383 4373; x_wconf 87' lang='lat' dir='ltr'>Theophanes</span> <span class='ocrx_word' id='word_1_493' title='bbox 1430 4304 1505 4357; x_wconf 84' lang='lat' dir='ltr'>ist</span> <span class='ocrx_word' id='word_1_494' title='bbox 1555 4306 1645 4358; x_wconf 75' lang='lat' dir='ltr'>fiir</span> <span class='ocrx_word' id='word_1_495' title='bbox 1702 4304 1786 4357; x_wconf 89' lang='lat' dir='ltr'>ed.</span> <span class='ocrx_word' id='word_1_496' title='bbox 1816 4309 1865 4356; x_wconf 79' lang='lat'>2.</span> <span class='ocrx_word' id='word_1_497' title='bbox 1892 4321 2024 4386; x_wconf 77' lang='lat' dir='ltr'>pag.</span> <span class='ocrx_word' id='word_1_498' title='bbox 2041 4309 2141 4361; x_wconf 82' lang='lat'>72:</span> <span class='ocrx_word' id='word_1_499' title='bbox 2167 4302 2273 4358; x_wconf 89' lang='lat' dir='ltr'>Die</span> <span class='ocrx_word' id='word_1_500' title='bbox 2289 4304 2640 4374; x_wconf 84' lang='lat' dir='ltr'>gedruokten</span> <span class='ocrx_word' id='word_1_501' title='bbox 2679 4303 2982 4374; x_wconf 76' lang='lat' dir='ltr'>Schriften)</span> 
     </span>
     <span class='ocr_line' id='line_1_48' title="bbox 358 4373 2982 4446; baseline -0.002 -16"><span class='ocrx_word' id='word_1_502' title='bbox 358 4376 515 4430; x_wconf 87' lang='lat' dir='ltr'>seine</span> <span class='ocrx_word' id='word_1_503' title='bbox 565 4375 688 4430; x_wconf 88' lang='lat' dir='ltr'>Zeit</span> <span class='ocrx_word' id='word_1_504' title='bbox 735 4376 1230 4446; x_wconf 86' lang='lat' dir='ltr'>epochemachend</span> <span class='ocrx_word' id='word_1_505' title='bbox 1282 4375 1398 4430; x_wconf 90' lang='lat' dir='ltr'>und</span> <span class='ocrx_word' id='word_1_506' title='bbox 1460 4375 1647 4430; x_wconf 89' lang='lat' dir='ltr'>bildet</span> <span class='ocrx_word' id='word_1_507' title='bbox 1700 4418 1713 4430; x_wconf 90' lang='lat'>.</span> <span class='ocrx_word' id='word_1_508' title='bbox 1743 4416 1755 4429; x_wconf 89' lang='lat'>.</span> <span class='ocrx_word' id='word_1_509' title='bbox 1786 4417 1797 4429; x_wconf 90' lang='lat'>.</span> <span class='ocrx_word' id='word_1_510' title='bbox 1825 4377 2098 4431; x_wconf 79' lang='lat' dir='ltr'>zeicbnen</span> <span class='ocrx_word' id='word_1_511' title='bbox 2128 4375 2247 4428; x_wconf 91' lang='lat' dir='ltr'>sich</span> <span class='ocrx_word' id='word_1_512' title='bbox 2274 4375 2454 4428; x_wconf 81' lang='lat' dir='ltr'>durch</span> <span class='ocrx_word' id='word_1_513' title='bbox 2482 4375 2644 4427; x_wconf 88' lang='lat' dir='ltr'>edlen</span> <span class='ocrx_word' id='word_1_514' title='bbox 2699 4373 2982 4438; x_wconf 75' lang='lat' dir='ltr'>‘reimuth,</span> 
     </span>
     <span class='ocr_line' id='line_1_49' title="bbox 359 4444 2985 4518; baseline -0.002 -16"><span class='ocrx_word' id='word_1_515' title='bbox 359 4446 529 4502; x_wconf 88' lang='lat' dir='ltr'>einen</span> <span class='ocrx_word' id='word_1_516' title='bbox 579 4447 892 4518; x_wconf 82' lang='lat' dir='ltr'>wichtigen</span> <span class='ocrx_word' id='word_1_517' title='bbox 930 4448 1239 4502; x_wconf 87' lang='lat' dir='ltr'>Abschluss</span> <span class='ocrx_word' id='word_1_518' title='bbox 1279 4447 1380 4500; x_wconf 83' lang='lat' dir='ltr'>der</span> <span class='ocrx_word' id='word_1_519' title='bbox 1429 4449 1644 4501; x_wconf 72' lang='lat' dir='ltr'>iilteren</span> <span class='ocrx_word' id='word_1_520' title='bbox 1698 4448 2088 4516; x_wconf 79' lang='lat' dir='ltr'>ausgedehnte</span> <span class='ocrx_word' id='word_1_521' title='bbox 2139 4446 2449 4500; x_wconf 87' lang='lat' dir='ltr'>Kenntuiss</span> <span class='ocrx_word' id='word_1_522' title='bbox 2512 4446 2612 4499; x_wconf 89' lang='lat' dir='ltr'>der</span> <span class='ocrx_word' id='word_1_523' title='bbox 2651 4444 2813 4498; x_wconf 90' lang='lat' dir='ltr'>Bibel</span> <span class='ocrx_word' id='word_1_524' title='bbox 2863 4444 2985 4497; x_wconf 89' lang='lat' dir='ltr'>und</span> 
     </span>
     <span class='ocr_line' id='line_1_50' title="bbox 360 4514 2988 4589; baseline -0.001 -16"><span class='ocrx_word' id='word_1_525' title='bbox 360 4517 1318 4589; x_wconf 83' lang='lat' dir='ltr'>byzantinischeuChronographie.</span> <span class='ocrx_word' id='word_1_526' title='bbox 1337 4517 1459 4572; x_wconf 73' lang='lat' dir='ltr'>CfiS</span> <span class='ocrx_word' id='word_1_527' title='bbox 1473 4536 1501 4571; x_wconf 90' lang='grc'>8</span> <span class='ocrx_word' id='word_1_528' title='bbox 1515 4519 1553 4571; x_wconf 93' lang='lat' dir='ltr'>h</span> <span class='ocrx_word' id='word_1_529' title='bbox 1566 4525 1601 4571; x_wconf 82' lang='lat' dir='ltr'>ii</span> <span class='ocrx_word' id='word_1_530' title='bbox 1614 4538 1642 4571; x_wconf 92' lang='lat' dir='ltr'><strong>z</strong></span> <span class='ocrx_word' id='word_1_531' title='bbox 1697 4519 2103 4589; x_wconf 84' lang='lat' dir='ltr'>patristischen</span> <span class='ocrx_word' id='word_1_532' title='bbox 2119 4518 2407 4571; x_wconf 83' lang='lat' dir='ltr'>Literatur</span> <span class='ocrx_word' id='word_1_533' title='bbox 2420 4534 2540 4581; x_wconf 85' lang='grc'><strong>8118,</strong></span> <span class='ocrx_word' id='word_1_534' title='bbox 2561 4514 2988 4585; x_wconf 70' lang='lat' dir='ltr'>Yielseitigkeit</span> 
     </span>
     <span class='ocr_line' id='line_1_51' title="bbox 358 4585 2984 4660; baseline -0.003 -15"><span class='ocrx_word' id='word_1_535' title='bbox 358 4594 661 4645; x_wconf 87' lang='lat' dir='ltr'>comment.</span> <span class='ocrx_word' id='word_1_536' title='bbox 688 4590 812 4644; x_wconf 89' lang='lat' dir='ltr'>crit.</span> <span class='ocrx_word' id='word_1_537' title='bbox 839 4592 908 4644; x_wconf 84' lang='lat' dir='ltr'>de</span> <span class='ocrx_word' id='word_1_538' title='bbox 936 4590 1162 4660; x_wconf 87' lang='lat' dir='ltr'>scriptis</span> <span class='ocrx_word' id='word_1_539' title='bbox 1188 4592 1247 4643; x_wconf 86' lang='lat' dir='ltr'>ct</span> <span class='ocrx_word' id='word_1_540' title='bbox 1273 4590 1643 4660; x_wconf 87' lang='lat' dir='ltr'>scriptoribus</span> <span class='ocrx_word' id='word_1_541' title='bbox 1699 4590 1799 4644; x_wconf 88' lang='lat' dir='ltr'>der</span> <span class='ocrx_word' id='word_1_542' title='bbox 1812 4590 2314 4660; x_wconf 84' lang='lat' dir='ltr'>Gesichtspunkte,</span> <span class='ocrx_word' id='word_1_543' title='bbox 2329 4589 2559 4644; x_wconf 68' lang='lat' dir='ltr'>Scharfe</span> <span class='ocrx_word' id='word_1_544' title='bbox 2581 4585 2984 4642; x_wconf 80' lang='lat' dir='ltr'>derDialektik</span> 
     </span>
     <span class='ocr_line' id='line_1_52' title="bbox 358 4658 2982 4742; baseline 0 -28"><span class='ocrx_word' id='word_1_545' title='bbox 358 4661 492 4717; x_wconf 86' lang='lat' dir='ltr'>hist.</span> <span class='ocrx_word' id='word_1_546' title='bbox 522 4680 576 4732; x_wconf 89' lang='lat' dir='ltr'>p.</span> <span class='ocrx_word' id='word_1_547' title='bbox 605 4668 904 4719; x_wconf 80' lang='lat'>466—471.</span> <span class='ocrx_word' id='word_1_548' title='bbox 960 4661 1036 4715; x_wconf 89' lang='lat' dir='ltr'>De</span> <span class='ocrx_word' id='word_1_549' title='bbox 1065 4663 1239 4732; x_wconf 89' lang='lat' dir='ltr'>hujus</span> <span class='ocrx_word' id='word_1_550' title='bbox 1265 4679 1357 4731; x_wconf 88' lang='lat' dir='ltr'>op.</span> <span class='ocrx_word' id='word_1_551' title='bbox 1383 4661 1641 4715; x_wconf 83' lang='lat' dir='ltr'>versione</span> <span class='ocrx_word' id='word_1_552' title='bbox 1698 4662 1818 4715; x_wconf 87' lang='lat' dir='ltr'>und</span> <span class='ocrx_word' id='word_1_553' title='bbox 1831 4662 1955 4716; x_wconf 88' lang='lat' dir='ltr'>eine</span> <span class='ocrx_word' id='word_1_554' title='bbox 1967 4658 2982 4742; x_wconf 76' lang='lat' dir='ltr'>kraftvolle,fliessendeDarstellung.</span> 
     </span>
     <span class='ocr_line' id='line_1_53' title="bbox 356 4730 2983 4802; baseline -0.001 -17"><span class='ocrx_word' id='word_1_555' title='bbox 356 4734 432 4787; x_wconf 86' lang='lat' dir='ltr'>ab</span> <span class='ocrx_word' id='word_1_556' title='bbox 457 4735 507 4785; x_wconf 90' lang='lat' dir='ltr'>A</span> <span class='ocrx_word' id='word_1_557' title='bbox 527 4752 566 4787; x_wconf 91' lang='lat' dir='ltr'>n</span> <span class='ocrx_word' id='word_1_558' title='bbox 582 4750 616 4786; x_wconf 85' lang='lat' dir='ltr'>a</span> <span class='ocrx_word' id='word_1_559' title='bbox 633 4751 657 4786; x_wconf 89' lang='grc'>8</span> <span class='ocrx_word' id='word_1_560' title='bbox 674 4737 699 4786; x_wconf 91' lang='grc'>1</span> <span class='ocrx_word' id='word_1_561' title='bbox 716 4750 749 4786; x_wconf 86' lang='grc'>8</span> <span class='ocrx_word' id='word_1_562' title='bbox 768 4732 878 4787; x_wconf 87' lang='grc'>818</span> <span class='ocrx_word' id='word_1_563' title='bbox 905 4731 1339 4788; x_wconf 84' lang='lat' dir='ltr'>bibliothecario</span> <span class='ocrx_word' id='word_1_564' title='bbox 1365 4733 1642 4786; x_wconf 84' lang='lat' dir='ltr'>adornata</span> <span class='ocrx_word' id='word_1_565' title='bbox 1698 4732 1780 4786; x_wconf 85' lang='lat' dir='ltr'>cf.</span> <span class='ocrx_word' id='word_1_566' title='bbox 1845 4733 2096 4802; x_wconf 83' lang='lat' dir='ltr'>ejusdem</span> <span class='ocrx_word' id='word_1_567' title='bbox 2159 4736 2481 4788; x_wconf 80' lang='lat' dir='ltr'>accuratam</span> <span class='ocrx_word' id='word_1_568' title='bbox 2544 4732 2674 4786; x_wconf 85' lang='lat' dir='ltr'>diss.</span> <span class='ocrx_word' id='word_1_569' title='bbox 2727 4731 2839 4784; x_wconf 90' lang='lat' dir='ltr'>KL.</span> <span class='ocrx_word' id='word_1_570' title='bbox 2889 4730 2983 4795; x_wconf 58' lang='lat' dir='ltr'>lx,</span> 
     </span>
     <span class='ocr_line' id='line_1_54' title="bbox 356 4802 1995 4873; baseline 0.002 -17"><span class='ocrx_word' id='word_1_571' title='bbox 356 4802 509 4857; x_wconf 82' lang='lat' dir='ltr'>infra</span> <span class='ocrx_word' id='word_1_572' title='bbox 535 4806 852 4873; x_wconf 87' lang='lat' dir='ltr'>loquemur.</span> <span class='ocrx_word' id='word_1_573' title='bbox 1696 4809 1995 4862; x_wconf 78' lang='lat'>249—259.</span> 
     </span>
    </p>
   </div>
   <div class='ocr_carea' id='block_1_5' title="bbox 574 4900 2625 4961">
    <p class='ocr_par' dir='ltr' id='par_1_6' title="bbox 574 4900 2625 4961">
     <span class='ocr_line' id='line_1_55' title="bbox 574 4900 2625 4961; baseline 0 -12"><span class='ocrx_word' id='word_1_574' title='bbox 574 4902 763 4961; x_wconf 80' lang='lat' dir='ltr'>Hurter,</span> <span class='ocrx_word' id='word_1_575' title='bbox 794 4902 1118 4949; x_wconf 85' lang='lat' dir='ltr'>Nomenclator</span> <span class='ocrx_word' id='word_1_576' title='bbox 1144 4903 1161 4947; x_wconf 96' lang='lat'>1</span> <span class='ocrx_word' id='word_1_577' title='bbox 1190 4902 1261 4949; x_wconf 87' lang='lat' dir='ltr'>ed.</span> <span class='ocrx_word' id='word_1_578' title='bbox 1292 4902 1377 4950; x_wconf 89' lang='lat'>111.</span> <span class='ocrx_word' id='word_1_579' title='bbox 2556 4900 2625 4949; x_wconf 55' lang='lat'>24</span> 
     </span>
    </p>
   </div>
   <div class='ocr_carea' id='block_1_6' title="bbox 364 3760 583 3768">
    <p class='ocr_par' dir='ltr' id='par_1_7' title="bbox 364 3760 583 3768">
     <span class='ocr_line' id='line_1_56' title="bbox 364 3760 583 3768; baseline 0 0"><span class='ocrx_word' id='word_1_580' title='bbox 364 3760 583 3768; x_wconf 95' lang='lat' dir='ltr'> </span> 
     </span>
    </p>
   </div>
   <div class='ocr_carea' id='block_1_7' title="bbox 1701 4149 2020 4158">
    <p class='ocr_par' dir='ltr' id='par_1_8' title="bbox 1701 4149 2020 4158">
     <span class='ocr_line' id='line_1_57' title="bbox 1701 4149 2020 4158; baseline 0 1003"><span class='ocrx_word' id='word_1_581' title='bbox 1701 4149 2020 4158; x_wconf 95' lang='lat' dir='ltr'> </span> 
     </span>
    </p>
   </div>
  </div>
 </body>
</html>
