3505 5161
380 242 458 293 29
1475 224 1528 280 S.
1554 224 1588 279 J
1591 223 1820 279 ustinus
1846 223 1921 278 M.
2921 242 2998 296 30

382 412 521 479 dum
552 410 914 488 procedendi
946 411 1121 487 plane
1152 410 1534 487 illegitimum
1554 410 1657 469 ad·
1717 432 1751 471 a
1783 412 2002 471 criticis
2034 412 2178 471 viris
2208 411 2472 489 genuina
2492 412 2805 483 habentur,
2826 414 3001 490 plura

380 519 587 561 versus
620 500 1020 561 Christianos:
1055 500 1250 560 fusius
1282 499 1420 558 dein
1452 500 1665 575 probat
1695 503 1880 570 sunt,
1916 520 2172 577 quorum
2203 501 2544 578 genuinitas
2578 520 2647 560 ex
2680 520 2999 579 argumen-

380 590 689 667 religionis
723 589 1078 649 christianae
1110 590 1425 648 veritatem
1456 607 1525 647 ex
1558 609 1661 648 va·
1717 591 1796 650 tis
1828 591 2084 650 internis
2117 589 2300 648 dubia
2330 595 2425 649 est
2456 589 2531 649 ob
2564 591 2690 649 stili
2724 590 2868 662 scil„
2906 611 2999 650 ra-

379 680 485 739 riis
516 679 849 759 gcapitibuS,
895 678 1247 754 praesertim
1291 697 1361 736 ex
1411 680 1661 754 prophe·
1716 680 1900 739 tionis
1933 679 2237 756 cogitandi
2280 681 2343 738 et
2393 680 2823 738 sententiarum
2853 699 3000 756 qua-

378 772 578 827 tarum
621 768 941 838 vaticiniiS,
989 771 1171 844 atque
1214 766 1489 843 pluribus
1523 768 1661 827 dein
1716 768 1967 828 rundam
2003 768 2404 845 singularium
2422 768 2834 831 differentiam.
2869 769 3001 829 Huc

378 858 849 917 Christianorum
881 857 1112 916 cultum
1142 856 1425 915 describit
1438 854 1505 938 ¹).
1556 857 1659 916 Al·
1718 861 2019 934 spectant:
2088 858 2291 917 Oratio
2341 860 2420 916 ad
2466 876 2720 935 yraecos,
2768 858 2833 917 in
2883 878 3002 934 qua

380 950 509 1006 tera
539 948 814 1023 apologia
844 948 937 1005 est
966 945 1206 1005 brevior
1234 946 1453 1021 prioris
1486 947 1659 1021 quasi
1715 947 1981 1006 breviter
1998 946 2282 1023 proponit
2301 949 2508 1024 turpes
2528 947 2850 1025 gentilium
2869 947 2999 1023 opi-

381 1036 868 1111 supplementum
898 1035 1072 1111 eique
1096 1035 1456 1094 occasionem
1490 1054 1657 1111 prae·
1715 1055 1921 1096 mones
1952 1037 2025 1096 de
2058 1036 2204 1095 diis:
2256 1037 2331 1095 ob
2382 1056 2530 1112 quas
2575 1037 2866 1095 adductus
2911 1041 3003 1096 est

379 1125 516 1184 buit
544 1126 791 1202 insigne.
830 1124 1164 1200 injustitiae
1196 1126 1257 1182 et
1286 1124 1659 1183 crudelitatis
1715 1129 1786 1185 ut
1816 1126 2012 1185 missis
2044 1126 2285 1184 illorum
2317 1125 2847 1201 superstitionibus
2880 1126 3000 1185 fac-

380 1215 680 1290 specimen
754 1217 959 1275 contra
1018 1213 1381 1273 Christianos
1442 1214 1660 1273 Romae
1715 1214 1916 1274 tussit
1931 1215 2320 1274 Christianus.
2353 1215 2564 1274 Exstat
2577 1215 2757 1274 etiam
2773 1216 3000 1291 syriace

378 1303 638 1364 editum:
683 1305 749 1362 in
792 1322 860 1362 ea
902 1302 1129 1379 duplici
1159 1303 1529 1362 ethnicorum
1561 1321 1658 1361 ex·
1715 1305 1964 1364 liberius
2026 1322 2200 1364 versa
2274 1304 2338 1362 in
2400 1303 2658 1364 Cureton
2723 1303 3001 1382 Spicileg.

379 1394 642 1470 ceptioni
673 1393 947 1462 occurrit,
983 1411 1167 1467 quare
1199 1391 1324 1452 scil.
1345 1392 1659 1452 Christiani
1715 1393 1947 1471 syriaco
1987 1402 2150 1457 1855
2187 1413 2244 1468 p.
2283 1403 2558 1455 61-69,
2621 1394 3000 1452 Recentiores

380 1483 539 1543 avidi
601 1483 840 1541 futurae
900 1480 1295 1541 beatitudinis
1359 1481 1476 1540 sibi
1537 1500 1658 1540 non
1713 1482 1906 1541 critici
1938 1483 2212 1541 libellum
2242 1484 2448 1540 nostro
2479 1482 2731 1558 martyri
2762 1481 3000 1557 abjudi-

379 1575 628 1631 mortem
660 1571 937 1640 inferant,
983 1574 1056 1630 ut
1099 1570 1274 1629 citius
1305 1571 1661 1647 perveniant
1714 1575 1867 1631 cant.
1898 1607 1983 1615 ——
2017 1571 2326 1630 Graviores
2349 1572 2475 1647 jam
2506 1571 2724 1630 adsunt
2743 1572 3000 1631 rationes

379 1661 453 1721 ad
499 1662 687 1720 Deum
737 1664 800 1719 et
847 1678 954 1719 cur
1003 1660 1160 1719 Deus
1219 1662 1342 1718 tam
1388 1661 1547 1720 diras
1591 1660 1659 1718 in
1717 1680 1825 1737 pro
1845 1661 2224 1739 genuinitate
2254 1661 2294 1719 l.
2326 1660 2632 1738 inscripti:
2672 1659 3000 1721 Cohortatio

382 1752 541 1827 ipsos
600 1750 914 1826 permittat
974 1749 1437 1825 persecutiones.
1500 1750 1658 1809 Satis
1714 1752 1796 1809 ad
1851 1769 2088 1829 praecos
2149 1750 2287 1808 stilo
2331 1749 2539 1810 florido
2587 1752 2649 1808 et
2693 1750 3000 1825 eloquenti

384 1839 702 1898 arbitraria
750 1841 842 1898 est
891 1840 1232 1915 conjectura
1282 1833 1355 1920 (G
1374 1835 1655 1921 rundl)‚
1713 1842 2064 1916 conscripta,
2128 1841 2300 1915 cujus
2361 1857 2571 1919 scopus
2618 1842 2710 1897 est
2754 1838 2998 1898 demon-

382 1929 625 1987 alteram
659 1929 809 1987 hanc
857 1928 1187 2004 apologiam
1237 1946 1361 1987 esse
1393 1928 1658 2003 interpo-
1717 1931 1906 1988 strare
1937 1948 2111 1988 verae
2130 1928 2439 2006 religionis
2460 1928 2860 2004 cognitionem
2877 1944 2999 1988 non

380 2019 579 2077 latam.
639 2018 1004 2077 Prodierunt
1033 2017 1141 2075 hae
1173 2017 1323 2076 duae
1355 2017 1660 2094 apologiae
1714 2039 1748 2077 a
1780 2018 2013 2095 graecis
2047 2018 2456 2093 scriptoribus,
2491 2018 2593 2091 sed
2625 2038 2660 2076 a
2688 2018 2999 2094 prophetis

382 2107 627 2166 seorsim
674 2124 816 2165 cura
858 2106 913 2165 J.
962 2106 1050 2164 W.
1082 2105 1138 2164 J.
1171 2107 1445 2176 Braun,
1489 2108 1657 2165 Bonn
1713 2107 2031 2183 petendam
2082 2125 2227 2176 esse,
2277 2106 2535 2181 illosque
2581 2126 2652 2166 ex
2702 2106 2794 2165 his
2845 2125 2998 2183 quae

389 2205 584 2261 1830;
634 2196 863 2272 Lipsiae
917 2204 1082 2260 1883
1134 2195 1225 2259 ed.
1273 2195 1381 2254 111.
1429 2213 1550 2255 cur.
1602 2195 1659 2253 C.
1715 2197 1975 2255 dixerint
2005 2214 2144 2255 vera
2174 2195 2456 2254 hausisse.
2490 2228 2576 2239 —-
2597 2196 2908 2255 Tractatus
2931 2198 3001 2254 de

383 2284 822 2355 Gutberlet3
854 2284 1657 2362 KriigerFreiburg18913
1717 2286 2074 2362 monarchia,
2110 2286 2175 2344 in
2205 2304 2325 2361 qua
2357 2285 2650 2344 unitatem
2684 2285 2791 2344 Dei
2821 2285 2998 2344 alias-

387 2382 574 2437 1896.
595 2408 681 2417 —
703 2374 972 2433 Tertium
985 2373 1024 2432 J
1029 2373 1212 2432 ustini
1231 2392 1378 2449 opus
1402 2376 1493 2432 est
1520 2391 1657 2449 pro·
1716 2393 1833 2450 que
1865 2376 1993 2449 ejus
2024 2374 2415 2451 perfectiones
2465 2375 2679 2449 probat
2729 2392 2797 2431 ex
2829 2375 2998 2434 testi·

380 2462 539 2521 lixus
571 2464 700 2539 ejus
733 2481 863 2521 cum
901 2463 1197 2539 Tryphone
1220 2462 1441 2538 judaeo
1472 2464 1657 2521 dialo-
1715 2464 1946 2534 moniiS‚
1998 2482 2120 2522 non
2170 2466 2372 2522 tamen
2423 2481 2655 2539 semper
2700 2464 2998 2539 genuinis,

378 2570 500 2628 qus,
536 2553 641 2629 qui
670 2556 872 2612 tamen
902 2552 1137 2630 integer
1166 2570 1286 2612 non
1318 2554 1528 2612 exstat.
1589 2552 1660 2610 In
1716 2554 1986 2630 ipsorum
2017 2552 2354 2631 gentilium.
2421 2550 2590 2621 Quod
2622 2552 2674 2611 si
2705 2552 2845 2612 haec
2882 2552 2999 2613 tria

382 2643 511 2716 ejus
543 2641 844 2718 prooemio
893 2661 1057 2701 suam
1107 2642 1181 2701 ad
1231 2641 1406 2700 fidem
1439 2641 1660 2701 Christi
1717 2643 2005 2719 opuscula
2035 2661 2155 2701 non
2189 2645 2334 2701 sunt
2351 2642 2601 2712 Justini,
2625 2643 2836 2702 saltem
2857 2661 2996 2702 auc-

381 2732 820 2791 eonversionem
850 2733 1083 2800 narrat;
1117 2732 1181 2792 in
1219 2744 1243 2795 1
1286 2752 1341 2807 p.
1374 2730 1457 2810 (n.
1490 2743 1652 2794 10-
1712 2736 1917 2791 torum
1949 2734 2095 2791 sunt
2113 2731 2516 2807 antiquorum,
2551 2750 2662 2793 sec.
2695 2731 2848 2790 forte
2872 2733 2997 2807 jam

384 2816 493 2900 48)
538 2820 975 2897 praejudicatae
1011 2820 1364 2896 judaeorum
1415 2820 1487 2878 de
1529 2820 1660 2897 lege
1713 2820 2116 2880 11.v01111.-
2148 2821 2488 2879 Genuinum
2520 2821 2996 2880 Zahnhaudim-

387 2909 641 2968 mosaica
671 2912 735 2967 et
764 2910 835 2968 de
865 2910 1184 2968 christiana
1214 2909 1501 2986 religione
1533 2909 1660 2984 opi·
1716 2911 1926 2968 merito
1960 2912 2163 2969 censet
2194 2909 2660 2985 pulcherrimum
2703 2909 2995 2986 fragmen-

383 2999 590 3058 niones
636 2998 1023 3068 refelluntur;
1070 3000 1134 3058 in
1188 3008 1243 3061 2.
1274 3019 1331 3076 p.
1367 2998 1450 3080 (n.
1488 3009 1660 3061 49—-
1714 3002 1844 3057 tum
1895 2999 1994 3058 vel
2043 2999 2398 3073 opusculum
2448 2999 2517 3056 de
2560 3001 2995 3073 resurrectione,

388 3083 536 3166 108)
569 3087 891 3146 christiana
920 3087 1197 3166 dogmata
1228 3087 1300 3146 de
1333 3087 1552 3147 Christi
1573 3087 1659 3145 di·
1714 3106 1890 3163 quam
1925 3087 2184 3164 egregiis
2215 3089 2432 3162 probat
2461 3086 2811 3146 rationibus.
2861 3088 2996 3146 Alia

377 3177 646 3248 vinitam,
694 3177 1097 3236 incarnatione
1146 3181 1208 3236 et
1256 3177 1662 3252 redemptione
1715 3177 1756 3234 J
1758 3176 1947 3235 ustini
1980 3195 2158 3253 opera
2176 3177 2503 3251 perierunt,
2536 3176 2712 3251 plura
2743 3176 2798 3234 ei
2831 3176 2995 3234 fuere

383 3284 450 3325 ex
496 3284 540 3324 s.
591 3265 919 3341 Scripturis
968 3266 1328 3342 probantum
1379 3266 1445 3324 in
1494 3275 1550 3328 3.
1598 3285 1658 3341 p.
1719 3266 2046 3344 supposita,
2078 3268 2151 3324 ut
2171 3265 2474 3340 Expositio
2493 3266 2840 3323 orthodoxae
2862 3266 2998 3340 fidei

391 3352 468 3433 (n.
505 3350 878 3435 109—142)
922 3356 1049 3431 pari
1092 3356 1322 3415 ratione
1371 3354 1444 3414 de
1491 3373 1661 3414 voca·
1718 3373 1825 3414 seu
1859 3355 1930 3413 de
1961 3352 2346 3435 Trinitate1);
2380 3354 2646 3429 Epistola
2676 3355 2756 3412 ad
2776 3355 2997 3412 Zmam

391 3442 541 3501 tione
570 3444 845 3521 gentium
890 3449 951 3502 et
994 3444 1212 3503 Christi
1258 3444 1524 3504 Ecclesia
1552 3463 1662 3519 per
1716 3452 1768 3502 et
1818 3445 2117 3519 Serenum,
2183 3462 2335 3518 quae
2386 3449 2479 3502 est
2526 3444 2858 3503 exhortatio
2922 3444 2995 3501 ad

391 3533 697 3608 prophetas
712 3532 1015 3609 praedicta
1028 3530 1658 3615 disseritur2).-Prae—
1715 3533 1902 3592 vitam
1963 3532 2363 3603 christianam,
2426 3534 2595 3607 juxta
2656 3532 2882 3591 Batif
2888 3533 2915 3590 f
2924 3532 2995 3591 ol

384 3624 474 3680 ter
500 3622 641 3681 haec
660 3641 858 3696 opera,
880 3641 1032 3697 quae
1051 3623 1350 3681 communi
1370 3639 1660 3681 consensu
1715 3622 1868 3681 forte
1890 3621 1927 3680 S
1944 3622 1964 3680 i
1982 3641 2010 3681 s
2027 3622 2104 3680 in
2119 3622 2235 3681 nii
2269 3641 2359 3698 ep.
2376 3622 2677 3681 novatiani
2693 3622 2798 3684 CP.
2815 3622 2994 3697 Chry—

1714 3715 1971 3770 sostomo
2020 3712 2318 3787 aequalis;
2380 3713 2694 3786 confutatio
2740 3729 2994 3788 quorun-

1714 3802 1853 3858 dam
1873 3801 2204 3878 doqmatum
2219 3802 2555 3860 Aristotelis
2565 3822 2590 3875 ,·
2630 3802 2997 3873 Quae-stiones

1713 3897 1765 3946 et
1813 3891 2213 3964 responsiones
2259 3885 2444 3971 (146)
2507 3890 2579 3949 ad
2644 3890 2997 3949 orthodoxos

458 3867 493 3932 ¹)
522 3863 604 3917 Cf.
634 3862 707 3914 W
726 3862 988 3917 ehofer
1028 3863 1089 3916 Ο.
1118 3863 1177 3917 Ρ.
1230 3863 1335 3917 Die
1376 3861 1658 3933 Apologie

381 3931 601 3988 Justins
627 3934 725 3987 des
752 3934 963 3989 Philos.
992 3953 1046 3988 u.
1076 3935 1132 3988 M
1180 3935 1239 3988 in
1266 3934 1657 3990 literar-histo-

382 4005 598 4061 rischer
621 4005 953 4076 Beziehung
979 4024 1109 4060 zum
1136 4007 1442 4060 erstenmal
1468 4009 1656 4059 unter-

382 4077 568 4140 sucht,
613 4076 824 4131 Romae
858 4079 1008 4140 1897,
1050 4096 1164 4146 quo
1206 4080 1268 4134 iu
1313 4096 1403 4148 op.
1448 4081 1655 4142 censet,
1793 4082 1827 4139 ¹)
1858 4076 1938 4133 Cf.
1979 4077 2370 4136 Draeseke.
2400 4077 2583 4146 quiin
2610 4077 2872 4131 Zeitschr.
2904 4077 2995 4129 fiir

380 4146 530 4200 hanc
549 4148 874 4218 apologiam
891 4148 1164 4204 orationis
1183 4150 1388 4203 habere
1415 4150 1656 4203 formam
1711 4148 2149 4219 Kirchengesch.
2173 4157 2309 4205 1883
2325 4149 2372 4201 V
2379 4151 2418 4210 l,
2443 4157 2612 4204 1—45
2623 4148 2715 4201 die
2727 4149 2993 4217 doppelte

377 4218 451 4271 ad
501 4219 819 4274 rhetoricae
869 4222 1049 4274 artem
1099 4237 1418 4292 expressam
1483 4223 1656 4288 atque
1712 4221 1971 4290 Fassung
2010 4221 2110 4273 der
2148 4221 2764 4290 pseudojust’Effieztc
2819 4222 2876 4272 et
2933 4217 2992 4270 in

378 4290 718 4361 exemplaris
761 4292 941 4344 instar
986 4309 1120 4362 prae
1165 4292 1346 4347 oculis
1388 4292 1655 4346 habuisse
1714 4293 1978 4362 pluribus
2006 4291 2134 4347 aliis
2164 4291 2295 4345 diss,
2327 4309 2450 4344 eam
2470 4292 2638 4360 juxta
2679 4289 2991 4342 breviorem

377 4363 666 4417 auctorem
728 4362 981 4418 Platonis
1042 4364 1383 4434 apologiim.
1448 4362 1657 4418 Contra
1712 4379 2097 4419 recensionem
2123 4362 2479 4432 Apollinaris
2507 4361 2727 4416 tribuit.
2778 4360 2987 4413 Verum

379 4432 528 4489 hanc
577 4437 769 4487 himen
824 4433 1155 4505 opinionem
1208 4435 1437 4505 scripsit
1484 4435 1655 4488 Rau·
1713 4435 1922 4489 Funk
1969 4434 2410 4503 Kirchengesch.
2457 4432 2603 4486 Abh.
2649 4432 2701 4484 ΙΙ
2745 4430 2877 4485 diss.
2929 4440 2992 4487 14

379 4505 602 4559 schen
648 4506 819 4561 theol.
872 4506 1112 4571 Qtlschr.
1166 4506 1466 4576 Tubingen
1521 4513 1657 4562 1899
1710 4527 1767 4577 p.
1811 4513 2086 4562 253-291
2142 4504 2392 4559 ostendit
2441 4503 2823 4556 recensionem
2873 4504 2991 4557 lon·

376 4575 618 4640 LXXXI,
652 4584 948 4635 188-206.
1712 4579 1930 4648 giorem
1982 4593 2098 4630 esse
2143 4575 2482 4644 originalem
2533 4577 2706 4642 atque
2757 4590 2862 4627 sec.
2915 4573 2989 4634 V;

451 4650 492 4718 ἱ)
520 4647 1297 4718 Jungmann-Fessler
1347 4659 1373 4716 ξ
1420 4659 1504 4713 51,
1556 4648 1659 4717 qui
1713 4650 1953 4704 alteram
2005 4665 2101 4701 seu
2155 4646 2470 4701 breviorem
2522 4663 2639 4699 esse
2685 4644 2989 4715 epitomen,

379 4718 512 4772 dein
559 4719 845 4774 fusiorem
886 4721 1118 4776 exhibet
1154 4721 1482 4792 argumenti
1532 4739 1658 4788 syn·
1713 4722 2057 4791 argumenta
2101 4722 2294 4773 autem
2321 4736 2352 4771 a
2383 4718 2663 4772 Draeseke
2692 4733 2792 4787 pro
2821 4716 2988 4786 Apol-

379 4790 574 4859 opsim.
1714 4790 1887 4846 linari
1913 4791 2089 4844 allata
2118 4789 2324 4843 thesim
2364 4807 2527 4844 suam
2572 4808 2686 4845 non
2713 4787 2990 4843 evincere.
