3505 5161
385 174 519 242 '549
826 167 1093 235 Finnian‚
1119 168 1481 235 Aurelianus,
1506 168 1937 241 Simplicianus‚
1965 168 2277 236 Ferreolus,
2303 170 2579 224 Leander.
2887 191 2918 245 5
2933 190 3011 244 50

396 357 536 428 silii,
586 358 649 415 in
682 356 897 416 titulos
934 367 1013 420 50
1048 356 1452 428 distributam,
1496 374 1677 432 quam
1731 354 1872 417 dein
1893 354 2373 433 archiepiscopus
2389 360 2435 432 1)
2454 357 2753 419 Meneviae
2783 358 2848 419 in
2877 378 3012 435 pro·

395 445 701 522 inscripsit
770 451 1074 523 syntaqma
1135 464 1455 520 canonum,
1518 445 1677 520 quod
1729 445 1923 508 vincia
1953 444 2165 515 Wales,
2214 445 2324 521 qui
2368 447 2531 505 ultra
2559 449 2800 507 centum
2829 464 3015 510 anno-

395 534 717 595 ediderunt
748 534 1070 594 Voellus
1112 537 1174 594 et
1204 535 1276 598 H.
1308 535 1678 594 Justellus
1730 553 1866 595 rum
1897 553 2075 597 senex
2107 534 2359 595 decessit
2389 555 2440 594 a.
2478 544 2620 607 544,
2660 536 2838 612 juxta
2868 538 3015 597 alios

396 625 459 683 in
491 624 637 683 bibl.
661 625 785 699 Jur.
818 642 943 684 can.
974 626 1110 695 vet,
1143 624 1416 685 Lutetiae
1447 624 1578 687 Par.
1599 623 1676 693 11,
1736 633 1863 688 554
1911 624 2007 685 vel
2054 632 2199 689 566.
2266 624 2544 700 synodus
2588 626 2917 687 breviensis
2963 646 3014 688 a.

396 722 767 778 499-602,
837 713 1075 789 Adjecit
1133 732 1205 774 ex
1249 712 1516 773 Novellis
1566 712 1679 772 im-
1737 722 1863 777 519
1898 716 2104 774 contra
2134 713 2483 791 Pelagianos
2516 713 2887 774 Britanniam
2922 716 3016 775 in-

396 803 723 880 perialibus
777 803 1036 878 cap-‘tuta
1086 812 1164 865 87
1227 801 1385 878 apud
1435 801 1574 860 Hei
1589 822 1679 862 m·
1732 803 2019 863 festantes
2050 812 2409 880 congregata
2445 803 2618 863 illum
2664 806 2870 863 contra
2915 822 3014 863 eos

396 891 584 951 bach
662 892 963 951 Anecdota
1036 890 1270 966 Lipsiae
1352 899 1540 956 1840.
1600 891 1677 963 ΙΙ,
1733 891 2051 969 ablegavit,
2098 894 2278 967 atque
2314 892 2441 967 ipse
2472 892 2598 951 suis
2629 893 3017 955 concionibus

400 989 784 1051 202—2343
854 980 1073 1040 Pitra
1126 980 1272 1043 Jur.·
1305 981 1442 1041 eccl.
1488 998 1678 1057 graec.
1732 980 2020 1041 miraculo
2067 979 2430 1040 confirmatis
2479 1000 2761 1058 magnum
2812 1001 3014 1042 eorum

397 1070 533 1130 hist.
580 1073 643 1129 et
685 1088 842 1129 mon.
880 1069 1094 1129 Romae
1133 1079 1318 1134 1868.
1350 1071 1426 1143 ΙΙ,
1460 1078 1678 1133 384-
1731 1088 2051 1131 numerum
2089 1070 2405 1130 convertit.
2469 1070 2624 1130 Hinc
2668 1070 2732 1129 in
2777 1072 3015 1130 merito·

398 1170 546 1223 405.
586 1159 670 1220 Ex
701 1159 981 1233 utrisque
999 1158 1281 1220 conflavit
1300 1161 1507 1235 postea
1536 1176 1678 1219 ano-
1731 1178 1866 1219 rum
1883 1158 2214 1235 praemium
2233 1160 2363 1235 ejus
2385 1159 2552 1219 sedes
2584 1159 2649 1218 in
2680 1160 3016 1236 provinciae

397 1267 616 1325 nymus
648 1247 906 1324 primum
930 1248 1389 1309 Nomocanonem
1421 1266 1528 1306 seu
1558 1247 1679 1309 col·
1732 1248 2110 1324 metropolim
2129 1246 2251 1307 fuit
2268 1251 2487 1309 evecta.
2533 1249 2693 1308 Num
2722 1248 2828 1309 illa
2858 1249 3017 1326 frag-

398 1337 715 1397 lectionem
765 1336 963 1414 legum
1025 1337 1559 1399 ecclesiasticarum
1620 1339 1681 1396 et
1732 1340 1934 1397 menta
1964 1354 2168 1397 revera
2212 1337 2336 1399 sint
2380 1337 2657 1415 genuina,
2705 1357 2825 1397 non
2871 1338 3015 1397 satis

394 1422 746 1507 civilium¹)‚
792 1445 971 1501 quem
1016 1425 1198 1487 habes
1246 1427 1403 1503 apud
1450 1424 1680 1485 Voel-
1733 1426 1941 1502 liquet.

399 1516 552 1575 lum
582 1518 644 1574 et
673 1514 1109 1576 Justellum
1138 1534 1233 1592 op.
1263 1516 1363 1577 cit.
1383 1535 1438 1591 p.
1463 1524 1674 1578 603—

403 1613 548 1668 660.
598 1637 688 1650 --
737 1604 965 1664 Habuit
1013 1623 1343 1665 sermonem
1398 1606 1467 1664 de
1514 1623 1560 1663 s.
1614 1624 1682 1663 ac
1829 1613 1972 1669 308.
2006 1603 2256 1681 chtdas
2299 1604 2540 1664 vivendi
2577 1622 2683 1680 pro
2715 1605 3016 1665 monachis

392 1694 874 1753 consubstantiali
898 1694 1183 1755 Trinitaoe
1216 1694 1394 1772 (teste
1424 1693 1680 1753 Photio
1734 1693 1832 1753 vel
1875 1693 2237 1753 monialibus
2283 1692 2667 1771 collegerunt,
2719 1712 3016 1754 commen-

395 1783 523 1846 cod.
549 1782 672 1859 75),
707 1801 826 1857 quo
844 1801 1130 1845 caremus.
1168 1782 1344 1843 Hunc
1362 1783 1681 1859 impugna·
1734 1781 1957 1843 darunt
2013 1782 2112 1843 vel
2159 1782 2605 1844 constituerunt
2652 1783 3016 1842 Aurelia-

400 1872 488 1930 vit
532 1871 1055 1947 Philoponus‚
1108 1872 1210 1933 sed
1260 1872 1433 1932 modo
1477 1872 1679 1947 impio,
1735 1867 1953 1953 nnsss)
2000 1872 2348 1932 arelatensis
2395 1867 2457 1949 (†
2512 1883 2606 1933 16.
2649 1871 2796 1936 Jun.
2844 1870 3016 1954 551),

400 1960 1682 2037 putidoetimbecillo‚judiceeodemeotio.
1734 1979 1883 2036 quas
1915 1960 1988 2020 cf.
2018 1961 2083 2019 in
2114 1961 2367 2037 Migne
2398 1961 2461 2023 P.
2480 1960 2544 2022 L.
2564 1960 2822 2031 LXVIII,
2859 1970 3016 2025 385·

489 2050 613 2109 Sub
662 2050 978 2109 Finiani
1010 2049 1312 2129 (Finnian‚
1358 2046 1681 2130 Vinniaus)
1738 2059 2004 2114 408.--
2050 2049 2617 2125 simplicianus
2665 2049 2728 2112 Ο.
2776 2049 2833 2114 S.
2874 2051 3019 2112 Ben.

397 2136 717 2217 nomine²)‚
765 2139 871 2214 qui
915 2139 1232 2215 episcopus
1268 2140 1389 2199 fuit
1431 2140 1496 2199 in
1539 2139 1681 2199 civi-
1736 2139 2067 2215 discipulus
2100 2157 2147 2197 s.
2180 2138 2508 2209 Benedicti,
2542 2138 2726 2198 abbas
2759 2137 3017 2199 illustris

396 2230 524 2286 tate
544 2227 857 2305 Maghbile‚
888 2228 1131 2291 natione
1162 2229 1414 2291 Hiberni
1446 2226 1506 2305 (†
1529 2227 1681 2304 589)
1735 2228 1981 2308 (tertius
2026 2228 2101 2289 ab
2146 2248 2197 2286 a.
2234 2228 2609 2306 560-576)
2641 2228 3015 2289 cassinensis.

398 2320 595 2377 exstat
650 2316 1072 2395 Poenitentiale,
1135 2317 1295 2394 quod
1354 2320 1556 2378 tamen
1614 2335 1683 2376 ea
1738 2349 1825 2361 -—
1857 2317 1912 2380 S.
1945 2317 2365 2376 Ferreolus
2396 2317 2709 2394 episcopus
2742 2317 3016 2377 ucetinus

401 2405 603 2477 forma,
655 2423 776 2481 qua
824 2424 985 2465 nunc
1034 2406 1099 2467 in
1146 2406 1314 2469 codd.
1364 2408 1679 2482 comparet,
1733 2399 1906 2490 (Uzes
1942 2401 1978 2470 †
2019 2402 2192 2486 581),
2242 2424 2489 2483 magnae
2537 2406 2632 2464 vir
2662 2406 3014 2477 sanctitatis,

396 2495 590 2554 seculi
623 2493 860 2555 videtur
905 2513 1038 2555 esse
1070 2494 1222 2556 VIII.
1290 2495 1484 2556 Habes
1528 2495 1681 2555 illud
1735 2512 1989 2572 magnus
2040 2495 2334 2570 sapientia
2380 2497 2443 2554 et
2491 2495 2805 2555 intellectu
2845 2495 3019 2570 juxta

402 2585 464 2643 in
503 2585 588 2644 Sc
605 2585 798 2644 hmit
817 2605 846 2643 z
891 2585 986 2643 die
1018 2585 1400 2646 Bussbficber
1429 2586 1554 2646 und
1587 2584 1682 2644 die
1737 2585 2087 2661 Gregorium
2111 2588 2496 2646 turonensem
2530 2585 2666 2644 hist.
2687 2584 2785 2654 VI,
2826 2595 2878 2655 7,
2914 2585 3020 2661 qui

398 2673 844 2749 Bussdisciplin
873 2674 980 2733 der
1010 2674 1242 2747 Kirche,
1281 2674 1472 2735 Mainz
1510 2683 1675 2738 1883
1736 2674 1917 2733 libros
1936 2673 2169 2749 aliquos
2198 2675 2576 2748 epistolarum
2609 2669 2787 2755 (quae
2815 2675 3017 2734 tamen

399 2763 445 2832 Ι,
483 2771 852 2826 502-510.
884 2762 1220 2824 ——Jbidem
1251 2783 1308 2839 p.
1331 2772 1679 2829 492-494
1735 2763 2001 2822 nondum
2034 2767 2177 2824 sunt
2195 2759 2485 2843 repertae)
2519 2763 2692 2839 quasi
2712 2762 3017 2821 Sidonium

402 2851 660 2926 reperies
692 2851 1024 2928 fragmenta
1053 2852 1361 2928 cujusdam
1400 2853 1440 2911 l.
1482 2855 1680 2927 pomi-
1735 2854 1976 2912 secutus
1998 2848 2393 2933 composuit3)
2413 2853 2594 2926 atque
2621 2853 2878 2929 reyulam
2910 2870 3016 2926 pro

396 2942 650 2998 ‹mialis
681 2940 793 2999 sub
824 2940 1062 3001 nomine
1090 2940 1412 3002 Davidis
1442 2945 1503 3002 et
1534 2940 1680 3000 dua·
1734 2940 2093 3000 monast-erio
2123 2959 2158 3000 a
2188 2960 2249 3001 se
2277 2940 2516 3001 condito
2536 2939 2798 3017 (Migne
2815 2940 3015 3011 LXVI,

398 3048 535 3087 rum
556 3029 916 3106 synodorum
938 3029 1280 3092 Britanniae
1298 3026 1508 3110 (etiam
1522 3027 1681 3105 apud
1739 3028 2131 3106 959—976).
2164 3064 2248 3073 --
2287 3028 2629 3088 Leander
2672 3028 2845 3088 domo
2891 3048 3017 3088 car-

400 3117 1092 3178 Wasserschleben
1124 3119 1232 3178 Die
1263 3119 1679 3178 Bussordnun·
1734 3118 2126 3195 maginensis,
2154 3121 2333 3195 gente
2367 3117 2679 3192 Hispanus,
2718 3121 2853 3193 post
2883 3118 3018 3177 diu-

398 3225 517 3283 gen
548 3207 656 3264 der
686 3206 919 3266 abendl.
952 3207 1164 3270 Kirche
1193 3227 1250 3284 p.
1293 3204 1680 3288 101—109).
1734 3210 1977 3267 turnam
2009 3206 2165 3267 vitae
2204 3206 2563 3266 monasticae
2594 3207 3017 3282 professionem

400 3295 581 3354 Porro
614 3314 658 3358 s,
682 3295 866 3355 David
902 3296 1022 3356 fuit
1040 3297 1461 3358 celeberrimus
1481 3296 1679 3366 abbas,
1736 3296 2092 3372 hispalensis
2158 3295 2630 3372 archiepiscopus
2707 3292 2781 3378 (a.
2849 3295 3017 3373 584).

1741 3425 1769 3454 ,
1785 3385 1891 3445 Vir
1910 3387 2052 3456 erat,
2074 3388 2226 3446 teste
2246 3404 2291 3450 s,
2324 3386 2350 3442 Ι
2368 3403 2395 3443 s
2414 3385 2433 3442 i
2449 3385 2486 3442 d
2503 3403 2537 3443 o
2553 3404 2583 3443 r
2597 3403 2633 3443 o
2664 3384 2816 3459 hisp.
2837 3385 3018 3443 fratre

481 3517 626 3589 >Cf
678 3519 1231 3575 Bardenhewer
1282 3530 1308 3587 5
1365 3526 1463 3576 106
1527 3538 1580 3574 n.
1633 3528 1681 3577 2
1735 3492 1844 3533 suo
1889 3473 1965 3532 de
2011 3474 2118 3533 vir.
2164 3475 2250 3534 ill.
2281 3493 2329 3534 c.
2366 3484 2465 3544 41,
2515 3474 2717 3534 suavis
2762 3474 3017 3550 eloquio,

402 3587 513 3641 KL
560 3591 628 3653 Π
677 3597 831 3648 1849·
882 3624 943 3632 ,-
995 3592 1157 3646 Alius
1208 3592 1537 3647 Joannes
1587 3608 1683 3662 pa
1737 3562 1978 3639 ingenio
2012 3563 2580 3662 praestantissimus3
2625 3562 2749 3663 vita
2781 3582 3019 3639 quoque

392 3659 536 3715 riter
577 3663 961 3717 scholasticus
1000 3663 1205 3726 dictus,
1246 3664 1315 3717 de
1359 3663 1770 3745 Epiphaniae
1737 3652 1917 3711 etiam
1950 3655 2127 3728 atque
2148 3652 2419 3712 doctrina
2436 3652 2824 3722 clarissimus,
2857 3657 2928 3711 ut
2958 3655 3020 3712 et

398 3731 707 3801 ’Eunomo-25<
750 3737 944 3789 nosstro
970 3735 1086 3788 fere
1126 3734 1403 3804 aequalis
1443 3734 1684 3805 patriar·
1735 3741 1849 3799 fide
1881 3741 2013 3816 ejus
2043 3744 2221 3816 atque
2251 3740 2552 3800 industria
2580 3742 2788 3817 populi
2820 3742 3018 3819 gentis

401 3803 538 3856 chae
550 3803 896 3858 antiocheno
909 3823 942 3858 a
954 3805 1200 3870 secretiS‚
1211 3807 1454 3860 exeunte
1468 3822 1575 3861 sec.
1590 3807 1683 3860 VI.

401 3874 629 3945 scripsit
644 3879 858 3931 Hister·
837 3896 944 3931 eam
961 3881 1080 3932 bella·
1088 3882 1289 3947 per-soci
1304 3879 1444 3949 (572-
1453 3879 1682 3950 592193),

396 3946 565 4015 cujus
615 3949 804 4001 exstat
852 3950 1079 4002 tantum
1088 3899 1518 4019 prragmentum
1558 3966 1682 4020 pro-

1737 3829 2064 3889 Gothorum
2110 3829 2183 3889 ab
2229 3831 2432 3889 ariana
2474 3830 2708 3889 insania
2738 3830 2814 3889 ad
2843 3830 3016 3890 fidem

400 4016 581 4098 lixum
608 4019 764 4089 apud
791 4018 874 4072 D·
858 4038 878 4072 1
897 4039 935 4073 n
951 4020 988 4073 d
1005 4038 1036 4074 o
1054 4038 1082 4072 r
1098 4021 1126 4073 f
1159 4020 1306 4073 Hist.
1374 4036 1516 4074 raec.
1545 4021 1681 4073 min.
1817 4021 1853 4089 ¹)
1894 4020 2062 4072 Votum
2123 4017 2172 4086 ej
2181 4035 2247 4071 us
2309 4016 2491 4071 deseri
2535 4015 2610 4070 sit
2659 4015 2738 4067 R·
2722 4034 2743 4069 1
2760 4032 2789 4071 c
2805 4032 2834 4069 e
2850 4035 2904 4069 m
2922 4033 2956 4069 a
2971 4034 3020 4069 r·

403 4087 627 4157 Lipsiae
659 4092 795 4148 1870
822 4090 864 4154 Ι,
905 4096 1073 4148 371-
1084 4095 1207 4146 382.
1238 4125 1295 4133 —-
1358 4092 1412 4144 f.
1440 4091 1532 4145 Kr
1550 4110 1587 4145 u
1605 4110 1683 4144 m·
1736 4089 1914 4143 chus
1940 4088 2241 4158 episcopus
2267 4105 2309 4140 s.
2336 4087 2481 4141 Davi
2523 4087 2571 4139 is
2599 4105 2696 4140 seu
2723 4103 3021 4140 meneven-

403 4159 487 4212 ba
505 4176 532 4212 c
550 4160 588 4212 h
610 4177 683 4214 er
710 4181 765 4232 p.
793 4168 898 4218 644
923 4180 967 4216 s.
994 4162 1079 4219 cd.
1110 4168 1160 4217 2.
1737 4159 1816 4213 sis
1844 4164 1891 4232 (†
1921 4164 2095 4228 1096),
2123 4175 2190 4212 ex
2219 4175 2332 4227 qua
2359 4157 2461 4211 alii
2489 4158 2794 4227 biographi
2820 4158 3020 4211 hause-

475 4237 514 4294 2)
542 4231 709 4286 Alius
736 4237 821 4286 est
843 4251 877 4286 a.
904 4251 946 4288 s.
981 4233 1055 4286 F
1039 4251 1060 4287 ι
1081 4251 1117 4284 n
1134 4232 1311 4287 nian
1337 4234 1543 4288 abbate
1570 4250 1682 4286 mo-
1737 4234 1890 4284 runt.
1967 4229 2185 4312 Injuria.
2234 4232 2426 4283 tamen
2490 4228 2764 4311 temporis
2810 4227 3019 4310 perisse

402 4303 640 4358 nasterii
657 4303 905 4358 Clonnrd
921 4304 1167 4376 (Cluain-
1172 4304 1370 4375 Iraird)
1378 4304 1559 4372 ,quod
1577 4306 1684 4359 sub
1738 4302 1998 4367 videtur,
2075 4301 2120 4354 si
2184 4301 2570 4370 fragmentum
2645 4300 2896 4370 excipias
2958 4317 3019 4352 m

323 4425 330 4432 .
400 4372 527 4455 ipso
572 4374 1003 4430 celeberrimum
1047 4378 1172 4430 erat
1211 4391 1246 4428 a
1296 4309 1592 4500 88Β1811118
1625 4378 1685 4428 et
1736 4375 1811 4426 W
1829 4375 1910 4427 ha
1928 4378 1997 4428 rt
2017 4392 2049 4428 o
2066 4392 2102 4427 n
2150 4374 2239 4426 An
2243 4372 2362 4442 glis.
2406 4388 2567 4426 sacra
2612 4369 2676 4432 11,
2718 4373 3020 4427 645-647,

401 4444 634 4507 virtute,
660 4446 853 4515 etipse
871 4445 1061 4501 dictus
1090 4446 1330 4506 „Doctor
1410 4447 1682 4510 iberniae
1738 4445 1896 4502 Alias
1923 4446 2073 4501 vitas
2099 4446 2170 4500 cf.
2197 4445 2350 4516 apud
2380 4443 2422 4496 P
2441 4443 2696 4496 otthas
2715 4444 2740 4494 t
2807 4448 3018 4498 .·.1);64

402 4516 570 4571 lictor
596 4515 933 4583 infidelium,
962 4519 1263 4574 thesaurus
1290 4517 1679 4573 Clonardiae.“
1737 4517 1793 4569 M
1813 4534 1845 4570 o
1863 4520 2123 4572 ntalem
2138 4517 2287 4570 bert
2311 4515 2413 4569 Les
2443 4513 2659 4567 Moines
2685 4513 2739 4565 d'
2793 4511 3020 4568 ccident

405 4586 563 4642 Unde
590 4588 881 4643 innumeri
923 4591 1294 4645 accurrerunt
1336 4588 1475 4645 illuc
1519 4589 1682 4643 disci·
1738 4589 1835 4651 III,
1863 4597 1995 4645 48-
2007 4598 2091 4646 54.

441 4658 541 4718 uli.
569 4659 722 4714 inter
760 4677 902 4729 quos
942 4679 983 4716 s.
1011 4662 1412 4717 columbanus.
1464 4659 1682 4715 Obiisse
1810 4665 1853 4730 2)
1882 4660 2030 4714 Hist.
2055 4660 2145 4714 lit.
2171 4658 2239 4710 de
2261 4659 2317 4711 la
2345 4657 2433 4710 Fr.
2463 4656 2560 4720 111,
2586 4661 2885 4711 252---5‘562

400 4677 617 4800 Fegitur
642 4748 693 4784 8.
724 4739 843 4788 548.
1809 4737 1852 4796 3)
1880 4733 1963 4785 Cf.
1991 4730 2135 4784 Hist.
2163 4729 2248 4782 lit.
2281 4730 2372 4791 111,
2400 4732 2662 4784 324—28.

2593 4817 2697 4872 18·
