3505 5161
1537 1530 1741 1630 XV.

722 1710 1283 1848 Scriptores
1336 1709 1987 1824 ecclesiastici
2038 1712 2354 1823 seculi
2403 1713 2566 1823 IX.

1027 1907 1252 2005 Pars
1298 1908 1593 2006 altera
1635 1913 2219 2027 (851—900).

1566 2157 1779 2165 ‚m

415 2312 564 2364 421.
615 2304 782 2361 Inter
841 2323 880 2379 p
897 2322 988 2362 on
1005 2303 1112 2362 tif
1120 2304 1139 2361 i
1156 2321 1233 2362 ce
1251 2322 1279 2363 s
1331 2322 1608 2363 romanos
1757 2314 1904 2368 422.
1934 2305 2101 2365 Inter
2117 2324 2320 2365 omnes
2340 2325 2479 2365 vero
2499 2307 2745 2366 emicuit
2764 2325 2809 2366 s.
2832 2307 2884 2365 N
2900 2307 2952 2366 i-

324 2391 506 2468 hujus
583 2392 813 2468 periodi
882 2393 1167 2451 inclaruit
1226 2411 1273 2455 s.
1334 2394 1448 2453 Leo
1510 2393 1609 2452 IV.
1664 2395 1930 2454 colaus
1978 2394 2040 2466 I.‚
2088 2395 2152 2453 in
2198 2414 2316 2470 quo
2361 2396 2565 2473 magni
2612 2397 2959 2455 revixerunt

319 2481 397 2540 ab
444 2500 493 2543 a.
544 2489 916 2552 847—855,
964 2482 1071 2558 qui
1120 2481 1353 2558 aliquot
1401 2480 1612 2541 habuit
1663 2483 1973 2559 pontifices
2005 2502 2118 2547 sec.
2150 2484 2229 2543 IV
2264 2487 2325 2543 et
2355 2484 2421 2545 V.
2452 2485 2653 2543 Patria
2682 2489 2810 2544 erat
2840 2486 2954 2543 Ro-

321 2571 538 2630 Romae
584 2571 859 2647 synodos,
902 2572 1078 2647 plura
1123 2572 1440 2631 salubriter
1470 2590 1610 2631 con-
1664 2593 1895 2644 manua,
1947 2573 2234 2633 diaconus
2279 2573 2393 2634 sub
2425 2573 2618 2633 Leone
2649 2574 2747 2634 IV.
2779 2577 2957 2650 atque

320 2660 526 2720 stituit
541 2655 605 2741 ¹),
620 2660 923 2719 civitatem
938 2661 1424 2737 Leoninamapud
1437 2662 1609 2720 aedes
1664 2663 1809 2721 adeo
1855 2680 2027 2722 carus
2060 2663 2381 2722 Benedicto
2414 2663 2538 2733 111..
2585 2667 2656 2721 ut
2700 2683 2852 2739 pene
2882 2663 2956 2721 ad

323 2769 368 2811 s.
400 2750 563 2808 Petri
588 2749 856 2809 condidit
873 2769 1162 2826 muroque
1181 2750 1384 2822 cinxit,
1417 2751 1610 2827 ipsius
1664 2751 1970 2828 regiminis
2000 2752 2365 2810 consortium
2397 2752 2692 2810 adlectum
2722 2773 2755 2809 a
2773 2752 2958 2810 latere

322 2840 488 2899 urbis
518 2839 753 2898 moenia
778 2841 1077 2898 vetustate
1096 2840 1355 2915 collapsa
1383 2842 1609 2898 restau-
1666 2858 1775 2898 suo
1809 2840 2013 2898 divelli
2031 2859 2152 2899 non
2170 2833 2505 2916 pateretur:
2541 2859 2658 2915 quo
2679 2841 2958 2898 defuncto

320 2928 481 2988 ravit
509 2932 572 2987 et
602 2934 802 2987 turres
821 2928 1161 3002 quindecim
1194 2948 1228 2986 a
1259 2928 1608 2987 fundamen·
1669 2927 1754 3008 (7.
1787 2930 1928 3004 Apr.
1953 2924 2108 3012 858)
2138 2930 2405 2988 unanimi
2426 2947 2720 2987 consensu
2739 2929 2800 2986 in
2821 2947 2955 2988 suc·

318 3018 401 3077 tis
448 3018 722 3079 exstruit.
783 3017 1095 3076 Tribuitur
1141 3017 1258 3093 ipsi
1318 3020 1380 3076 et
1418 3035 1611 3076 sermo
1666 3036 1961 3077 cessorem
2023 3021 2117 3076 est
2175 3018 2418 3080 electus.
2478 3015 2848 3077 Tristissima
2896 3019 2959 3077 in

318 3108 392 3167 de
421 3126 565 3165 cura
586 3108 898 3182 pastorali,
932 3107 1037 3182 qui
1054 3111 1257 3165 tamen
1277 3107 1609 3165 seculorum
1666 3110 1935 3183 tempora
1979 3106 2194 3165 incidit
2237 3108 2365 3183 ejus
2409 3107 2806 3183 pontificatue,
2854 3126 2959 3166 ne-

324 3214 608 3270 processu
639 3199 733 3255 tot
751 3213 965 3271 passus
997 3200 1091 3254 est
1121 3195 1612 3271 interpolationes
1667 3197 1836 3272 gotia
1867 3195 2186 3254 admodum
2236 3196 2439 3273 gravia
2468 3199 2530 3254 et
2559 3195 2814 3270 implexa
2848 3196 2956 3255 Oc-

319 3287 385 3343 et
403 3284 788 3356 mutationeS,
821 3288 894 3343 ut
910 3286 1007 3344 vix
1026 3285 1348 3344 retinuerit
1364 3285 1612 3343 formam
1665 3285 1919 3344 cidentis
1965 3285 2347 3361 Orientisque
2395 3287 2763 3359 occuparunt
2806 3286 2961 3343 tanti

322 3373 691 3451 originalem.
750 3373 898 3449 Ejus
943 3374 1103 3433 enim
1148 3374 1322 3433 lectio
1368 3373 1611 3451 synodis
1668 3374 1958 3448 praesulis
1975 3375 2257 3444 animum,
2277 3373 2695 3451 usurpationes
2714 3377 2775 3431 et
2793 3392 2959 3432 scan-

321 3461 626 3539 praemitti
655 3462 898 3532 solebat,
945 3464 1041 3521 cui
1070 3463 1321 3539 proinde
1353 3463 1633 3539 episcopi·
1668 3463 1803 3521 dala
1833 3463 2120 3540 sacrilega
2148 3464 2474 3522 turbarunt
2517 3463 2646 3539 ejus
2678 3463 2958 3538 quietem.

321 3552 429 3611 illa
450 3551 801 3628 judicarunt
831 3551 1177 3628 adJicienda,
1230 3571 1383 3627 quae
1414 3554 1614 3611 essent
1669 3551 1801 3610 Huc
1833 3555 2105 3628 spectant
2133 3553 2506 3611 contumacia
2535 3552 2575 3610 J
2579 3553 2789 3611 oannis
2835 3552 2959 3628 epi-

322 3642 452 3700 loco
470 3645 531 3700 et
544 3640 798 3716 tempori
815 3644 1162 3717 opportuna.
1185 3639 1613 3710 QuareManei
1670 3642 1831 3717 scopi
1875 3643 2235 3712 ravennatis,
2284 3641 2616 3717 principum
2667 3641 2962 3700 adulteria

323 3730 387 3789 in
421 3731 614 3806 suppl.
663 3748 818 3789 conc.
851 3731 894 3788 I.
927 3750 983 3806 p.
1017 3740 1144 3792 909
1192 3730 1493 3806 triplicem
1537 3730 1613 3787 il·
1668 3730 1942 3806 aliaeque
1989 3748 2197 3789 causae
2240 3730 2724 3799 matrimoniale&
2772 3730 2957 3806 perti-

325 3819 444 3877 lius
492 3819 730 3878 exhibet
781 3819 1109 3888 lectionem,
1187 3823 1258 3877 ut
1306 3838 1377 3877 ex
1426 3819 1613 3876 trium
1668 3819 1838 3878 nacia
1880 3818 2451 3896 archiepiscoporum
2501 3819 2856 3878 coloniensis
2902 3822 2963 3877 et

318 3908 640 3968 collatione
701 3908 908 3982 conjici
968 3908 1121 3966 forte
1181 3910 1386 3983 possit,
1463 3927 1615 3984 quae
1666 3908 2277 3976 trevirensis,necnon
2292 3907 2962 3967 etHincmariremensis

318 3997 602 4074 genuina,
651 4015 803 4071 quae
849 3996 1231 4072 superaddita
1262 3999 1414 4067 sint;
1475 3997 1614 4055 inde
1668 3998 1963 4072 oppositio
2014 3997 2142 4075 (qui
2205 3997 2445 4055 demum
2492 4000 2692 4055 tamen
2732 3997 2960 4073 judicio

323 4080 576 4162 Migne
610 4085 772 4156 CXV,
810 4094 1187 4156 675—6843
1229 4087 1445 4145 melius
1478 4105 1612 4144 eum
1669 4085 1968 4161 acquievit
2000 4086 2155 4144 sedis
2188 4081 2590 4166 apostolicae),
2612 4085 2961 4161 praeprimis

324 4174 513 4234 edidit
546 4173 907 4234 Wattenb
927 4175 1062 4234 ach
1092 4175 1157 4232 in
1188 4175 1258 4238 N.
1280 4175 1499 4235 Archiv
1520 4175 1617 4234 fiir
1640 4187 1645 4294 1
1669 4193 1810 4234 vero
1862 4175 2102 4234 exitiale
2148 4174 2411 4233 Orientis
2479 4175 2750 4242 schisma,
2804 4174 2959 4250 quod

319 4264 508 4322 altere
540 4263 594 4321 d.
628 4264 828 4323 Gesch.
850 4263 948 4335 Vl,
989 4272 1130 4326 192.
1161 4263 1232 4322 In
1264 4265 1390 4323 suis
1422 4264 1614 4323 literis
1638 4309 1644 4348 ι
1671 4264 2001 4323 Photius
2050 4263 2332 4331 initiavit,
2381 4261 2813 4321 consummavit
2860 4262 2960 4320 fir-

323 4350 486 4410 haud
516 4351 768 4411 obscura
800 4352 1092 4429 primatus
1112 4353 1291 4412 etiam
1322 4354 1386 4412 in
1407 4353 1613 4412 Orien·
1640 4355 1644 4414 ἰ
1671 4353 1979 4426 mavitque
2010 4354 2072 4412 in
2105 4353 2302 4412 secula
2333 4351 2657 4410 Michael
2690 4351 2960 4410 Caerula-

320 4444 444 4500 tem
474 4440 727 4518 vestigia
757 4443 1111 4518 comparent.
1639 4423 1816 4505 hius.
1849 4442 2105 4501 Evectus
2136 4442 2334 4501 fuerat
2373 4441 2446 4499 ad
2479 4442 2678 4500 sedem
2710 4440 2960 4515 patriar-

1668 4530 1892 4590 chalem
1944 4532 2049 4590 CP.
2111 4530 2384 4608 Ignatius
2445 4529 2605 4588 filius
2654 4529 2961 4589 Michaelis

404 4669 441 4736 ¹)
470 4665 553 4718 Cf·
582 4665 652 4718 de
680 4665 939 4735 epistolis
966 4664 1021 4717 M
1042 4665 1217 4735 igne
1246 4665 1389 4719 CXV
1438 4671 1609 4722 655-
1668 4621 2006 4722 Rhangabe,
2038 4620 2340 4721 cuondam
2372 4619 2767 4695 imperatoris,
2789 4624 2964 4678 antea

320 4743 447 4792 683.
498 4735 705 4789 Jafffl
732 4736 775 4801 1⁹
803 4741 1116 4796 329-3393
1161 4707 1918 4801 KL.V11',1781-4N1k0¹³⁸⁸
1995 4709 2211 4778 dictus,
2274 4708 2595 4766 monachus
2658 4712 2720 4766 et
2779 4708 2962 4767 abbas

331 4808 484 4861 1785.
1638 4829 1642 4864 ι
1672 4809 1726 4860 4.
1761 4799 1802 4857 J
1805 4799 1885 4857 ul.
1920 4801 2087 4874 846).
2121 4799 2264 4857 Cum
2296 4816 2435 4857 vero
2464 4797 2961 4873 reprehendisset,

2544 4898 2638 4952 25·
