3505 5161
496 234 616 289 527
1018 221 1314 272 551-600.
1343 214 1750 270 Cassiodorius.
1780 216 2125 284 Interpretes
2152 233 2193 267 s.
2220 215 2569 287 scripturae.
2980 235 3100 288 523

491 403 900 463 Sozomeno
964 406 1027 462 et
1088 402 1577 462 Theodoreto
1637 403 1769 479 ipso
1824 401 2047 463 bantur
2113 409 2256 474 etc,
2334 408 2466 481 post
2544 403 2634 463 ed.
2702 402 3107 477 imperfectam

482 492 733 569 jubente
763 510 868 569 per
897 491 1420 568 Epiphaniam
1451 492 1768 553 Scholasti—
1824 491 1915 553 J0.
1963 492 2195 551 Caret
2236 492 2548 568 Rotomagi
2592 501 2790 562 1671;
2838 493 3105 552 Venetiis

489 599 624 640 cum
672 582 927 641 amicum
987 600 1160 640 suum
1210 581 1396 640 latine
1444 580 1633 640 versis
1682 581 1772 639 ita
1838 590 2029 649 17293
2082 581 2335 659 Migne
2365 581 2561 651 LXIX,
2616 591 2996 651 501—-8803
3043 583 3106 641 in

490 670 845 746 compilavit,
905 674 976 729 ut
1023 670 1191 730 nulla
1238 670 1566 729 mutatione
1617 669 1771 729 facta
1824 670 1980 728 Mon.
2031 670 2221 731 Germ.
2275 671 2409 733 hist.
2463 674 2617 730 auct.
2668 675 2790 730 ant.
2842 671 3105 730 Berolini

489 760 826 822 continuam
877 759 1234 820 narrationis
1287 760 1496 818 seriem
1551 779 1620 819 ex
1670 778 1768 818 eo·
1832 769 1997 822 1894
2022 762 2063 816 t.
2084 759 2192 818 XII
2222 759 2539 818 sedulitate
2561 759 2855 835 stupenda
2884 764 2946 818 et
2976 761 3104 820 lau·

489 849 740 908 rundem
787 848 982 907 verbis
1029 848 1304 907 connexis
1350 848 1411 907 ll.
1465 857 1560 912 12.
1606 849 1768 907 exhi·
1824 847 2191 906 dabilissima
2223 849 2592 909 accuratione
2622 868 2658 907 a
2685 849 2788 911 Th.
2822 850 3107 908 Momm-

490 938 685 1003 beret:
722 937 1153 1012 quae‘historia
1182 937 1385 996 minus
1405 943 1675 996 accurate
1708 942 1770 996 et
1825 955 1961 997 sen
2009 936 2176 997 editi.
2223 938 2528 996 Accedunt
2576 938 2879 1013 Epistolae
2923 938 3108 998 Theo-

490 1030 582 1087 sat
625 1028 974 1087 festinanter
1022 1027 1340 1101 compilata
1384 1026 1578 1086 medio
1625 1045 1769 1086 aevo
1825 1025 2155 1085 doricianae
2187 1027 2414 1097 variae3
2447 1030 2575 1086 acta
2606 1028 2975 1103 synodorum
3006 1027 3110 1086 ha-

490 1135 703 1193 magno
763 1117 906 1176 usui
966 1115 1099 1177 suit.
1164 1115 1394 1174 Prodiit
1443 1116 1642 1175 eadem
1708 1118 1770 1174 et
1826 1115 2084 1174 bitarum
2130 1115 2344 1174 Romae
2392 1125 2537 1178 499.
2582 1126 2726 1179 501.
2763 1125 2923 1187 502;
2973 1117 3107 1175 Cas-

489 1205 751 1274 seorsim,
786 1206 856 1263 ut
884 1206 1190 1280 Augustae
1225 1204 1288 1265 V.
1329 1214 1515 1276 1472,
1548 1207 1609 1263 et
1641 1224 1767 1264 sae·
1826 1203 2067 1263 sicdorii
2130 1206 2460 1264 orationum
2533 1204 2823 1280 reliquiae
2885 1205 2977 1266 ed.
3042 1206 3104 1264 L.

490 1293 730 1370 pissime
767 1294 910 1351 alibi
958 1299 1019 1352 et
1063 1293 1222 1353 inter
1253 1293 1581 1353 Cassiodori
1613 1312 1767 1370 opp.,
1827 1293 2120 1352 Traube.
2189 1293 2381 1368 Opera
2412 1294 2529 1353 alia
2557 1293 2750 1369 ipsius
2783 1293 3109 1369 perierunt,

489 1382 1057 1459 itaMigneLXIX,
1083 1383 1616 1452 879—1213,vel
1634 1402 1767 1441 cum
1825 1386 1896 1440 ut
1941 1384 2222 1456 expositio
2266 1400 2357 1456 cp.
2403 1384 2481 1441 ad
2513 1384 2822 1458 Romanos,
2877 1383 2942 1442 in
2994 1403 3112 1459 qua

489 1470 732 1535 Eusebii
780 1471 851 1534 H.
902 1471 965 1529 E.
1040 1471 1204 1529 Idem
1251 1471 1348 1530 hic
1396 1471 1767 1549 Epiphanius
1824 1471 2278 1548 impugnaverat
2343 1471 2707 1548 Pelagianos,
2804 1472 3110 1531 Commen-

489 1560 852 1619 Cassiodorio
884 1562 1125 1620 auctore
1156 1561 1335 1621 vertit
1379 1561 1622 1619 codicem
1668 1581 1765 1620 cn·
1827 1561 2016 1620 tarius
2062 1564 2124 1619 in
2171 1560 2413 1619 Cantica
2445 1568 2595 1620 cant.
2632 1556 2910 1641 (Migne
2943 1560 3109 1631 LXX,

487 1650 758 1726 cyclicum
789 1649 1277 1725 complectentem
1308 1649 1592 1725 epistolas
1639 1650 1764 1726 epi·
1834 1647 2317 1728 1055—1106),
2370 1650 2474 1725 qui
2524 1650 2638 1708 sub
2684 1652 2813 1721 ejus
2858 1650 3106 1709 circum·

489 1757 800 1814 scoporum
846 1739 918 1797 ad
950 1737 1203 1797 Leonem
1233 1738 1372 1814 imp.
1423 1737 1495 1797 de
1539 1739 1766 1815 synodo
1824 1738 2125 1798 ferebatur
2155 1739 2395 1797 nomine
2428 1736 2733 1815 (Friburgi
2763 1734 2952 1819 1538)
2985 1757 3105 1797 non

490 1827 936 1886 chalcedonensi
984 1829 1045 1885 et
1088 1826 1161 1885 de
1207 1827 1514 1886 Timotheo
1553 1828 1770 1887 Aeluro
1825 1832 1918 1886 est
1955 1828 2286 1903 genuinus:
2334 1827 2489 1886 liber
2530 1829 2604 1887 de
2648 1829 2902 1891 amicitia
2947 1828 3095 1885 chri·

489 1916 924 1992 monophysita,
977 1934 1128 1990 quae
1175 1916 1443 1975 collectio
1474 1934 1564 1992 ep.
1597 1935 1764 1993 repe·

487 2006 645 2064 ritur
675 2007 738 2065 in
759 2005 890 2067 coll.
912 2023 1069 2064 conc.
1090 2009 1162 2063 ut
1192 2005 1341 2063 Har
1360 2006 1392 2063 d
1412 2007 1595 2065 ouin
1628 2010 1671 2064 t.
1692 2006 1767 2074 11,

492 2103 615 2158 489
653 2112 761 2162 sa.;
795 2093 1108 2153 Mansit.
1141 2093 1266 2164 VII,
1306 2104 1651 2158 524—622
1689 2113 1766 2153 ss.

489 2189 598 2245 etc.
677 2183 880 2241 Totius
931 2183 1092 2241 orbis
1144 2184 1543 2256 epistolarium
1593 2184 1766 2242 illum

489 2275 661 2331 vocat
712 2271 1116 2331 Cassiodorius
1172 2275 1381 2348 estque
1445 2291 1596 2348 opus
1646 2273 1768 2331 exi-

490 2361 674 2421 mium
688 2360 1118 2419 ecclesiasticae
1129 2361 1509 2437 antiquitatis
1527 2359 1590 2443 ¹).
1604 2362 1770 2420 Aliae

486 2468 722 2525 quoque
753 2450 1068 2521 versioneS,
1098 2452 1171 2508 ut
1201 2450 1610 2513 commentarii
1645 2452 1690 2509 D
1710 2451 1770 2507 i-

487 2538 689 2615 dymi
720 2539 864 2602 alex.
896 2541 958 2598 in
1005 2558 1089 2614 ep.
1134 2539 1459 2615 catholicae,
1506 2557 1551 2598 s.
1585 2539 1771 2615 Epi-

490 2629 682 2704 phan
705 2628 762 2686 ii
800 2631 862 2687 in
900 2628 1140 2687 Cantica
1170 2631 1530 2687 canticorum
1542 2651 1567 2704 ;
1611 2632 1769 2688 anti-

493 2720 776 2795 quitatum
789 2718 1163 2792 judaicarum
1181 2719 1219 2777 J
1223 2736 1303 2781 os.
1325 2719 1455 2775 Fla
1469 2738 1505 2775 v
1521 2718 1542 2775 i
1558 2718 1597 2786 i,
1621 2718 1770 2777 Oxo-

492 2807 621 2866 niae
661 2816 823 2868 1700
872 2807 937 2865 in
981 2808 1053 2865 cf.
1098 2807 1153 2865 ei
1189 2804 1605 2888 tribuuntur2)
1638 2811 1768 2874 etc..

492 2914 640 2972 quas
690 2895 1058 2955 Cassiodorio
1107 2897 1382 2955 hortante
1444 2895 1771 2954 adornavit.

493 3019 577 3027 —-
612 2986 876 3060 Denique
920 2985 1054 3045 aliis
1100 2985 1534 3060 praetermissis
1567 3004 1772 3060 super-

494 3080 636 3134 sunt
681 3073 998 3133 Variarum
1047 3069 1487 3154 (epistolarum)
1535 3074 1597 3136 ll.
1643 3073 1770 3143 XII,

494 3181 601 3223 seu
633 3163 901 3222 collectio
934 3163 1283 3232 edictorum,
1325 3162 1769 3237 rescriptorum,

492 3251 895 3327 epistolarum,
930 3252 1318 3310 formularum
1351 3256 1459 3313 etc.
1494 3249 1569 3326 (c.
1594 3249 1769 3333 400),

1824 1918 2021 1974 stiana
2070 1916 2185 1992 ipsi
2236 1917 2377 1975 olim
2433 1917 2701 1975 tributus
2752 1919 2845 1975 est
2891 1916 3101 1974 Petri

1825 2005 2143 2064 blessensis
2180 2000 2243 2088 (†
2272 2003 2481 2082 1200).
2531 2006 2829 2081 Optimam
2861 2024 2991 2080 opp.
3016 2004 3104 2062 ed.

1826 2095 2059 2153 curavit
2117 2094 2383 2153 Gareti
2401 2113 2486 2153 us
2547 2113 2748 2171 congr.
2812 2113 2857 2153 s.
2918 2093 3108 2152 Mauri

1825 2183 2152 2258 praemissa
2183 2183 2540 2242 Cassiodorii
2577 2183 2701 2241 vita
2716 2178 2764 2265 1)
2803 2183 3112 2258 Rotomagi

1838 2282 2031 2343 16793
2066 2271 2329 2332 Venetiis
2359 2282 2521 2336 1729
2555 2277 2599 2330 t.
2636 2284 2667 2334 2
2705 2273 2771 2331 in
2806 2281 2875 2340 83
2908 2290 3113 2331 recusa

1826 2383 1860 2419 a
1890 2362 1949 2419 M
1965 2361 1986 2418 i
2001 2381 2041 2438 g
2060 2380 2099 2419 n
2117 2380 2147 2420 e
2180 2368 2223 2419 t.
2244 2361 2442 2420 LXIX.
2462 2361 2612 2420 LXX
2633 2364 2807 2420 aucta
2830 2361 2926 2431 iis,
2960 2379 3113 2436 quae

1826 2455 2032 2526 postea
2063 2453 2412 2526 repererunt
2444 2451 2705 2511 Maffei
2739 2453 2802 2509 et
2833 2451 2994 2509 Mai.

1919 2637 2063 2692 298.
2096 2629 2167 2686 In
2186 2628 2565 2688 illustrandis
2597 2648 2639 2687 s,
2665 2629 2701 2687 S
2720 2647 2796 2686 cr
2813 2629 2831 2688 i
2847 2649 2886 2704 p
2902 2632 2930 2686 t
2947 2647 3033 2687 ur
3048 2629 3069 2686 i
3087 2648 3115 2686 s

1828 2719 2099 2776 versatus
2119 2721 2214 2776 est
2232 2717 2669 2793 quadamtenus
2706 2716 2753 2780 V
2770 2719 2788 2775 i
2805 2735 2836 2775 c
2851 2725 2881 2774 t
2897 2736 2930 2776 o
2947 2737 2977 2775 r
3010 2718 3115 2776 Ca-

1828 2824 2062 2881 puanus
2094 2806 2412 2884 episcopus
2446 2802 2507 2886 (†
2544 2803 2714 2887 554).
2770 2807 3115 2865 Describere

1829 2897 2060 2954 curavit
2106 2895 2201 2954 vel
2248 2896 2379 2970 ipse
2416 2896 2731 2971 descripsit
2763 2897 3118 2971 cvanqclicae

1829 2985 2167 3044 harmoniae
2199 2985 2580 3043 Ammonii
2611 2984 2982 3043 alexandrini
3017 2979 3118 3065 (cf.

1828 3095 1884 3149 p.
1922 3084 2001 3136 60
2036 3071 2132 3155 a.),
2183 3092 2291 3132 seu
2322 3077 2394 3132 ut-
2424 3074 2549 3149 ipse
2581 3073 2785 3132 Victor
2817 3073 3117 3131 immerito

1829 3169 2030 3221 censet
2116 3163 2160 3220 Τ
2179 3162 2465 3233 atiani,
2559 3162 3114 3238 interpretationem

1830 3252 2112 3327 anonymi
2143 3251 2474 3327 enjusdam,
2522 3252 2627 3327 qui
2671 3252 2824 3310 vixit
2870 3252 3022 3310 circa
3063 3271 3113 3312 a.

494 3359 644 3416 quae
691 3342 930 3399 nomine
976 3359 1184 3417 regum
1228 3341 1564 3417 gothorum,
1623 3360 1772 3416 quo·
1836 3350 1960 3403 500
2016 3344 2194 3414 atque
2244 3341 2609 3399 harmoniam
2658 3340 2826 3399 illam
2875 3344 3109 3399 vertens

497 3448 629 3487 rum
663 3436 789 3487 erat
808 3428 1175 3498 administer,
1210 3430 1308 3488 vel
1339 3432 1409 3489 ut
1441 3429 1773 3505 praefectus
1830 3447 1974 3488 usus
2008 3436 2100 3487 est
2129 3432 2398 3489 versione
2432 3448 2477 3488 s.
2511 3429 2873 3505 Hieronymi.
2939 3428 3106 3485 Prae-

496 3519 792 3593 praetorio
814 3518 1028 3586 emisit,
1063 3520 1241 3593 atque
1262 3519 1512 3587 decreta,
1549 3518 1771 3593 quibus
1830 3518 2110 3577 sationem
2156 3518 2220 3580 in
2268 3536 2397 3576 eam
2446 3517 2675 3576 addidit
2723 3518 2936 3579 Victor.
2999 3514 3104 3572 Re-

496 3606 692 3665 variae
724 3624 1008 3681 personae
1039 3605 1114 3664 ad
1144 3606 1469 3684 dignitates
1503 3608 1774 3668 nomina·
1829 3607 1988 3681 perit
2019 3607 2182 3666 illam
2214 3606 2280 3667 Ε.
2312 3607 2567 3665 Ranke
2612 3607 2677 3665 in
2723 3605 2935 3666 celebri
2980 3602 3108 3661 cod.

494 3847 613 3901 scil.
665 3849 990 3903 chronicam
1054 3847 1342 3916 quandam
1395 3847 1775 3902 universalem

493 3935 561 3972 ex
589 3918 808 3972 Floro
850 3919 1182 3990 pracsertim
1223 3919 1558 3982 derivatam,
1600 3936 1774 3987 quam

1831 3695 2091 3754 fuldensi
2126 3691 2265 3776 (sec.
2288 3694 2406 3773 VI),
2443 3714 2621 3770 quem
2654 3698 2715 3754 et
2746 3694 2931 3754 edidit
2962 3694 3114 3751 Mar-

1830 3784 2009 3860 burgi
2069 3787 2133 3843 et
2177 3784 2409 3859 Lipsiae
2465 3793 2646 3849 1868.
2726 3784 2923 3843 Habes
2968 3783 3118 3841 hanc

1830 3873 2199 3932 harmoniam
2230 3873 2294 3932 in
2326 3873 2578 3951 Migne
2603 3873 2863 3943 LXVIII,
2902 3882 3117 3935 251—-

494 3990 741 4046 cumina
759 3989 1003 4060 epitome
1027 3993 1290 4044 accurate
1308 3990 1492 4044 edidit
1519 3990 1774 4045 Momm.
1836 3971 1951 4025 361
1980 3984 1994 4031 ἰ
2029 3963 2259 4021 Scholia
2294 3962 2585 4063 quaedam
2603 3969 2864 4063 'veteru-m
2897 3959 3018 4061 PP3
3044 3960 3120 4061 ab

495 4078 619 4115 sen
647 4062 707 4115 in
734 4062 884 4114 Mon.
914 4061 1099 4116 Germ.
1127 4061 1261 4118 hist.
1287 4064 1436 4115 auct.
1466 4066 1583 4115 ant.
1612 4061 1775 4115 Bero-
1832 4070 1900 4110 eo
1950 4051 2203 4110 collecta
2251 4052 2490 4111 exhibet
2536 4053 2757 4110 Pitra
2806 4070 2868 4109 ιιι
2921 4049 3118 4125 8ριοι1.

493 4133 602 4188 lini
633 4140 768 4189 1882
797 4136 835 4187 t.
863 4133 932 4196 V,
964 4140 1150 4188 1-52.
1179 4132 1354 4186 Ebert
1379 4137 1419 4187 t.
1449 4134 1664 4189 121.3c.
1683 4140 1775 4193 27:

495 4205 852 4262 Potthast
878 4225 932 4275 p.
961 4211 1064 4261 682
1090 4222 1187 4264 ss.;
1216 4204 1521 4258 Streber
1547 4204 1657 4258 KL.
1680 4204 1777 4269 VI,

500 4284 649 4332 1824.
704 4278 750 4328 A
780 4274 1072 4330 nonnullis
1099 4275 1312 4330 dicitur
1338 4275 1638 4356 episcopus
1678 4294 1777 4328 ra-

1912 4278 1947 4346 ι)
1975 4274 2056 4328 Cf.
2100 4276 2166 4330 A.
2219 4273 2454 4326 Franz
2494 4273 2568 4326 M.
2609 4274 2676 4326 A.
2727 4271 3123 4327 Cassiodorius

498 4365 532 4400 v
549 4364 578 4400 e
596 4366 631 4398 n
649 4365 686 4399 n
704 4365 736 4399 a
755 4351 779 4400 t
794 4364 822 4399 e
840 4365 878 4400 n
895 4364 920 4400 s
938 4345 957 4400 i
975 4365 1017 4410 a,
1045 4347 1140 4399 sed
1170 4347 1229 4400 in
1257 4348 1538 4417 catalogis
1564 4347 1777 4417 episco-
1833 4344 2087 4408 Senator,
2146 4344 2377 4399 Breslau
2428 4349 2588 4403 1872;
2665 4344 2716 4397 J.
2762 4343 2803 4398 C
2820 4342 2841 4396 i
2856 4359 2891 4397 a
2905 4362 2961 4396 m
2978 4343 3053 4413 pi
3100 4345 3121 4395 1

495 4435 697 4488 porum
743 4418 917 4486 hujus
962 4418 1231 4471 ecclesiae
1272 4418 1467 4472 nullus
1495 4418 1779 4488 reperitur
1834 4415 2156 4471 Cassiodori
2194 4418 2291 4471 nel
2334 4416 2384 4469 V
2424 4433 2454 4470 e
2495 4416 2589 4469 nel
2633 4414 2709 4469 Vl
2735 4431 2842 4470 sec.
2889 4415 2984 4468 Im
3003 4414 3121 4468 ola

495 4489 795 4559 episcopus
823 4491 996 4558 hujus
1025 4488 1288 4543 nominis.

1839 4494 2006 4547 1876:
2035 4487 2443 4541 Fabricius
2470 4486 2615 4541 Bibl.
2642 4487 2742 4540 lat.
2770 4487 2806 4540 l.
2834 4485 2999 4549 III,c.
3026 4493 3120 4543 16;

606 4567 642 4624 ¹)
697 4561 776 4614 Cf.
831 4561 1093 4614 Hefele
1144 4560 1629 4631 Conciliengesch.
1680 4561 1778 4624 11²,
1836 4559 2126 4613 Ebertt.
2161 4555 3121 4626 11.3c.23:Fess1er-Jung-

497 4639 601 4688 419
628 4651 668 4684 s,

1835 4647 2049 4683 mann
2090 4639 2116 4696 5
2162 4636 2294 4686 2482
2348 4629 2411 4683 G.
2472 4628 2744 4683 Minasi
2785 4628 2859 4681 M.
2901 4630 2966 4680 A.
2995 4626 3121 4680 Cas—

571 4707 610 4773 ·-·)
640 4703 721 4755 Cf.
774 4702 814 4754 F
834 4720 868 4755 a
886 4704 921 4755 b
936 4721 964 4754 r
982 4702 1002 4755 i
1019 4720 1047 4756 c
1064 4702 1084 4755 i
1102 4722 1138 4756 u
1158 4720 1182 4755 s
1234 4702 1372 4756 bibl.
1412 4703 1511 4756 lat.
1557 4702 1778 4756 mediae
1838 4700 2063 4754 siodoro
2088 4703 2376 4764 Senatore,
2412 4698 2626 4771 Napoli
2659 4706 2794 4758 1895
2814 4722 2825 4760 ;
2877 4699 2922 4752 Β
2937 4715 2971 4752 a
2987 4716 3027 4751 u
3046 4716 3123 4751 m-

497 4776 604 4825 aet.
632 4774 673 4836 I,
703 4773 1487 4837 513;Schroed1KL.1v‚
1515 4775 1636 4830 717.

1836 4792 1873 4843 g
1894 4775 2112 4825 artne
2131 4790 2159 4825 r
2185 4772 2279 4837 IV,
2309 4776 2607 4830 217-223.
