3505 5161
420 234 459 287 ¹7
470 234 505 286 4
516 234 547 287 5
1114 214 1438 286 Theganus,
1467 214 1750 285 Nigellus,
1782 214 1824 268 F
1827 216 2156 286 reculphuS,
2183 218 2356 272 Arno,
2917 236 2948 289 7
2961 238 2996 290 4
3006 239 3040 290 6

420 402 511 461 ed.
542 404 605 461 et
635 392 905 461 auctores
938 403 1179 473 multoe,
1227 403 1332 478 qui
1379 403 1451 462 de
1497 422 1703 462 eorum
1772 413 1933 467 1889
1970 404 2130 462 inter
2161 405 2661 467 Geschichtsschr.
2700 405 2754 463 d.
2787 404 2842 463 d.
2876 405 3042 465 Vorz.

411 492 827 569 genuinitate,
890 492 1263 561 recensione,
1336 493 1704 552 editionibus
1759 495 1804 551 t.
1842 492 1992 553 XIX.
2039 527 2126 536 —
2173 494 2259 552 De
2302 494 2481 553 rebus
2526 495 2712 569 gestis
2758 492 3043 555 Ludovici

420 581 772 658 scripserint
803 581 873 639 cf.
906 580 1064 656 apud
1096 581 1465 640 Potthast
1496 602 1551 658 p.
1576 591 1702 645 394
1760 582 1852 641 Pii
1899 600 2133 640 carmen
2164 582 2491 660 elegiacum
2527 583 2587 640 ll.
2623 592 2659 644 4
2708 584 3043 659 composuit

418 671 549 729 coll.
600 691 655 746 p.
707 679 806 732 74.
854 703 941 712 —-
984 670 1254 728 Historia
1303 673 1706 731 translationis
1759 689 1881 730 non
1924 672 2147 747 absque
2191 671 2420 747 ingenii
2466 672 2682 747 poetici
2728 691 2878 732 vena
2907 673 3039 732 Er-

419 753 795 838 (singularis)
820 752 1004 842 (827)
1035 760 1118 817 bb.
1142 759 1357 819 Christi
1376 761 1514 823 MM.
1536 762 1701 819 Mar·
1759 760 2016 819 moldu
2035 778 2062 819 s
2113 756 2526 842 (Hermoldus)
2576 761 2943 838 Nigellus
3007 783 3042 821 a

408 850 607 907 -cellini
649 855 702 906 et
744 847 903 905 Petri
945 849 1103 907 belle
1147 849 1448 923 descripta
1477 850 1541 908 in
1573 852 1702 910 Act.
1758 849 2056 908 Ludovico
2105 851 2430 909 mulctatus
2481 850 2714 921 exsilio,
2777 850 2851 909 ad
2912 853 3040 927 ejus

414 938 517 996 SS.
555 937 594 995 J
599 956 698 995 un.
730 938 775 1008 I,
831 947 1210 1008 174—2063
1261 938 1389 997 MG.
1436 938 1533 998 SS.
1579 939 1698 1009 XV,
1758 939 1872 997 sibi
1930 940 2418 999 reconciliandam
2467 939 2736 1017 gratiam.
2815 941 3041 999 Auctor

424 1034 805 1094 238—264;
854 1026 1106 1103 Migne
1151 1047 1208 1101 p.
1259 1037 1607 1091 537—594
1642 1030 1703 1087 et
1760 1031 1853 1086 est
1883 1028 2177 1100 eruditus,
2211 1030 2407 1088 bonus
2439 1028 2759 1087 historicus
2790 1032 2852 1087 et
2881 1029 3037 1088 fidus

415 1116 716 1192 rhythmus
765 1112 1064 1196 (nonnihil
1113 1112 1356 1193 dubius)
1393 1117 1463 1176 de
1497 1136 1700 1176 eorum
1757 1117 2141 1192 synchronus.
2219 1119 2355 1177 Non
2404 1118 2558 1177 alius
2608 1117 2848 1176 videtur
2907 1136 3037 1177 esse

414 1205 688 1280 passione
724 1215 1104 1275 595—601;
1144 1206 1303 1264 inter
1334 1206 1461 1266 ΜΘ.
1495 1210 1699 1282 poetae
1747 1207 1924 1281 juxta
1974 1207 2355 1266 Muratori
2401 1207 2475 1265 ab
2521 1207 3038 1266 Hermenaldo

410 1291 517 1353 lat.
546 1294 621 1363 ΙΙ,
664 1302 1030 1357 125-135,
1090 1295 1249 1354 Haec
1299 1299 1360 1353 et
1407 1296 1699 1370 quaedam
1756 1295 1969 1354 abbate
2001 1296 2327 1367 ananiensi‚
2373 1314 2549 1372 quem
2583 1295 2920 1356 Ludovicus
2962 1297 3036 1356 ad

416 1383 535 1441 alia
566 1383 810 1441 collecta
854 1383 1044 1442 edidit
1088 1404 1221 1442 cum
1253 1384 1525 1443 versione
1570 1385 1697 1460 gal-
1756 1384 2037 1461 Pipinum
2081 1385 2275 1443 filium
2300 1404 2478 1444 suum
2509 1385 2828 1461 ablegavit,
2864 1387 3035 1461 cujus

414 1472 531 1531 lica
562 1472 834 1543 Teulet,
867 1472 1113 1531 Parisiis
1154 1481 1607 1536 1840-1843.
1754 1473 1908 1532 forte
1940 1478 2001 1533 et
2031 1474 2420 1534 cancellarius
2451 1473 2587 1534 fuit.
2647 1474 2851 1532 Edidit
2865 1469 2913 1556 ¹)
2958 1475 3035 1533 il-

1752 1563 1860 1622 lud
1892 1563 2276 1622 Muratori
2321 1562 2532 1639 Script.
2577 1582 2686 1621 rer.
2733 1562 2800 1625 it.
2847 1563 2922 1634 11,
2976 1574 3031 1636 2,

507 1660 650 1714 405.
698 1650 890 1709 Vitam
919 1651 1223 1709 Ludovicii
1253 1652 1349 1709 Pii
1380 1651 1520 1727 imp.
1554 1651 1696 1711 fide·
1761 1662 2015 1716 13——80
2068 1652 2320 1712 eruditis
2367 1651 2743 1711 illustratum
2787 1653 3032 1711 annota-

412 1740 552 1798 liter
599 1739 703 1798 sed
754 1739 1108 1814 plerumque
1140 1741 1347 1816 jejune
1378 1740 1697 1817 descripsit
1750 1741 2034 1812 tionibus,
2081 1742 2306 1800 Pertz
2351 1742 2504 1800 Mon.
2537 1742 2727 1805 Germ.
2760 1742 2834 1812 II,
2874 1751 3030 1804 464-

413 1828 821 1905 'I'heganus
856 1824 1112 1910 (Degan)
1133 1830 1480 1888 trevirensis
1513 1831 1695 1888 eccle-
1755 1839 1912 1901 523;
1945 1831 2097 1907 Mig
2117 1850 2204 1890 ne
2237 1830 2348 1907 CV,
2387 1839 2674 1893 569·640
2695 1852 2709 1901 ;
2734 1831 3031 1889 Dfimm-

412 1918 535 1976 siae
566 1917 1024 1993 chorepiscopus
1058 1919 1131 1976 ab
1162 1938 1210 1980 a.
1237 1926 1361 1981 814
1394 1937 1588 1994 usque
1620 1919 1693 1977 ad
1748 1920 1865 1979 ler
1909 1921 1974 1978 in
2020 1921 2175 1979 Mon.
2211 1921 2403 1981 Germ.
2448 1919 2588 1980 hist.
2629 1923 2784 1994 poet.
2817 1920 2919 1978 lat.
2954 1920 3030 1993 ΙΙ,

399 2026 461 2065 a.
515 2016 660 2077 835,
705 2026 880 2082 quam
933 2007 1332 2066 walahfridus
1385 2008 1689 2079 StrabO,
1751 2018 1983 2073 5—91.

408 2096 542 2171 ejus
591 2095 834 2166 amicuS‚
893 2095 958 2154 in
1008 2097 1201 2173 capita
1248 2096 1458 2155 divisit
1506 2115 1692 2172 eaque

410 2184 717 2260 inscripsit
747 2188 926 2259 atque
974 2186 1403 2259 praefationem
1435 2186 1691 2261 praemi·
1871 2198 2019 2251 406.
2083 2187 2569 2263 Freculphus
2660 2207 2731 2246 ex
2816 2187 3028 2247 clerico

409 2273 507 2344 sit,
553 2273 618 2331 in
663 2293 781 2349 qua
825 2274 898 2332 de
942 2277 1147 2333 nostro
1178 2279 1417 2333 auctore
1450 2275 1689 2334 scribit:
1745 2277 1900 2335 forte
1931 2277 2193 2352 palatino
2224 2276 2536 2353 episcopus
2567 2273 2925 2336 lexoviensis
2955 2278 3028 2336 ab

410 2363 577 2431 ,Hoc
608 2363 966 2438 opusculum
1012 2364 1076 2421 in
1120 2382 1346 2422 morem
1384 2365 1688 2423 annalium
1744 2386 1795 2428 a.
1849 2360 2383 2449 823(820)-850
2438 2362 2632 2447 (juxta
2680 2366 2828 2425 alios
2883 2376 3025 2437 851,

406 2451 644 2528 Thegan
688 2453 930 2511 natione
976 2453 1238 2511 Francus
1272 2499 1286 2511 .
1321 2498 1333 2510 .
1369 2496 1381 2509 .
1428 2453 1689 2513 breviter
1748 2463 1875 2519 853
1910 2452 2065 2536 etc),
2097 2455 2338 2531 scripsit
2367 2473 2581 2531 magna
2600 2455 2936 2514 eruditione
2967 2458 3029 2513 et

408 2542 666 2618 quidem,
718 2545 779 2601 et
828 2560 964 2601 vere
1016 2542 1218 2618 potius
1264 2561 1445 2619 quam
1492 2543 1688 2619 lepide
1744 2544 2032 2605 laudabili
2083 2544 2395 2622 diligentia
2443 2546 2486 2603 t.
2541 2552 2573 2605 2
2627 2544 3028 2604 chronicorum

390 2632 758 2707 composuit.
821 2632 892 2689 In
935 2633 1108 2708 cujus
1154 2632 1512 2707 quibusdam
1553 2652 1687 2692 sen·
1743 2635 1817 2693 ab
1850 2654 1899 2694 0.
1934 2655 1979 2693 c.
2012 2635 2084 2694 ad
2117 2655 2167 2692 a.
2202 2644 2360 2698 607:
2412 2633 2570 2708 quod
2604 2652 2754 2709 opus
2787 2635 3023 2711 saepius

403 2721 611 2780 tentiis
660 2721 818 2796 quod
870 2721 1111 2780 effusior
1158 2725 1221 2780 et
1269 2721 1572 2780 ardentior
1623 2723 1686 2780 in
1743 2723 1982 2798 prodiit,
2015 2723 2274 2798 primum
2307 2722 2580 2782 Coloniae
2616 2733 2816 2791 153ος
2859 2733 3022 2787 1539

400 2809 701 2885 loquendo
750 2809 1042 2880 videatur,
1094 2815 1167 2868 ut
1215 2810 1309 2869 vir
1360 2811 1575 2869 nobilis
1626 2814 1689 2870 et
1744 2815 1883 2881 etc.,
1948 2813 2012 2870 in
2074 2811 2254 2869 variis
2316 2811 2694 2869 bibliothecis
2755 2812 2866 2869 PP.
2885 2854 2900 2883 ,
2962 2812 3026 2869 in

403 2899 554 2958 acris
586 2898 787 2969 animi,
820 2899 979 2974 quod
1000 2899 1073 2958 de
1091 2899 1453 2976 indignitate
1473 2899 1687 2958 vilium
1742 2901 1996 2977 Migne
2028 2902 2091 2961 P.
2115 2901 2174 2962 L.
2195 2900 2334 2969 CVI,
2363 2908 2772 2963 917-1258.
2815 2900 3026 2967 ,Diffi-

390 3006 789 3063 ·personarum
810 2987 980 3046 dolor
999 2988 1320 3067 suggessit,
1355 2992 1547 3047 tacere
1568 3008 1687 3048 non
1742 2990 2022 3048 cultatem
2055 2988 2583 3047 intercurrentium
2606 2989 3025 3064 quaestionum

402 3078 620 3152 potuit.
682 3078 994 3136 Praeterea
1036 3078 1258 3136 nimius
1302 3096 1467 3135 amor
1502 3078 1685 3153 justi·
1742 3079 1995 3137 enodare
2016 3096 2136 3137 non
2153 3076 2438 3154 neglexit,
2470 3079 2642 3136 notat
2671 3077 3026 3154 Sigeber-

401 3166 524 3224 tiae
556 3168 617 3224 et
648 3167 1010 3225 exsecutoris
1043 3168 1172 3242 ejus
1206 3167 1687 3225 christianissimi
1742 3171 1872 3226 tus
1917 3167 2133 3243 gembl.
2179 3166 2252 3225 de
2299 3165 2502 3242 script.
2548 3166 2682 3225 eccl.
2730 3184 2776 3229 c,
2816 3177 2916 3237 90,
2965 3171 3028 3226 et

398 3255 778 3330 imperatoris
823 3256 933 3313 zeli
980 3255 1268 3314 naturalis
1307 3256 1688 3332 exaggeravit
1741 3255 2176 3332 interponendo
2239 3255 2474 3314 divinae
2523 3255 2805 3314 historiae
2854 3273 3023 3314 secu-

390 3344 684 3405 -dolorem.
734 3344 901 3402 Unde
934 3348 1225 3419 quantum
1260 3345 1341 3403 sit
1372 3362 1522 3419 opus
1555 3346 1685 3420 ejus
1742 3346 1897 3404 lares
1931 3345 2228 3415 historias,
2272 3343 2857 3419 contemporalitates
2888 3363 3023 3422 reg-

400 3450 510 3508 pro
542 3432 696 3491 bona
727 3434 1051 3502 voluntate,
1104 3452 1226 3492 non
1256 3433 1682 3493 fastidiendum
1739 3453 1951 3493 norum
1985 3434 2102 3492 sibi
2132 3435 2413 3509 coaptans
2446 3433 2884 3492 consummavit
2914 3433 3025 3492 hoc

394 3539 511 3597 *pro
557 3522 1085 3598 quantulacunque
1147 3523 1498 3583 rusticitate.
1560 3523 1683 3582 No·
1740 3542 1891 3599 opus
1923 3523 1987 3582 in
2020 3527 2248 3598 septem
2281 3516 2442 3605 (XII)
2475 3521 2710 3580 libi-iss
2761 3522 3023 3581 Meliori-

404 3610 604 3668 vimus
637 3613 700 3668 et
729 3629 837 3669 nos
868 3611 1059 3669 virum
1094 3613 1288 3670 multa
1306 3612 1560 3671 lectione
1591 3613 1683 3670 in·
1740 3613 1855 3671 bus
1889 3612 1985 3671 sui
2015 3612 2305 3688 temporis
2337 3611 2637 3670 historicis
2667 3614 2857 3670 meret
2885 3612 3025 3671 Fre-

402 3702 719 3769 structum,
772 3700 875 3758 sed
924 3700 1377 3775 praedicationis
1446 3704 1507 3759 et
1556 3720 1682 3760 cor-
1738 3702 1993 3777 culphus
2039 3695 2416 3782 accenseri2).
2451 3734 2538 3744 —
2575 3700 2776 3759 Arno
2823 3697 3023 3783 (Arn),

401 3788 684 3847 rectionis
735 3788 953 3847 studiis
1004 3792 1352 3864 occupatum
1366 3789 1476 3867 ¹).‘
1553 3791 1683 3866 Ipse
1740 3809 1919 3866 quem
1951 3790 2156 3865 aliqui,
2195 3790 2299 3849 sed
2330 3792 2402 3848 ut
2431 3788 2676 3848 videtur
2707 3790 3022 3861 immeritO,

401 3877 716 3954 Theganus
747 3877 987 3935 videtur
1016 3878 1200 3936 vitam
1232 3898 1503 3938 narrasse
1548 3884 1681 3938 tan-
1738 3879 1948 3938 dicunt
1976 3879 2163 3938 fuisse
2193 3877 2434 3938 Alcuini
2465 3878 2729 3949 fratrem,
2763 3879 2903 3938 huic
2933 3878 3017 3937 fa·

400 3967 531 4024 tum
552 3966 625 4024 ad
647 3986 695 4029 a.
722 3976 877 4037 835;
911 3966 1107 4025 aliena
1124 3987 1307 4027 manu
1325 3969 1511 4027 fuisse
1544 3988 1681 4027 con·
1738 3968 2182 4027 miliarissimus
2207 3968 2460 4036 exstitit,
2495 3970 2566 4025 ut
2597 3970 2900 4026 testantur
2931 3987 3022 4044 ep.

399 4054 697 4113 tinuatam
728 4055 801 4113 ad
834 4075 883 4115 a.
919 4064 1043 4118 836
1081 4059 1141 4114 et
1164 4065 1309 4119 837.
1359 4058 1504 4116 Post
1534 4058 1681 4116 alias
1739 4058 1861 4114 fere
1879 4057 1978 4115 XL
1998 4057 2241 4115 Alcuini
2269 4056 2344 4114 ad
2376 4055 2593 4130 ipsum.
2627 4057 2681 4113 A
2709 4055 2931 4115 Tassilo
2945 4057 3021 4117 11.

392 4143 491 4206 ed.
535 4143 762 4220 prodiit
803 4143 869 4201 in
912 4145 1069 4206 Mon.
1117 4145 1309 4203 Germ.
1341 4145 1418 4216 H,
1466 4156 1679 4210 585—
1736 4146 2016 4205 Bavariae
2036 4146 2183 4204 duce
2203 4145 2421 4203 missus
2440 4139 2625 4225 (787)
2647 4143 2765 4202 fuit
2783 4163 2888 4219 pro
2908 4145 3020 4201 im-

403 4241 531 4293 004
552 4250 675 4291 cur.
708 4234 948 4302 Pertz‚
980 4233 1117 4291 inde
1148 4233 1213 4292 in
1244 4235 1499 4312 Migne
1529 4236 1589 4298 P.
1619 4236 1680 4294 L.

386 4319 542 4390 CVI»
579 4330 960 4391 405—4283
994 4324 1327 4423 germanice
1355 4324 1682 4401 interprete
1818 4350 2374 4424 ¹)cf.Hist.1it.1V‚
2419 4353 2682 4408 520-523;
2733 4349 3025 4404 Schmun

396 4408 1099 4480 Jusmund,Berohn1
1140 4421 1337 4483 18503
1370 4414 1558 4471 altera
1589 4412 1678 4472 ed.
1736 4423 1851 4477 KL.
1877 4423 1971 4488 IV,
1998 4426 2134 4485 827:
2162 4421 2523 4477 Potthast
2546 4426 2742 4492 p.430;
2770 4419 3022 4474 Schfitz

398 4498 569 4557 novis
643 4499 803 4558 curis
867 4500 939 4557 W
956 4519 990 4558 a
1005 4503 1032 4558 t
1048 4505 1074 4558 t
1089 4519 1120 4559 e
1136 4519 1177 4558 n
1191 4501 1230 4559 b
1248 4521 1282 4560 a
1295 4521 1323 4560 c
1342 4501 1380 4559 h
1439 4502 1683 4580 Leipzig
1736 4497 2040 4577 comment.
2064 4495 2190 4551 crit·
2219 4512 2276 4564 Ι).
2307 4499 2587 4578 1,86-·,188
2605 4491 2690 4573 ³‚E
2707 4492 2744 4544 b
2762 4509 2790 4547 θ
2806 4493 2893 4574 ΥΡ,
2920 4492 3024 4559 qui

1736 4583 1854 4621 non
1881 4583 2004 4622 sine
2029 4566 2199 4621 laude
2216 4566 2286 4620 de
2303 4583 2351 4635 ε]
2360 4582 2427 4619 ua
2442 4564 2673 4619 dissent
2686 4579 2938 4618 carmine
2954 4565 3023 4629 11,

479 4706 516 4774 1)
543 4703 628 4758 cf.
655 4703 855 4757 Marx
884 4705 995 4759 KL.
1023 4707 1116 4772 XI,
1149 4715 1301 4765 1483.
1328 4708 1683 4782 Pptthast
1742 4641 2151 4782 17?)-le:78}.1i8t.
2192 4708 2277 4764 lit.
2311 4708 2379 4772 V,
2405 4709 2648 4767 ’ri—84³
2698 4704 3025 4760 Watten-

398 4792 457 4843 p.
488 4781 657 4837 1049;
684 4775 828 4830 Hist.
855 4775 940 4830 lit.
968 4777 1034 4843 V,
1063 4785 1290 4837 45-49.
1736 4782 1823 4854 b·a
1844 4780 1929 4834 ch
1957 4781 1997 4847 I,
2028 4789 2059 4836 2
2084 4789 2111 4846 ξ
2143 4787 2235 4841 12ς
2265 4780 2493 4834 Ebert
2521 4779 2585 4843 11,
2613 4783 2918 4836 380—384.
