3505 5161
959 243 1320 295 1073—1100.
1350 238 1778 293 Controversiae
1805 239 1875 294 de
1900 238 2265 297 eucharistia.
2292 239 2721 305 Wolshelmius,
2985 257 3163 309 1055

542 255 563 305 1
582 253 703 307 055

532 423 689 482 inter
720 423 1034 482 canonicus
1080 423 1136 481 b.
1183 424 1343 483 Petri
1392 425 1662 484 Coloniae
1692 425 1812 484 fuit
1870 429 2109 502 garant.
2142 426 2346 485 Altera
2377 426 2615 484 tandem
2637 425 2732 484 die
2765 424 2905 483 inde
2937 425 3166 483 libera-

532 512 816 573 adlectus.
868 513 1084 571 Verum
1117 513 1315 571 altiori
1346 513 1563 573 ductus
1590 514 1812 590 spiritu
1868 517 1988 585 tus,
2024 514 2219 573 animo
2252 514 2490 573 interim
2511 513 2756 589 penitus
2791 517 3163 573 commutato

532 602 798 661 seculum
830 604 1133 677 pertaesus
1183 622 1438 678 nequam
1490 603 1638 661 clam
1669 603 1809 662 Tre·
1869 604 2292 663 monasterium
2328 603 2559 681 ingredi
2577 604 2809 663 statuit.
2842 603 2977 662 Non
2997 602 3162 660 mul-

530 690 691 749 viros
706 690 866 767 fugit
885 691 998 749 sub
1018 691 1224 768 regula
1242 710 1286 751 s.
1306 692 1610 751 Benedicti
1627 692 1813 751 vitam
1866 697 1997 751 tum
2049 693 2187 751 inde
2233 692 2497 761 distabat
2539 691 2972 751 monasterium
3016 691 3166 750 bec-

531 782 975 839 transacturus:
1009 781 1111 839 sed
1143 800 1277 840 cum
1310 782 1642 840 avunculus
1675 783 1808 857 ejus
1868 800 2057 854 cense,
2091 782 2250 857 quod
2282 787 2427 840 tunc
2458 801 2492 839 a
2523 781 2581 839 b.
2610 781 2902 840 Herluino
2948 781 3157 839 aedifi-

530 868 824 928 Henricus
856 868 1034 927 abbas
1065 870 1136 927 ad
1160 888 1205 931 s.
1225 870 1643 930 Pantaleonem
1676 890 1809 929 eum
1867 870 2130 933 sabatur.
2226 871 2318 929 Ab
2381 871 2491 929 hoc
2550 870 2807 947 benigne
2870 874 3169 945 exceptus

532 977 639 1017 suo
702 957 1017 1016 transcribi
1082 959 1360 1018 coenobio
1424 959 1804 1029 desideraret,

528 1046 1034 1122 archiepiscopum
1067 1047 1321 1119 induxit,
1365 1051 1436 1106 ut
1468 1068 1601 1107 eum
1636 1049 1807 1108 Colo-

527 1136 689 1194 niam
721 1140 1038 1198 revocaret.
1100 1136 1245 1195 Cum
1290 1137 1582 1213 regularis
1627 1137 1806 1196 disci-

528 1224 727 1300 plinae
742 1224 1121 1284 observantia
1140 1226 1415 1285 omnibus
1427 1227 1810 1303 praeluceret,

528 1314 789 1391 primum
851 1314 1124 1373 abbatiae
1199 1315 1593 1395 gladbacensi,
1672 1315 1811 1374 dein

529 1402 984 1462 brunwilerensi
999 1404 1115 1461 fuit
1130 1404 1522 1481 praepositus.
1539 1405 1811 1464 Piissime

530 1492 682 1551 obiit
733 1500 832 1553 22.
877 1494 1018 1569 Apr.
1061 1504 1244 1557 1091.
1308 1493 1442 1553 Zelo
1489 1493 1811 1553 catholicae

530 1581 666 1640 fidei
678 1580 1077 1641 defendendae
1100 1582 1499 1642 inflammatus
1517 1583 1726 1641 stilum
1746 1583 1810 1643 in

529 1670 873 1747 Berengarii
896 1689 1123 1730 errores
1143 1672 1405 1731 exercuit
1420 1671 1558 1730 data
1571 1673 1809 1747 epistola

527 1760 600 1818 ad
677 1760 1138 1836 Megenhardum
1203 1761 1294 1819 ab.
1356 1760 1807 1838 gladbacensem

528 1850 690 1907 lectu
722 1849 1151 1925 dignissimam,
1186 1869 1362 1923 quam
1395 1850 1576 1908 habes
1593 1851 1656 1909 in
1673 1851 1804 1926 ejus

529 1938 656 1996 vita
686 1955 819 1996 mox
853 1937 1087 1997 citanda
1120 1958 1164 1997 c.
1208 1951 1302 2001 10.
1346 1950 1437 2001 11.
1471 1940 1614 1998 Cum
1649 1943 1807 1998 esset

529 2025 976 2086 amantissimus
1026 2028 1297 2087 lectionis
1348 2047 1421 2091 ss,
1470 2028 1809 2103 Scriptura-

527 2134 680 2185 rum,
715 2134 916 2174 curam
967 2116 1179 2174 habuit
1226 2135 1346 2175 non
1378 2118 1704 2194 vulgarem,
1738 2119 1810 2175 ut

529 2223 731 2262 earum
764 2204 1033 2264 studium
1080 2205 1439 2264 diffunderet
1478 2205 1808 2281 composito

529 2293 783 2352 carmine
816 2294 1048 2353 heroico
1081 2295 1150 2353 de
1182 2296 1312 2353 utili
1331 2296 1625 2353 lectiones.
1647 2294 1808 2353 Scri-

1865 963 2091 1020 vestem
2145 979 2188 1024 s,
2222 960 2532 1018 Benedicti
2578 958 2780 1018 induit
2821 968 3007 1028 1042,
3059 962 3161 1017 to-

1864 1052 2114 1125 tumque
2163 1050 2456 1108 virtutum
2490 1049 2915 1124 literarumque
2948 1048 3165 1106 studio

1866 1157 1928 1197 se
1961 1138 2129 1197 dedit
2162 1140 2223 1197 et
2253 1144 2389 1214 post
2418 1138 2706 1196 trienium
2739 1137 2879 1196 licet
2905 1142 3163 1213 gravate

1866 1227 2096 1285 scholas
2130 1227 2395 1303 aperuit:
2430 1245 2581 1302 quae
2613 1245 2749 1285 mox
2785 1225 2972 1285 factae
3007 1231 3165 1284 sunt

1866 1316 1951 1375 ita
1981 1317 2256 1386 famosae,
2309 1318 2380 1374 ut
2426 1315 2697 1391 undique
2742 1315 3024 1391 discipuli
3058 1332 3162 1373 ac·

1867 1405 2163 1464 currerint
2223 1405 2465 1482 egregii,
2522 1405 2679 1463 inter
2727 1422 2876 1480 quos
2923 1423 3011 1462 ex.
3065 1423 3162 1480 gr.

1866 1495 2200 1554 Alexander
2220 1495 2295 1552 11.
2328 1498 2389 1552 et
2409 1512 2455 1552 s.
2475 1493 2795 1552 Anselmus
2813 1493 3165 1570 theologiae

1866 1584 2248 1642 scholasticae
2281 1602 2512 1659 parens,
2546 1583 2651 1642 Vir
2669 1583 2826 1640 enim
2845 1585 2975 1641 erat
2994 1586 3167 1641 teste

1866 1673 2003 1731 Gui
2024 1673 2205 1731 lelm
2225 1691 2258 1731 o
2291 1672 2672 1736 malmesbur.
2702 1670 2777 1730 de
2806 1672 2997 1749 gestis
3029 1690 3165 1747 reg.

1865 1761 2024 1838 angl.
2077 1762 2116 1822 l.
2172 1771 2228 1831 3,
2281 1761 2593 1836 ²,antiquis
2655 1760 2904 1819 scientia
2952 1762 3016 1818 et
3062 1778 3169 1819 re-

1865 1850 2086 1928 ligione
2119 1850 2577 1927 comparandus:
2612 1849 2685 1908 de
2718 1868 2834 1925 quo
2855 1849 3012 1908 serio
3033 1850 3173 1908 dici

1865 1942 2097 2015 potest:
2135 1940 2412 2008 ,Tertius
2444 1959 2475 1997 e
2510 1939 2670 1998 coelo
2703 1938 2914 1997 cecidit
2928 1939 3080 1997 Cato
3102 1960 3118 1997 z
3138 1948 3169 1975 ¹

1864 2028 2009 2087 adeo
2043 2028 2314 2087 coelestis
2346 2046 2521 2105 sapor
2551 2030 2761 2104 pectus
2792 2028 2922 2103 ejus
2951 2032 3018 2085 et
3047 2048 3172 2103 pa-

1863 2118 2055 2177 latum
2087 2117 2387 2189 infecerat,
2418 2117 2560 2176 adeo
2580 2117 2850 2175 latinitas
2870 2117 3070 2175 omnis
3095 2118 3168 2175 in

1864 2206 2201 2266 liberalium
2247 2205 2466 2265 artium
2515 2205 2817 2264 scientiam
2870 2223 2980 2280 per
3011 2204 3171 2264 doc·

1864 2295 2079 2354 trinam
2129 2297 2259 2372 ejus
2304 2314 2366 2355 se
2399 2295 2742 2355 incitabat<
2808 2294 3162 2352 Admodum

1865 2384 2158 2444 sollicitus
2190 2389 2315 2443 erat
2334 2384 2407 2443 de
2427 2382 2820 2444 reformandis
2853 2382 3155 2441 sodalium

1865 2474 2131 2532 moribus
2153 2474 2514 2533 constitutus
2533 2473 2607 2531 ab
2624 2472 2918 2532 Herluino
2933 2470 3157 2530 sodali·

1863 2563 2006 2622 tatis
2042 2563 2221 2639 prior,
2257 2583 2374 2639 quo
2407 2563 2469 2622 in
2503 2561 2703 2622 studio
2736 2561 2885 2621 adeo
2918 2559 3143 2619 fuitin-

1865 2652 2134 2712 dustrius
2165 2655 2225 2710 et
2256 2652 2415 2724 felix,
2447 2656 2520 2712 ut
2560 2652 2881 2728 disciplina
2911 2648 3143 2726 regula-

1863 2741 1948 2800 ris
1979 2741 2235 2799 multum
2269 2741 2504 2801 floreret
2533 2741 2597 2799 in
2631 2740 2929 2800 coenobio,
2990 2738 3155 2807 Quo-

1864 2830 2115 2889 rundam
2150 2830 2462 2889 calumniis
2507 2830 2893 2888 insimulatus
2927 2828 3047 2885 fuit
3077 2828 3152 2884 de

521 2389 762 2461 pturae,
795 2382 955 2458 quod
987 2384 1214 2460 legitur
1243 2385 1308 2442 in
1338 2385 1467 2461 ejus
1501 2384 1623 2443 vita
1636 2402 1683 2442 c.
1707 2393 1807 2446 20.

530 2471 854 2546 composita
868 2491 902 2530 a
913 2472 954 2531 C
965 2492 997 2531 o
1012 2492 1050 2530 n
1062 2493 1137 2531 ra
1149 2473 1186 2531 d
1199 2491 1232 2531 o
1249 2470 1294 2554 ¹)
1309 2473 1497 2549 ipsius
1513 2477 1805 2532 monaste-

529 2559 617 2619 rio
649 2561 934 2621 monacho
952 2561 1015 2622 in
1032 2562 1199 2622 Actis
1238 2562 1333 2626 SS.
1366 2582 1422 2639 p.
1458 2573 1492 2625 6
1505 2571 1535 2624 7
1549 2573 1671 2626 5-
1682 2574 1715 2626 6
1727 2573 1805 2627 96

530 2651 588 2708 Μ
604 2669 639 2708 a
655 2651 691 2708 b
707 2651 725 2708 i
743 2651 765 2709 l
780 2652 802 2710 l
817 2670 850 2709 o
866 2652 981 2709 nii
1029 2656 1091 2711 et
1137 2653 1641 2712 Bollandistarum
1689 2653 1725 2715 l.
1762 2672 1808 2711 c.

528 2760 585 2816 p.
624 2748 899 2804 77--88,

1864 2919 2305 2994 conspiratione
2339 2919 2401 2977 in
2418 2918 2761 2995 Berengarii
2793 2935 3047 2985 errores,
3079 2923 3161 2974 ut

1864 3009 2097 3079 Romae,
2147 3026 2266 3083 quo
2311 3008 2374 3067 in
2420 3008 2708 3067 comitatu
2739 3007 2954 3066 Leonis
2986 3005 3086 3067 IX.
3119 3023 3155 3062 e

1864 3098 2054 3155 Gallia
2102 3097 2457 3157 revertentis
2509 3100 2770 3167 venerat,
2819 3114 2964 3154 suae
3010 3094 3155 3153 fidei

1862 3187 2154 3245 rationem
2169 3186 2414 3245 reddere
2436 3185 2727 3247 debuerit.
2761 3184 2957 3243 Facile
2978 3202 3155 3242 suam

622 2928 765 2981 590.
797 2918 1048 2979 Demum
1094 2919 1493 2978 nominandus
1543 2922 1634 2978 est
1679 2938 1806 2978 om-

528 3007 697 3066 nium
759 3007 908 3066 sorte
969 3008 1322 3085 praecipuus
1389 3010 1495 3067 hac
1562 3008 1806 3084 periodo

527 3097 841 3173 theologus
884 3098 943 3153 et
974 3097 1038 3155 in
1070 3097 1375 3156 dialectica
1407 3098 1656 3156 maxime
1703 3117 1805 3156 va·

529 3185 674 3256 lens,
705 3205 873 3245 aerae
905 3186 1167 3244 laetioris
1199 3187 1807 3256 aurora‚Lanfran-

528 3293 660 3333 cus
693 3275 838 3346 scil„
886 3275 991 3350 qui
1019 3275 1207 3333 Ticini
1243 3276 1422 3352 vulgo
1454 3276 1668 3352 Papiae
1699 3295 1804 3334 na·
1863 3276 2128 3334 ostendit
2146 3275 2573 3344 orthodoxiam,
2594 3283 2848 3349 ejusque
2880 3273 3163 3331 doctrina

528 3367 628 3422 tus
661 3367 750 3421 est
779 3365 1056 3439 prosapia
1075 3364 1301 3423 illustri
1321 3365 1567 3423 ineunte
1583 3384 1690 3423 sec.
1709 3365 1805 3424 XI.
1862 3364 1936 3423 de
1967 3365 2325 3423 eucharistia
2366 3364 2615 3439 probata
2654 3363 2773 3421 fuit
2803 3363 2867 3420 in
2900 3362 3153 3438 synodis

527 3454 723 3527 (juxta
753 3452 1176 3511 Mabilloni
1197 3472 1313 3511 um
1344 3472 1390 3512 c.
1411 3474 1460 3512 a.
1493 3450 1704 3534 1005).
1736 3455 1806 3512 In
1862 3471 2106 3512 romana
2137 3459 2199 3512 et
2229 3453 2577 3513 vercellensi
2613 3448 2864 3536 (1050),
2912 3451 2978 3510 in
3011 3451 3157 3526 qui-

518 3543 842 3615 juventute
866 3542 991 3617 juri
1025 3542 1184 3600 civili
1217 3542 1382 3600 dedit
1413 3561 1668 3618 operam,
1704 3561 1806 3602 cu·
1861 3542 1976 3601 bus
2008 3543 2349 3619 Berengarii
2395 3560 2623 3601 errores
2668 3543 2833 3599 fuere
2865 3540 3149 3601 damnati.

520 3631 623 3705 jus
687 3630 851 3688 brevi
913 3635 1141 3688 tantam
1204 3631 1318 3689 sibi
1364 3635 1808 3707 comparaverat

529 3718 800 3794 peritiam
835 3722 905 3778 ut
935 3740 969 3777 a
999 3720 1353 3779 doctissimis
1374 3720 1639 3797 undique
1663 3722 1806 3779 viris
1956 3730 2031 3783 59
2053 3731 2097 3781 1.
2119 3721 2332 3797 Magna
2346 3720 2537 3796 gratia
2564 3719 2753 3778 valuit
2785 3717 3153 3777 Lanfrancus

529 3808 954 3871 consuleretur.
1018 3809 1110 3867 Ad
1143 3809 1330 3885 prima
1361 3811 1529 3868 urbis
1563 3829 1808 3869 munera
1862 3809 2018 3884 apud
2073 3810 2433 3868 Guilelmum
2466 3809 2867 3867 Normanniae
2917 3808 3149 3876 ducem,

528 3896 955 3967 destinabatur,
1004 3898 1222 3973 quibus
1263 3902 1460 3957 tamen
1493 3899 1805 3958 renuncia·
1861 3899 1965 3973 qui
2028 3900 2092 3956 in
2142 3899 2322 3956 variis
2370 3897 2627 3974 negotiis
2678 3899 2810 3974 ejus
2861 3896 3144 3955 utebatur

526 3985 634 4056 vit,
670 4004 804 4044 cum
836 3986 1098 4045 discendi
1130 3988 1354 4058 ardore,
1389 3992 1459 4046 ut
1478 3988 1699 4058 serunt,
1722 3988 1809 4046 ita
1863 3987 2108 4046 consilio
2130 3990 2191 4045 et
2222 4006 2414 4062 opera,
2450 3988 2607 4046 unde
2629 4007 2663 4045 a
2683 4005 2796 4045 suo
2818 3986 3139 4063 biographo

527 4074 820 4150 flagraret,
841 4080 910 4133 ut
941 4077 1136 4134 natale
1168 4077 1417 4135 verterit
1448 4076 1642 4135 solum
1663 4081 1723 4135 et
1742 4077 1807 4134 in
1862 4076 2090 4134 Milon
2109 4096 2139 4134 e
2217 4076 2483 4153 Crispino
2544 4076 2765 4134 dicitur
2828 4091 3141 4143 ‚summus

529 4164 778 4222 Galliam
810 4164 1020 4223 abiret.
1068 4164 1386 4224 Abrincam
1417 4166 1482 4223 in
1515 4166 1801 4224 Norman-
1863 4165 2237 4224 consiliarius
2300 4165 2373 4223 ad
2436 4164 2905 4224 administranda
2955 4163 3135 4222 totius

528 4253 627 4310 nia
658 4254 824 4312 venit
856 4253 1059 4329 ibique
1097 4255 1328 4330 aliquot
1360 4256 1696 4313 demoratus
1716 4258 1806 4313 est
1861 4255 2088 4330 patriae
2106 4253 2407 4330 negotia.‘
2429 4256 2521 4312 Ab
2549 4253 2753 4312 eodem
2770 4254 2919 4312 duce
2935 4270 3137 4327 quam·

527 4361 710 4401 annos
743 4343 1089 4419 scholasque
1134 4344 1385 4420 aperuit.
1448 4343 1591 4402 Inde
1633 4344 1808 4419 petiit
1864 4343 1953 4403 vis
1986 4344 2213 4402 invitus
2244 4344 2619 4419 praepositus
2655 4343 2847 4402 factus
2878 4347 2972 4400 est
3014 4357 3132 4398 mo·

527 4430 937 4509 Rotomagum,
973 4434 1075 4491 sed
1097 4434 1210 4491 iter
1229 4433 1446 4491 faciens
1468 4453 1572 4507 per
1593 4433 1805 4492 silvam
1861 4433 2105 4491 nasterii
2158 4451 2202 4491 s.
2256 4433 2541 4508 Stephani
2602 4432 2675 4490 ab
2726 4433 2859 4508 ipso
2906 4427 3133 4489 cadomi

526 4520 590 4576 in
620 4521 880 4580 latrones
930 4523 1158 4593 incidit,
1198 4522 1302 4597 qui
1347 4542 1481 4580 eum
1527 4522 1803 4580 omnibns
1861 4519 2892 4602 erecti(1063)‚ubipariterscholas
2908 4517 3131 4594 aperuit

529 4610 864 4683 spoliarunt
909 4616 1088 4686 atque
1134 4612 1390 4670 vinculis
1444 4611 1638 4670 arbori
1673 4611 1804 4669 alli-

659 4735 668 4738 '
731 4735 762 4739 ⁴
797 4737 842 4740 ”“
1942 4734 1976 4799 ¹)
2006 4732 2087 4782 Cf.
2105 4729 2180 4782 du
2201 4728 2244 4779 B
2263 4745 2293 4779 ο
2309 4746 2346 4796 y
2364 4745 2388 4780 s
2416 4727 2606 4780 Revue
2625 4727 2723 4780 des
2739 4745 2835 4795 qq.
2853 4727 2985 4782 hist.
3006 4730 3129 4779 1881

610 4803 644 4865 ¹)
674 4798 754 4851 Cf.
786 4799 1075 4853 Nomencl.
1104 4801 1189 4852 ed.
1217 4815 1400 4867 praee.
1433 4800 1524 4860 lv,
1553 4809 1638 4855 45.
1863 4801 1930 4863 ΙΙ,
1960 4807 2258 4856 329-386.
