<?xml version="1.0" encoding="UTF-8"?>
<!DOCTYPE html PUBLIC "-//W3C//DTD XHTML 1.0 Transitional//EN"
    "http://www.w3.org/TR/xhtml1/DTD/xhtml1-transitional.dtd">
<html xmlns="http://www.w3.org/1999/xhtml" xml:lang="en" lang="en">
 <head>
  <title>
</title>
<meta http-equiv="Content-Type" content="text/html;charset=utf-8" />
  <meta name='ocr-system' content='tesseract 3.04.00' />
  <meta name='ocr-capabilities' content='ocr_page ocr_carea ocr_par ocr_line ocrx_word'/>
</head>
<body>
  <div class='ocr_page' id='page_1' title='image "./nomenclatorlite09hurtgoog_0503.png"; bbox 0 0 3505 5161; ppageno 0'>
   <div class='ocr_carea' id='block_1_1' title="bbox 363 216 2971 292">
    <p class='ocr_par' dir='ltr' id='par_1_1' title="bbox 363 216 2971 292">
     <span class='ocr_line' id='line_1_1' title="bbox 363 216 2971 292; baseline 0.004 -26"><span class='ocrx_word' id='word_1_1' title='bbox 363 236 448 288; x_wconf 76' lang='lat'><strong>96</strong></span> <span class='ocrx_word' id='word_1_2' title='bbox 458 237 488 288; x_wconf 80' lang='lat'>5</span> <span class='ocrx_word' id='word_1_3' title='bbox 955 216 1368 289; x_wconf 80' lang='lat' dir='ltr'><strong>Hagiographi.</strong></span> <span class='ocrx_word' id='word_1_4' title='bbox 1398 218 1450 272; x_wconf 92' lang='lat' dir='ltr'>N</span> <span class='ocrx_word' id='word_1_5' title='bbox 1454 222 1632 290; x_wconf 85' lang='lat' dir='ltr'><strong>otger,</strong></span> <span class='ocrx_word' id='word_1_6' title='bbox 1662 218 2070 289; x_wconf 84' lang='lat' dir='ltr'><strong>Meginfredus‚</strong></span> <span class='ocrx_word' id='word_1_7' title='bbox 2099 220 2406 274; x_wconf 78' lang='lat' dir='ltr'><strong>ArnolduS.</strong></span> <span class='ocrx_word' id='word_1_8' title='bbox 2849 240 2882 291; x_wconf 76' lang='grc'><strong>9</strong></span> <span class='ocrx_word' id='word_1_9' title='bbox 2894 241 2926 292; x_wconf 78' lang='grc'><strong>6</strong></span> <span class='ocrx_word' id='word_1_10' title='bbox 2938 240 2971 292; x_wconf 80' lang='grc'><strong>6</strong></span> 
     </span>
    </p>
   </div>
   <div class='ocr_carea' id='block_1_2' title="bbox 290 405 2977 4581">
    <p class='ocr_par' dir='ltr' id='par_1_2' title="bbox 290 405 2977 4581">
     <span class='ocr_line' id='line_1_2' title="bbox 363 405 2975 482; baseline 0.001 -20"><span class='ocrx_word' id='word_1_11' title='bbox 363 405 679 463; x_wconf 87' lang='lat' dir='ltr'><strong>monchum</strong></span> <span class='ocrx_word' id='word_1_12' title='bbox 725 421 1133 474; x_wconf 61' lang='lat' dir='ltr'><strong>cannensem,</strong></span> <span class='ocrx_word' id='word_1_13' title='bbox 1187 405 1291 480; x_wconf 90' lang='lat' dir='ltr'><strong>qui</strong></span> <span class='ocrx_word' id='word_1_14' title='bbox 1340 406 1399 463; x_wconf 91' lang='lat' dir='ltr'><strong>in</strong></span> <span class='ocrx_word' id='word_1_15' title='bbox 1444 424 1534 481; x_wconf 91' lang='lat' dir='ltr'><strong>ep.</strong></span> <span class='ocrx_word' id='word_1_16' title='bbox 1567 405 1639 464; x_wconf 91' lang='lat' dir='ltr'><strong>ad</strong></span> <span class='ocrx_word' id='word_1_17' title='bbox 1699 424 1879 482; x_wconf 87' lang='lat' dir='ltr'><strong>opera</strong></span> <span class='ocrx_word' id='word_1_18' title='bbox 1909 406 2211 475; x_wconf 86' lang='lat' dir='ltr'><strong>excitaret,</strong></span> <span class='ocrx_word' id='word_1_19' title='bbox 2245 407 2365 465; x_wconf 90' lang='lat' dir='ltr'><strong>imo</strong></span> <span class='ocrx_word' id='word_1_20' title='bbox 2386 410 2445 465; x_wconf 81' lang='lat' dir='ltr'><strong>et·</strong></span> <span class='ocrx_word' id='word_1_21' title='bbox 2457 408 2717 482; x_wconf 84' lang='lat' dir='ltr'><strong>juvaret,</strong></span> <span class='ocrx_word' id='word_1_22' title='bbox 2753 407 2975 465; x_wconf 84' lang='lat' dir='ltr'><strong>factum</strong></span> 
     </span>
     <span class='ocr_line' id='line_1_3' title="bbox 360 494 2973 573; baseline 0.002 -22"><span class='ocrx_word' id='word_1_23' title='bbox 360 494 598 551; x_wconf 81' lang='lat' dir='ltr'><strong>Olivam</strong></span> <span class='ocrx_word' id='word_1_24' title='bbox 648 513 736 568; x_wconf 88' lang='lat' dir='ltr'><strong>ep.</strong></span> <span class='ocrx_word' id='word_1_25' title='bbox 788 512 1181 552; x_wconf 82' lang='lat' dir='ltr'><strong>ausonensem</strong></span> <span class='ocrx_word' id='word_1_26' title='bbox 1235 494 1308 571; x_wconf 82' lang='lat' dir='ltr'><strong>(c,</strong></span> <span class='ocrx_word' id='word_1_27' title='bbox 1355 514 1404 558; x_wconf 90' lang='lat' dir='ltr'><strong>a.</strong></span> <span class='ocrx_word' id='word_1_28' title='bbox 1445 494 1638 570; x_wconf 84' lang='lat'>1040)</span> <span class='ocrx_word' id='word_1_29' title='bbox 1697 498 1808 566; x_wconf 89' lang='lat' dir='ltr'><strong>est,</strong></span> <span class='ocrx_word' id='word_1_30' title='bbox 1863 500 1932 553; x_wconf 88' lang='lat' dir='ltr'><strong>ut</strong></span> <span class='ocrx_word' id='word_1_31' title='bbox 1963 495 2218 553; x_wconf 87' lang='lat' dir='ltr'><strong>aliorum</strong></span> <span class='ocrx_word' id='word_1_32' title='bbox 2264 514 2452 571; x_wconf 87' lang='lat' dir='ltr'><strong>opera,</strong></span> <span class='ocrx_word' id='word_1_33' title='bbox 2505 496 2778 573; x_wconf 87' lang='lat' dir='ltr'><strong>Herigeri</strong></span> <span class='ocrx_word' id='word_1_34' title='bbox 2807 516 2973 572; x_wconf 90' lang='lat' dir='ltr'><strong>prae·</strong></span> 
     </span>
     <span class='ocr_line' id='line_1_4' title="bbox 359 583 2974 661; baseline 0.003 -20"><span class='ocrx_word' id='word_1_35' title='bbox 359 583 506 641; x_wconf 80' lang='lat' dir='ltr'><strong>stilo</strong></span> <span class='ocrx_word' id='word_1_36' title='bbox 526 584 773 640; x_wconf 87' lang='lat' dir='ltr'><strong>obscuro</strong></span> <span class='ocrx_word' id='word_1_37' title='bbox 793 590 854 640; x_wconf 87' lang='lat' dir='ltr'><strong>et</strong></span> <span class='ocrx_word' id='word_1_38' title='bbox 873 583 1172 642; x_wconf 87' lang='lat' dir='ltr'><strong>erroribus</strong></span> <span class='ocrx_word' id='word_1_39' title='bbox 1206 586 1415 642; x_wconf 88' lang='lat' dir='ltr'><strong>contra</strong></span> <span class='ocrx_word' id='word_1_40' title='bbox 1444 603 1635 661; x_wconf 90' lang='lat' dir='ltr'><strong>gram·</strong></span> <span class='ocrx_word' id='word_1_41' title='bbox 1697 584 1921 655; x_wconf 90' lang='lat' dir='ltr'><strong>sertim,</strong></span> <span class='ocrx_word' id='word_1_42' title='bbox 1957 584 2028 642; x_wconf 90' lang='lat' dir='ltr'><strong>de</strong></span> <span class='ocrx_word' id='word_1_43' title='bbox 2049 603 2167 659; x_wconf 89' lang='lat' dir='ltr'><strong>quo</strong></span> <span class='ocrx_word' id='word_1_44' title='bbox 2189 584 2434 661; x_wconf 77' lang='lat' dir='ltr'><strong>egimuS,</strong></span> <span class='ocrx_word' id='word_1_45' title='bbox 2468 585 2522 643; x_wconf 91' lang='lat' dir='ltr'><strong>ei</strong></span> <span class='ocrx_word' id='word_1_46' title='bbox 2547 585 2974 648; x_wconf 78' lang='lat' dir='ltr'><strong>tribuerentur.</strong></span> 
     </span>
     <span class='ocr_line' id='line_1_5' title="bbox 363 671 2977 748; baseline 0.001 -18"><span class='ocrx_word' id='word_1_47' title='bbox 363 672 635 730; x_wconf 86' lang='lat' dir='ltr'><strong>maticam</strong></span> <span class='ocrx_word' id='word_1_48' title='bbox 670 671 987 746; x_wconf 83' lang='lat' dir='ltr'><strong>inquinato</strong></span> <span class='ocrx_word' id='word_1_49' title='bbox 1034 672 1319 731; x_wconf 79' lang='lat' dir='ltr'><strong>disseruit</strong></span> <span class='ocrx_word' id='word_1_50' title='bbox 1356 675 1424 731; x_wconf 81' lang='lat' dir='ltr'><strong>de</strong></span> <span class='ocrx_word' id='word_1_51' title='bbox 1454 674 1641 731; x_wconf 79' lang='lat' dir='ltr'><strong>initiis</strong></span> <span class='ocrx_word' id='word_1_52' title='bbox 1696 673 1891 748; x_wconf 82' lang='lat' dir='ltr'><strong>Ipsius</strong></span> <span class='ocrx_word' id='word_1_53' title='bbox 1942 672 2226 731; x_wconf 82' lang='lat' dir='ltr'><strong>vident-ur</strong></span> <span class='ocrx_word' id='word_1_54' title='bbox 2270 692 2400 732; x_wconf 82' lang='lat' dir='ltr'><strong>esse</strong></span> <span class='ocrx_word' id='word_1_55' title='bbox 2445 676 2563 732; x_wconf 77' lang='lat' dir='ltr'><strong>vita</strong></span> <span class='ocrx_word' id='word_1_56' title='bbox 2608 693 2653 732; x_wconf 80' lang='lat' dir='ltr'><strong>s.</strong></span> <span class='ocrx_word' id='word_1_57' title='bbox 2689 674 2977 733; x_wconf 80' lang='lat' dir='ltr'><strong>Hadalini</strong></span> 
     </span>
     <span class='ocr_line' id='line_1_6' title="bbox 360 761 2974 824; baseline 0.002 -6"><span class='ocrx_word' id='word_1_58' title='bbox 360 762 700 819; x_wconf 78' lang='lat' dir='ltr'><strong>monasterii</strong></span> <span class='ocrx_word' id='word_1_59' title='bbox 743 763 1087 820; x_wconf 73' lang='lat' dir='ltr'><strong>cuxanensis</strong></span> <span class='ocrx_word' id='word_1_60' title='bbox 1135 767 1197 820; x_wconf 91' lang='lat' dir='ltr'><strong>et</strong></span> <span class='ocrx_word' id='word_1_61' title='bbox 1230 761 1301 819; x_wconf 92' lang='lat' dir='ltr'><strong>de</strong></span> <span class='ocrx_word' id='word_1_62' title='bbox 1333 763 1515 821; x_wconf 88' lang='lat' dir='ltr'><strong>sacris</strong></span> <span class='ocrx_word' id='word_1_63' title='bbox 1546 781 1638 820; x_wconf 89' lang='lat' dir='ltr'><strong>re·</strong></span> <span class='ocrx_word' id='word_1_64' title='bbox 1696 762 1858 824; x_wconf 83' lang='lat' dir='ltr'><strong>Conf.</strong></span> <span class='ocrx_word' id='word_1_65' title='bbox 1909 762 2234 821; x_wconf 86' lang='lat' dir='ltr'><strong>conditoris</strong></span> <span class='ocrx_word' id='word_1_66' title='bbox 2296 764 2640 822; x_wconf 87' lang='lat' dir='ltr'><strong>monasterii</strong></span> <span class='ocrx_word' id='word_1_67' title='bbox 2691 763 2974 823; x_wconf 87' lang='lat' dir='ltr'><strong>Cellensis</strong></span> 
     </span>
     <span class='ocr_line' id='line_1_7' title="bbox 363 848 2971 934; baseline 0.001 -26"><span class='ocrx_word' id='word_1_68' title='bbox 363 850 566 926; x_wconf 84' lang='lat' dir='ltr'><strong>liquiis</strong></span> <span class='ocrx_word' id='word_1_69' title='bbox 598 850 660 907; x_wconf 91' lang='lat' dir='ltr'><strong>in</strong></span> <span class='ocrx_word' id='word_1_70' title='bbox 693 867 759 908; x_wconf 93' lang='lat' dir='ltr'><strong>eo</strong></span> <span class='ocrx_word' id='word_1_71' title='bbox 781 849 1096 908; x_wconf 87' lang='lat' dir='ltr'><strong>custoditis</strong></span> <span class='ocrx_word' id='word_1_72' title='bbox 1127 850 1217 909; x_wconf 91' lang='lat' dir='ltr'><strong>ed.</strong></span> <span class='ocrx_word' id='word_1_73' title='bbox 1249 871 1283 909; x_wconf 90' lang='lat' dir='ltr'><strong>a</strong></span> <span class='ocrx_word' id='word_1_74' title='bbox 1315 851 1638 910; x_wconf 88' lang='lat' dir='ltr'><strong>Baluzio</strong></span> <span class='ocrx_word' id='word_1_75' title='bbox 1697 870 1879 927; x_wconf 86' lang='lat' dir='ltr'><strong>prope</strong></span> <span class='ocrx_word' id='word_1_76' title='bbox 1913 852 2271 909; x_wconf 87' lang='lat' dir='ltr'><strong>Dionantum</strong></span> <span class='ocrx_word' id='word_1_77' title='bbox 2325 851 2399 910; x_wconf 89' lang='lat' dir='ltr'><strong>ad</strong></span> <span class='ocrx_word' id='word_1_78' title='bbox 2431 852 2649 911; x_wconf 85' lang='lat' dir='ltr'><strong>Mosam</strong></span> <span class='ocrx_word' id='word_1_79' title='bbox 2704 848 2765 932; x_wconf 91' lang='lat'><strong>(†</strong></span> <span class='ocrx_word' id='word_1_80' title='bbox 2799 848 2971 934; x_wconf 80' lang='grc'>690),</span> 
     </span>
     <span class='ocr_line' id='line_1_8' title="bbox 360 939 2973 1016; baseline 0 -19"><span class='ocrx_word' id='word_1_81' title='bbox 360 940 422 997; x_wconf 84' lang='lat' dir='ltr'><strong>in</strong></span> <span class='ocrx_word' id='word_1_82' title='bbox 456 939 706 1015; x_wconf 87' lang='lat' dir='ltr'><strong>append.</strong></span> <span class='ocrx_word' id='word_1_83' title='bbox 728 939 799 997; x_wconf 82' lang='lat' dir='ltr'><strong>acl</strong></span> <span class='ocrx_word' id='word_1_84' title='bbox 823 940 1073 998; x_wconf 78' lang='lat' dir='ltr'><strong>Marcam</strong></span> <span class='ocrx_word' id='word_1_85' title='bbox 1105 940 1335 1016; x_wconf 78' lang='lat' dir='ltr'><strong>hispan.</strong></span> <span class='ocrx_word' id='word_1_86' title='bbox 1356 960 1411 1016; x_wconf 90' lang='lat' dir='ltr'><strong>p.</strong></span> <span class='ocrx_word' id='word_1_87' title='bbox 1446 949 1637 1004; x_wconf 81' lang='lat'>1072-</span> <span class='ocrx_word' id='word_1_88' title='bbox 1695 941 1759 999; x_wconf 89' lang='lat' dir='ltr'><strong>in</strong></span> <span class='ocrx_word' id='word_1_89' title='bbox 1791 941 1955 999; x_wconf 71' lang='lat' dir='ltr'><strong>Actis</strong></span> <span class='ocrx_word' id='word_1_90' title='bbox 1990 940 2087 1002; x_wconf 88' lang='lat' dir='ltr'><strong>SS.</strong></span> <span class='ocrx_word' id='word_1_91' title='bbox 2124 950 2178 1002; x_wconf 89' lang='lat'><strong>3.</strong></span> <span class='ocrx_word' id='word_1_92' title='bbox 2212 940 2378 999; x_wconf 82' lang='lat' dir='ltr'><strong>Febr.</strong></span> <span class='ocrx_word' id='word_1_93' title='bbox 2412 941 2455 1011; x_wconf 91' lang='lat' dir='ltr'><strong>I,</strong></span> <span class='ocrx_word' id='word_1_94' title='bbox 2494 950 2875 1010; x_wconf 81' lang='lat'><strong>372—3773</strong></span> <span class='ocrx_word' id='word_1_95' title='bbox 2910 942 2973 999; x_wconf 92' lang='lat' dir='ltr'><strong>in</strong></span> 
     </span>
     <span class='ocr_line' id='line_1_9' title="bbox 372 1028 2972 1104; baseline 0 -14"><span class='ocrx_word' id='word_1_96' title='bbox 372 1037 535 1092; x_wconf 85' lang='lat'>1082</span> <span class='ocrx_word' id='word_1_97' title='bbox 570 1032 633 1086; x_wconf 83' lang='lat' dir='ltr'><strong>et-</strong></span> <span class='ocrx_word' id='word_1_98' title='bbox 664 1028 914 1104; x_wconf 83' lang='lat' dir='ltr'><strong>Migne</strong></span> <span class='ocrx_word' id='word_1_99' title='bbox 946 1028 1009 1085; x_wconf 90' lang='lat' dir='ltr'><strong>P.</strong></span> <span class='ocrx_word' id='word_1_100' title='bbox 1041 1029 1105 1090; x_wconf 85' lang='lat' dir='ltr'><strong>L.</strong></span> <span class='ocrx_word' id='word_1_101' title='bbox 1139 1029 1326 1098; x_wconf 87' lang='lat' dir='ltr'>CXLI,</span> <span class='ocrx_word' id='word_1_102' title='bbox 1386 1038 1639 1093; x_wconf 85' lang='lat'>1443—-</span> <span class='ocrx_word' id='word_1_103' title='bbox 1696 1030 1844 1088; x_wconf 89' lang='lat' dir='ltr'><strong>actis</strong></span> <span class='ocrx_word' id='word_1_104' title='bbox 1877 1030 2327 1089; x_wconf 85' lang='lat' dir='ltr'><strong>Mabillonii</strong></span> <span class='ocrx_word' id='word_1_105' title='bbox 2373 1031 2447 1101; x_wconf 92' lang='lat'><strong>11,</strong></span> <span class='ocrx_word' id='word_1_106' title='bbox 2505 1041 2972 1100; x_wconf 77' lang='lat'>1013—10173</span> 
     </span>
     <span class='ocr_line' id='line_1_10' title="bbox 375 1115 2971 1202; baseline -0.001 -22"><span class='ocrx_word' id='word_1_107' title='bbox 375 1117 1157 1181; x_wconf 82' lang='lat' dir='ltr'><strong>1456.—Othelboldum</strong></span> <span class='ocrx_word' id='word_1_108' title='bbox 1175 1118 1447 1177; x_wconf 82' lang='lat' dir='ltr'><strong>abbatem</strong></span> <span class='ocrx_word' id='word_1_109' title='bbox 1469 1137 1514 1177; x_wconf 92' lang='lat' dir='ltr'><strong>s.</strong></span> <span class='ocrx_word' id='word_1_110' title='bbox 1528 1120 1639 1177; x_wconf 89' lang='lat' dir='ltr'><strong>Ba·</strong></span> <span class='ocrx_word' id='word_1_111' title='bbox 1695 1122 1757 1177; x_wconf 86' lang='lat' dir='ltr'><strong>et</strong></span> <span class='ocrx_word' id='word_1_112' title='bbox 1771 1121 1889 1177; x_wconf 82' lang='lat' dir='ltr'><strong>vita</strong></span> <span class='ocrx_word' id='word_1_113' title='bbox 1902 1138 1946 1176; x_wconf 81' lang='lat'><strong>3.</strong></span> <span class='ocrx_word' id='word_1_114' title='bbox 1964 1119 2224 1178; x_wconf 79' lang='lat' dir='ltr'><strong>Remacli</strong></span> <span class='ocrx_word' id='word_1_115' title='bbox 2238 1138 2324 1194; x_wconf 89' lang='lat' dir='ltr'><strong>ep.</strong></span> <span class='ocrx_word' id='word_1_116' title='bbox 2342 1120 2708 1194; x_wconf 84' lang='lat' dir='ltr'><strong>trajectensis</strong></span> <span class='ocrx_word' id='word_1_117' title='bbox 2725 1117 2784 1197; x_wconf 91' lang='lat'><strong>(†</strong></span> <span class='ocrx_word' id='word_1_118' title='bbox 2801 1115 2971 1202; x_wconf 87' lang='lat'><strong>668),</strong></span> 
     </span>
     <span class='ocr_line' id='line_1_11' title="bbox 360 1202 2972 1289; baseline 0.002 -24"><span class='ocrx_word' id='word_1_119' title='bbox 360 1207 531 1265; x_wconf 76' lang='lat' dir='ltr'><strong>vonis</strong></span> <span class='ocrx_word' id='word_1_120' title='bbox 564 1206 879 1283; x_wconf 83' lang='lat' dir='ltr'><strong>gaudensis</strong></span> <span class='ocrx_word' id='word_1_121' title='bbox 914 1202 1143 1287; x_wconf 87' lang='lat'>(1019-</span> <span class='ocrx_word' id='word_1_122' title='bbox 1180 1218 1235 1269; x_wconf 85' lang='lat'><strong>5.</strong></span> <span class='ocrx_word' id='word_1_123' title='bbox 1268 1204 1640 1288; x_wconf 80' lang='lat' dir='ltr'><strong>Dec.1034),</strong></span> <span class='ocrx_word' id='word_1_124' title='bbox 1697 1206 1978 1289; x_wconf 87' lang='lat' dir='ltr'><strong>(utraque</strong></span> <span class='ocrx_word' id='word_1_125' title='bbox 1998 1208 2062 1266; x_wconf 89' lang='lat' dir='ltr'><strong>in</strong></span> <span class='ocrx_word' id='word_1_126' title='bbox 2095 1208 2346 1284; x_wconf 84' lang='lat' dir='ltr'><strong>Migne</strong></span> <span class='ocrx_word' id='word_1_127' title='bbox 2379 1208 2673 1278; x_wconf 85' lang='lat' dir='ltr'>CXXXIX,</span> <span class='ocrx_word' id='word_1_128' title='bbox 2716 1220 2972 1271; x_wconf 83' lang='lat'>1141-</span> 
     </span>
     <span class='ocr_line' id='line_1_12' title="bbox 366 1293 2971 1377; baseline 0.001 -23"><span class='ocrx_word' id='word_1_129' title='bbox 366 1297 468 1370; x_wconf 87' lang='lat' dir='ltr'><strong>qui</strong></span> <span class='ocrx_word' id='word_1_130' title='bbox 495 1297 557 1353; x_wconf 88' lang='lat' dir='ltr'><strong>in</strong></span> <span class='ocrx_word' id='word_1_131' title='bbox 579 1315 666 1372; x_wconf 88' lang='lat' dir='ltr'><strong>ep.</strong></span> <span class='ocrx_word' id='word_1_132' title='bbox 690 1296 767 1353; x_wconf 83' lang='lat' dir='ltr'><strong>ad</strong></span> <span class='ocrx_word' id='word_1_133' title='bbox 792 1296 1048 1373; x_wconf 77' lang='lat' dir='ltr'><strong>Otyivam</strong></span> <span class='ocrx_word' id='word_1_134' title='bbox 1083 1297 1443 1355; x_wconf 87' lang='lat' dir='ltr'><strong>comitissam</strong></span> <span class='ocrx_word' id='word_1_135' title='bbox 1464 1297 1638 1354; x_wconf 89' lang='lat' dir='ltr'><strong>Flan-</strong></span> <span class='ocrx_word' id='word_1_136' title='bbox 1706 1293 1919 1377; x_wconf 89' lang='grc'>1168),</span> <span class='ocrx_word' id='word_1_137' title='bbox 1954 1298 2046 1372; x_wconf 85' lang='lat' dir='ltr'><strong>cuj</strong></span> <span class='ocrx_word' id='word_1_138' title='bbox 2057 1317 2125 1356; x_wconf 90' lang='lat' dir='ltr'><strong>us</strong></span> <span class='ocrx_word' id='word_1_139' title='bbox 2159 1317 2246 1372; x_wconf 83' lang='lat' dir='ltr'><strong>ep,</strong></span> <span class='ocrx_word' id='word_1_140' title='bbox 2279 1298 2716 1373; x_wconf 79' lang='lat' dir='ltr'><strong>nuncupatoria</strong></span> <span class='ocrx_word' id='word_1_141' title='bbox 2736 1299 2806 1356; x_wconf 82' lang='lat' dir='ltr'><strong>acl</strong></span> <span class='ocrx_word' id='word_1_142' title='bbox 2831 1298 2971 1356; x_wconf 89' lang='lat' dir='ltr'><strong>Ver·</strong></span> 
     </span>
     <span class='ocr_line' id='line_1_13' title="bbox 357 1384 2829 1467; baseline 0.001 -25"><span class='ocrx_word' id='word_1_143' title='bbox 357 1386 525 1443; x_wconf 83' lang='lat' dir='ltr'><strong>driae</strong></span> <span class='ocrx_word' id='word_1_144' title='bbox 556 1390 824 1443; x_wconf 79' lang='lat' dir='ltr'><strong>recenset</strong></span> <span class='ocrx_word' id='word_1_145' title='bbox 874 1388 1110 1444; x_wconf 86' lang='lat' dir='ltr'><strong>sanctos</strong></span> <span class='ocrx_word' id='word_1_146' title='bbox 1142 1403 1207 1442; x_wconf 85' lang='lat' dir='ltr'><strong>ac</strong></span> <span class='ocrx_word' id='word_1_147' title='bbox 1240 1386 1639 1459; x_wconf 86' lang='lat' dir='ltr'><strong>possessiones</strong></span> <span class='ocrx_word' id='word_1_148' title='bbox 1695 1385 1986 1445; x_wconf 89' lang='lat' dir='ltr'><strong>infridum</strong></span> <span class='ocrx_word' id='word_1_149' title='bbox 2016 1387 2107 1445; x_wconf 88' lang='lat' dir='ltr'><strong>ab.</strong></span> <span class='ocrx_word' id='word_1_150' title='bbox 2139 1387 2347 1445; x_wconf 85' lang='lat' dir='ltr'><strong>saltem</strong></span> <span class='ocrx_word' id='word_1_151' title='bbox 2378 1392 2468 1445; x_wconf 93' lang='lat' dir='ltr'><strong>est</strong></span> <span class='ocrx_word' id='word_1_152' title='bbox 2499 1387 2551 1444; x_wconf 86' lang='lat' dir='ltr'>N</span> <span class='ocrx_word' id='word_1_153' title='bbox 2556 1387 2747 1462; x_wconf 88' lang='lat' dir='ltr'><strong>otgeri</strong></span> <span class='ocrx_word' id='word_1_154' title='bbox 2764 1384 2829 1467; x_wconf 84' lang='lat'><strong>¹).</strong></span> 
     </span>
     <span class='ocr_line' id='line_1_14' title="bbox 358 1474 1637 1550; baseline -0.002 -17"><span class='ocrx_word' id='word_1_155' title='bbox 358 1493 410 1533; x_wconf 77' lang='lat' dir='ltr'><strong>s.</strong></span> <span class='ocrx_word' id='word_1_156' title='bbox 460 1474 733 1543; x_wconf 81' lang='lat' dir='ltr'><strong>Bavonis,</strong></span> <span class='ocrx_word' id='word_1_157' title='bbox 797 1475 860 1532; x_wconf 88' lang='lat' dir='ltr'><strong>in</strong></span> <span class='ocrx_word' id='word_1_158' title='bbox 923 1475 1175 1550; x_wconf 87' lang='lat' dir='ltr'><strong>Migne</strong></span> <span class='ocrx_word' id='word_1_159' title='bbox 1226 1477 1289 1537; x_wconf 91' lang='lat' dir='ltr'><strong>P.</strong></span> <span class='ocrx_word' id='word_1_160' title='bbox 1339 1475 1399 1533; x_wconf 93' lang='lat' dir='ltr'><strong>L.</strong></span> <span class='ocrx_word' id='word_1_161' title='bbox 1452 1474 1637 1544; x_wconf 89' lang='lat' dir='ltr'>CLXI,</span> 
     </span>
     <span class='ocr_line' id='line_1_15' title="bbox 370 1560 2972 1646; baseline -0.001 -20"><span class='ocrx_word' id='word_1_162' title='bbox 370 1572 818 1627; x_wconf 76' lang='lat'><strong>13:37—1342.</strong></span> <span class='ocrx_word' id='word_1_163' title='bbox 1792 1560 2972 1646; x_wconf 78' lang='lat' dir='ltr'><strong>538-Meginfredus(Maginfredus)</strong></span> 
     </span>
     <span class='ocr_line' id='line_1_16' title="bbox 1696 1648 2968 1736; baseline 0.006 -26"><span class='ocrx_word' id='word_1_164' title='bbox 1696 1653 2071 1727; x_wconf 84' lang='lat' dir='ltr'><strong>praepositus</strong></span> <span class='ocrx_word' id='word_1_165' title='bbox 2088 1654 2619 1731; x_wconf 83' lang='lat' dir='ltr'><strong>magdeburgensis</strong></span> <span class='ocrx_word' id='word_1_166' title='bbox 2643 1648 2725 1736; x_wconf 87' lang='lat' dir='ltr'><strong>(fl.</strong></span> <span class='ocrx_word' id='word_1_167' title='bbox 2758 1665 2778 1715; x_wconf 95' lang='lat' dir='ltr'><strong>l</strong></span> <span class='ocrx_word' id='word_1_168' title='bbox 2796 1665 2829 1716; x_wconf 95' lang='lat'>0</span> <span class='ocrx_word' id='word_1_169' title='bbox 2841 1649 2968 1736; x_wconf 88' lang='grc'>20),</span> 
     </span>
     <span class='ocr_line' id='line_1_17' title="bbox 457 1741 2974 1820; baseline -0.002 -16"><span class='ocrx_word' id='word_1_170' title='bbox 457 1752 601 1804; x_wconf 75' lang='grc'>537.</span> <span class='ocrx_word' id='word_1_171' title='bbox 663 1742 881 1817; x_wconf 90' lang='lat' dir='ltr'><strong>Ingens</strong></span> <span class='ocrx_word' id='word_1_172' title='bbox 931 1743 1025 1799; x_wconf 89' lang='lat' dir='ltr'><strong>est</strong></span> <span class='ocrx_word' id='word_1_173' title='bbox 1074 1741 1637 1820; x_wconf 86' lang='lat' dir='ltr'><strong>hagiographo-</strong></span> <span class='ocrx_word' id='word_1_174' title='bbox 1696 1761 1871 1817; x_wconf 89' lang='lat' dir='ltr'><strong>quem</strong></span> <span class='ocrx_word' id='word_1_175' title='bbox 1924 1743 2128 1817; x_wconf 89' lang='lat' dir='ltr'><strong>plures</strong></span> <span class='ocrx_word' id='word_1_176' title='bbox 2171 1743 2425 1801; x_wconf 87' lang='lat' dir='ltr'><strong>eundem</strong></span> <span class='ocrx_word' id='word_1_177' title='bbox 2476 1761 2603 1801; x_wconf 90' lang='lat' dir='ltr'><strong>esse</strong></span> <span class='ocrx_word' id='word_1_178' title='bbox 2654 1743 2974 1818; x_wconf 88' lang='lat' dir='ltr'><strong>opinantur</strong></span> 
     </span>
     <span class='ocr_line' id='line_1_18' title="bbox 358 1831 2973 1908; baseline 0 -19"><span class='ocrx_word' id='word_1_179' title='bbox 358 1851 513 1890; x_wconf 88' lang='lat' dir='ltr'><strong>rum</strong></span> <span class='ocrx_word' id='word_1_180' title='bbox 546 1848 847 1898; x_wconf 81' lang='lat' dir='ltr'><strong>numeruS,</strong></span> <span class='ocrx_word' id='word_1_181' title='bbox 870 1849 941 1888; x_wconf 84' lang='lat' dir='ltr'><strong>ex</strong></span> <span class='ocrx_word' id='word_1_182' title='bbox 963 1832 1184 1904; x_wconf 89' lang='lat' dir='ltr'><strong>quibus</strong></span> <span class='ocrx_word' id='word_1_183' title='bbox 1206 1832 1464 1908; x_wconf 87' lang='lat' dir='ltr'><strong>potiores</strong></span> <span class='ocrx_word' id='word_1_184' title='bbox 1486 1833 1639 1892; x_wconf 87' lang='lat' dir='ltr'><strong>forte</strong></span> <span class='ocrx_word' id='word_1_185' title='bbox 1696 1849 1830 1889; x_wconf 89' lang='lat' dir='ltr'><strong>cum</strong></span> <span class='ocrx_word' id='word_1_186' title='bbox 1910 1831 2276 1908; x_wconf 84' lang='lat' dir='ltr'><strong>Meginfredo</strong></span> <span class='ocrx_word' id='word_1_187' title='bbox 2350 1833 2633 1891; x_wconf 85' lang='lat' dir='ltr'><strong>monacho</strong></span> <span class='ocrx_word' id='word_1_188' title='bbox 2709 1832 2973 1890; x_wconf 87' lang='lat' dir='ltr'><strong>fuldensi</strong></span> 
     </span>
     <span class='ocr_line' id='line_1_19' title="bbox 365 1916 2970 2001; baseline -0 -22"><span class='ocrx_word' id='word_1_189' title='bbox 365 1923 535 1979; x_wconf 85' lang='lat' dir='ltr'><strong>sunt:</strong></span> <span class='ocrx_word' id='word_1_190' title='bbox 581 1920 977 1995; x_wconf 88' lang='lat' dir='ltr'><strong>Notgerus</strong></span> <span class='ocrx_word' id='word_1_191' title='bbox 1011 1916 1362 2001; x_wconf 87' lang='lat' dir='ltr'><strong>(Notkerus)</strong></span> <span class='ocrx_word' id='word_1_192' title='bbox 1398 1923 1458 1979; x_wconf 92' lang='lat' dir='ltr'><strong>in</strong></span> <span class='ocrx_word' id='word_1_193' title='bbox 1492 1922 1638 1981; x_wconf 88' lang='lat' dir='ltr'><strong>Sue·</strong></span> <span class='ocrx_word' id='word_1_194' title='bbox 1695 1916 1758 1999; x_wconf 85' lang='lat'><strong>(†</strong></span> <span class='ocrx_word' id='word_1_195' title='bbox 1785 1917 1997 2000; x_wconf 90' lang='grc'>1010),</span> <span class='ocrx_word' id='word_1_196' title='bbox 2018 1921 2619 1979; x_wconf 85' lang='lat' dir='ltr'><strong>cuiTrithemius</strong></span> <span class='ocrx_word' id='word_1_197' title='bbox 2654 1919 2970 1979; x_wconf 78' lang='lat' dir='ltr'><strong>Chronicon</strong></span> 
     </span>
     <span class='ocr_line' id='line_1_20' title="bbox 362 2005 2972 2091; baseline -0 -23"><span class='ocrx_word' id='word_1_198' title='bbox 362 2010 461 2068; x_wconf 79' lang='lat' dir='ltr'><strong>via</strong></span> <span class='ocrx_word' id='word_1_199' title='bbox 490 2008 791 2067; x_wconf 88' lang='lat' dir='ltr'><strong>nobilibus</strong></span> <span class='ocrx_word' id='word_1_200' title='bbox 834 2009 1183 2084; x_wconf 88' lang='lat' dir='ltr'><strong>parentibus</strong></span> <span class='ocrx_word' id='word_1_201' title='bbox 1215 2015 1409 2080; x_wconf 79' lang='lat' dir='ltr'><strong>natus,</strong></span> <span class='ocrx_word' id='word_1_202' title='bbox 1445 2030 1511 2069; x_wconf 82' lang='lat' dir='ltr'><strong>ex</strong></span> <span class='ocrx_word' id='word_1_203' title='bbox 1545 2030 1636 2070; x_wconf 90' lang='lat' dir='ltr'><strong>so·</strong></span> <span class='ocrx_word' id='word_1_204' title='bbox 1694 2005 1955 2083; x_wconf 76' lang='lat' dir='ltr'><strong>fuldense</strong></span> <span class='ocrx_word' id='word_1_205' title='bbox 2002 2010 2238 2086; x_wconf 87' lang='lat' dir='ltr'><strong>aliaque</strong></span> <span class='ocrx_word' id='word_1_206' title='bbox 2287 2011 2464 2085; x_wconf 88' lang='lat' dir='ltr'><strong>plura</strong></span> <span class='ocrx_word' id='word_1_207' title='bbox 2513 2010 2729 2069; x_wconf 78' lang='lat' dir='ltr'><strong>tribuit</strong></span> <span class='ocrx_word' id='word_1_208' title='bbox 2792 2006 2972 2091; x_wconf 88' lang='lat' dir='ltr'><strong>(quae</strong></span> 
     </span>
     <span class='ocr_line' id='line_1_21' title="bbox 367 2097 2971 2179; baseline 0.001 -24"><span class='ocrx_word' id='word_1_209' title='bbox 367 2117 499 2156; x_wconf 90' lang='lat' dir='ltr'><strong>rore</strong></span> <span class='ocrx_word' id='word_1_210' title='bbox 548 2098 781 2156; x_wconf 88' lang='lat' dir='ltr'><strong>Ottonis</strong></span> <span class='ocrx_word' id='word_1_211' title='bbox 830 2097 858 2154; x_wconf 94' lang='lat' dir='ltr'>I</span> <span class='ocrx_word' id='word_1_212' title='bbox 909 2116 1104 2174; x_wconf 79' lang='lat' dir='ltr'><strong>nepoS,</strong></span> <span class='ocrx_word' id='word_1_213' title='bbox 1164 2100 1228 2158; x_wconf 90' lang='lat' dir='ltr'><strong>in</strong></span> <span class='ocrx_word' id='word_1_214' title='bbox 1277 2101 1638 2159; x_wconf 87' lang='lat' dir='ltr'><strong>monasterio</strong></span> <span class='ocrx_word' id='word_1_215' title='bbox 1692 2102 1892 2157; x_wconf 84' lang='lat' dir='ltr'><strong>tamen</strong></span> <span class='ocrx_word' id='word_1_216' title='bbox 1911 2099 2187 2174; x_wconf 84' lang='lat' dir='ltr'><strong>nuspiam</strong></span> <span class='ocrx_word' id='word_1_217' title='bbox 2202 2098 2583 2179; x_wconf 79' lang='lat' dir='ltr'><strong>comparent),</strong></span> <span class='ocrx_word' id='word_1_218' title='bbox 2619 2100 2858 2175; x_wconf 84' lang='lat' dir='ltr'><strong>scripsit</strong></span> <span class='ocrx_word' id='word_1_219' title='bbox 2889 2102 2971 2157; x_wconf 78' lang='lat' dir='ltr'><strong>vi-</strong></span> 
     </span>
     <span class='ocr_line' id='line_1_22' title="bbox 368 2185 2970 2270; baseline 0.003 -25"><span class='ocrx_word' id='word_1_220' title='bbox 368 2186 722 2263; x_wconf 86' lang='lat' dir='ltr'><strong>sangallensi</strong></span> <span class='ocrx_word' id='word_1_221' title='bbox 746 2187 984 2263; x_wconf 83' lang='lat' dir='ltr'><strong>egregie</strong></span> <span class='ocrx_word' id='word_1_222' title='bbox 1015 2187 1358 2247; x_wconf 89' lang='lat' dir='ltr'><strong>institutus.</strong></span> <span class='ocrx_word' id='word_1_223' title='bbox 1410 2190 1635 2247; x_wconf 87' lang='lat' dir='ltr'><strong>Ibidem</strong></span> <span class='ocrx_word' id='word_1_224' title='bbox 1693 2187 2298 2247; x_wconf 74' lang='lat' dir='ltr'><strong>tame.Emmerammi</strong></span> <span class='ocrx_word' id='word_1_225' title='bbox 2318 2185 2405 2270; x_wconf 89' lang='lat' dir='ltr'><strong>(in</strong></span> <span class='ocrx_word' id='word_1_226' title='bbox 2419 2192 2545 2252; x_wconf 82' lang='lat' dir='ltr'><strong>Act..</strong></span> <span class='ocrx_word' id='word_1_227' title='bbox 2569 2189 2667 2247; x_wconf 90' lang='lat' dir='ltr'><strong>SS.</strong></span> <span class='ocrx_word' id='word_1_228' title='bbox 2690 2198 2791 2251; x_wconf 88' lang='grc'><strong>22.</strong></span> <span class='ocrx_word' id='word_1_229' title='bbox 2813 2188 2970 2264; x_wconf 87' lang='lat' dir='ltr'><strong>Sept.</strong></span> 
     </span>
     <span class='ocr_line' id='line_1_23' title="bbox 369 2275 2970 2355; baseline 0.003 -22"><span class='ocrx_word' id='word_1_230' title='bbox 369 2275 601 2334; x_wconf 82' lang='lat' dir='ltr'><strong>videtur</strong></span> <span class='ocrx_word' id='word_1_231' title='bbox 643 2276 980 2351; x_wconf 86' lang='lat' dir='ltr'><strong>religiosam</strong></span> <span class='ocrx_word' id='word_1_232' title='bbox 1025 2275 1356 2351; x_wconf 85' lang='lat' dir='ltr'><strong>professum</strong></span> <span class='ocrx_word' id='word_1_233' title='bbox 1387 2297 1517 2337; x_wconf 90' lang='lat' dir='ltr'><strong>esse</strong></span> <span class='ocrx_word' id='word_1_234' title='bbox 1547 2279 1638 2337; x_wconf 78' lang='lat' dir='ltr'><strong>vi-</strong></span> <span class='ocrx_word' id='word_1_235' title='bbox 1691 2276 1767 2345; x_wconf 84' lang='grc' dir='ltr'><strong>ΙΙ,</strong></span> <span class='ocrx_word' id='word_1_236' title='bbox 1806 2286 2186 2348; x_wconf 78' lang='grc' dir='ltr'>486-494ς</span> <span class='ocrx_word' id='word_1_237' title='bbox 2235 2278 2482 2355; x_wconf 83' lang='lat' dir='ltr'><strong>Migne</strong></span> <span class='ocrx_word' id='word_1_238' title='bbox 2513 2279 2701 2351; x_wconf 80' lang='lat' dir='ltr'>CXLI,</span> <span class='ocrx_word' id='word_1_239' title='bbox 2754 2288 2970 2340; x_wconf 82' lang='lat'>971—-</span> 
     </span>
     <span class='ocr_line' id='line_1_24' title="bbox 360 2362 2966 2449; baseline 0.001 -27"><span class='ocrx_word' id='word_1_240' title='bbox 360 2368 503 2423; x_wconf 73' lang='lat' dir='ltr'><strong>iam.</strong></span> <span class='ocrx_word' id='word_1_241' title='bbox 577 2365 722 2423; x_wconf 89' lang='lat' dir='ltr'><strong>Inde</strong></span> <span class='ocrx_word' id='word_1_242' title='bbox 772 2365 845 2423; x_wconf 90' lang='lat' dir='ltr'><strong>ab</strong></span> <span class='ocrx_word' id='word_1_243' title='bbox 892 2364 1138 2423; x_wconf 89' lang='lat' dir='ltr'><strong>Odilone</strong></span> <span class='ocrx_word' id='word_1_244' title='bbox 1188 2368 1515 2426; x_wconf 83' lang='lat' dir='ltr'><strong>stabulensi</strong></span> <span class='ocrx_word' id='word_1_245' title='bbox 1564 2367 1638 2426; x_wconf 91' lang='lat' dir='ltr'><strong>ad</strong></span> <span class='ocrx_word' id='word_1_246' title='bbox 1698 2366 1849 2446; x_wconf 85' lang='grc'>986)</span> <span class='ocrx_word' id='word_1_247' title='bbox 1873 2385 2121 2441; x_wconf 88' lang='lat' dir='ltr'><strong>eamque</strong></span> <span class='ocrx_word' id='word_1_248' title='bbox 2141 2367 2633 2426; x_wconf 86' lang='lat' dir='ltr'><strong>dicavitArnoldo</strong></span> <span class='ocrx_word' id='word_1_249' title='bbox 2651 2362 2966 2449; x_wconf 87' lang='lat' dir='ltr'><strong>(Arnolfo),</strong></span> 
     </span>
     <span class='ocr_line' id='line_1_25' title="bbox 364 2454 2970 2533; baseline 0.001 -21"><span class='ocrx_word' id='word_1_250' title='bbox 364 2472 503 2513; x_wconf 89' lang='lat' dir='ltr'><strong>suos</strong></span> <span class='ocrx_word' id='word_1_251' title='bbox 523 2454 879 2513; x_wconf 89' lang='lat' dir='ltr'><strong>erudiendos</strong></span> <span class='ocrx_word' id='word_1_252' title='bbox 910 2459 1186 2514; x_wconf 82' lang='lat' dir='ltr'><strong>evocatus</strong></span> <span class='ocrx_word' id='word_1_253' title='bbox 1219 2455 1353 2513; x_wconf 88' lang='lat' dir='ltr'><strong>fuit.</strong></span> <span class='ocrx_word' id='word_1_254' title='bbox 1403 2456 1638 2515; x_wconf 89' lang='lat' dir='ltr'><strong>Eraclio</strong></span> <span class='ocrx_word' id='word_1_255' title='bbox 1693 2455 1799 2530; x_wconf 89' lang='lat' dir='ltr'><strong>qui</strong></span> <span class='ocrx_word' id='word_1_256' title='bbox 1831 2474 1900 2513; x_wconf 84' lang='lat' dir='ltr'><strong>ex</strong></span> <span class='ocrx_word' id='word_1_257' title='bbox 1932 2457 2146 2514; x_wconf 85' lang='lat' dir='ltr'><strong>comite</strong></span> <span class='ocrx_word' id='word_1_258' title='bbox 2178 2456 2594 2533; x_wconf 89' lang='lat' dir='ltr'><strong>Vohburgensi</strong></span> <span class='ocrx_word' id='word_1_259' title='bbox 2638 2456 2831 2515; x_wconf 85' lang='lat' dir='ltr'><strong>factus</strong></span> <span class='ocrx_word' id='word_1_260' title='bbox 2877 2462 2970 2515; x_wconf 91' lang='lat' dir='ltr'><strong>est</strong></span> 
     </span>
     <span class='ocr_line' id='line_1_26' title="bbox 360 2544 2967 2622; baseline 0 -19"><span class='ocrx_word' id='word_1_261' title='bbox 360 2562 454 2620; x_wconf 88' lang='lat' dir='ltr'><strong>ep.</strong></span> <span class='ocrx_word' id='word_1_262' title='bbox 500 2544 786 2602; x_wconf 73' lang='lat' dir='ltr'><strong>leodiensi</strong></span> <span class='ocrx_word' id='word_1_263' title='bbox 829 2561 861 2601; x_wconf 95' lang='lat' dir='ltr'><strong>e</strong></span> <span class='ocrx_word' id='word_1_264' title='bbox 907 2544 1060 2603; x_wconf 83' lang='lat' dir='ltr'><strong>vivis</strong></span> <span class='ocrx_word' id='word_1_265' title='bbox 1110 2545 1345 2604; x_wconf 85' lang='lat' dir='ltr'><strong>sublato</strong></span> <span class='ocrx_word' id='word_1_266' title='bbox 1396 2547 1458 2605; x_wconf 89' lang='lat' dir='ltr'><strong>in</strong></span> <span class='ocrx_word' id='word_1_267' title='bbox 1507 2547 1636 2622; x_wconf 87' lang='lat' dir='ltr'><strong>ejus</strong></span> <span class='ocrx_word' id='word_1_268' title='bbox 1693 2545 2012 2604; x_wconf 83' lang='lat' dir='ltr'><strong>monachus</strong></span> <span class='ocrx_word' id='word_1_269' title='bbox 2063 2546 2541 2605; x_wconf 86' lang='lat' dir='ltr'><strong>emmeramensis</strong></span> <span class='ocrx_word' id='word_1_270' title='bbox 2587 2548 2650 2605; x_wconf 88' lang='lat' dir='ltr'><strong>et</strong></span> <span class='ocrx_word' id='word_1_271' title='bbox 2695 2545 2967 2604; x_wconf 85' lang='lat' dir='ltr'><strong>decenus.</strong></span> 
     </span>
     <span class='ocr_line' id='line_1_27' title="bbox 354 2629 2968 2716; baseline 0.001 -25"><span class='ocrx_word' id='word_1_272' title='bbox 354 2634 589 2692; x_wconf 85' lang='lat' dir='ltr'><strong>electus</strong></span> <span class='ocrx_word' id='word_1_273' title='bbox 610 2639 700 2693; x_wconf 89' lang='lat' dir='ltr'><strong>est</strong></span> <span class='ocrx_word' id='word_1_274' title='bbox 720 2650 1116 2693; x_wconf 83' lang='lat' dir='ltr'><strong>successorem</strong></span> <span class='ocrx_word' id='word_1_275' title='bbox 1149 2630 1254 2715; x_wconf 81' lang='lat'><strong>(97</strong></span> <span class='ocrx_word' id='word_1_276' title='bbox 1269 2633 1347 2711; x_wconf 89' lang='lat'><strong>2).</strong></span> <span class='ocrx_word' id='word_1_277' title='bbox 1397 2635 1504 2693; x_wconf 90' lang='lat' dir='ltr'><strong>Vir</strong></span> <span class='ocrx_word' id='word_1_278' title='bbox 1524 2637 1639 2694; x_wconf 89' lang='lat' dir='ltr'><strong>fuit</strong></span> <span class='ocrx_word' id='word_1_279' title='bbox 1693 2633 1805 2692; x_wconf 89' lang='lat' dir='ltr'><strong>Hic</strong></span> <span class='ocrx_word' id='word_1_280' title='bbox 1855 2629 2303 2716; x_wconf 87' lang='lat' dir='ltr'><strong>(Arnoldus)</strong></span> <span class='ocrx_word' id='word_1_281' title='bbox 2356 2636 2547 2694; x_wconf 89' lang='lat' dir='ltr'><strong>multa</strong></span> <span class='ocrx_word' id='word_1_282' title='bbox 2609 2653 2699 2693; x_wconf 89' lang='lat' dir='ltr'><strong>res</strong></span> <span class='ocrx_word' id='word_1_283' title='bbox 2756 2638 2968 2693; x_wconf 87' lang='lat' dir='ltr'><strong>notatu</strong></span> 
     </span>
     <span class='ocr_line' id='line_1_28' title="bbox 352 2722 2967 2800; baseline 0.001 -20"><span class='ocrx_word' id='word_1_284' title='bbox 352 2722 609 2781; x_wconf 81' lang='lat' dir='ltr'><strong>eximiae</strong></span> <span class='ocrx_word' id='word_1_285' title='bbox 670 2722 930 2798; x_wconf 79' lang='lat' dir='ltr'><strong>pietatiS,</strong></span> <span class='ocrx_word' id='word_1_286' title='bbox 994 2722 1313 2800; x_wconf 86' lang='lat' dir='ltr'><strong>singularis</strong></span> <span class='ocrx_word' id='word_1_287' title='bbox 1364 2743 1468 2800; x_wconf 91' lang='lat' dir='ltr'><strong>pro</strong></span> <span class='ocrx_word' id='word_1_288' title='bbox 1517 2725 1637 2783; x_wconf 89' lang='lat' dir='ltr'><strong>illis</strong></span> <span class='ocrx_word' id='word_1_289' title='bbox 1694 2722 1864 2780; x_wconf 85' lang='lat' dir='ltr'><strong>valde</strong></span> <span class='ocrx_word' id='word_1_290' title='bbox 1910 2724 2134 2800; x_wconf 81' lang='lat' dir='ltr'><strong>dignae,</strong></span> <span class='ocrx_word' id='word_1_291' title='bbox 2188 2724 2291 2782; x_wconf 89' lang='lat' dir='ltr'><strong>sed</strong></span> <span class='ocrx_word' id='word_1_292' title='bbox 2322 2728 2383 2783; x_wconf 87' lang='lat' dir='ltr'><strong>et</strong></span> <span class='ocrx_word' id='word_1_293' title='bbox 2413 2725 2587 2800; x_wconf 87' lang='lat' dir='ltr'><strong>plane</strong></span> <span class='ocrx_word' id='word_1_294' title='bbox 2633 2725 2967 2800; x_wconf 76' lang='lat' dir='ltr'><strong>singulares</strong></span> 
     </span>
     <span class='ocr_line' id='line_1_29' title="bbox 361 2811 2968 2888; baseline 0 -18"><span class='ocrx_word' id='word_1_295' title='bbox 361 2813 730 2887; x_wconf 88' lang='lat' dir='ltr'><strong>temporibus</strong></span> <span class='ocrx_word' id='word_1_296' title='bbox 792 2811 1166 2882; x_wconf 86' lang='lat' dir='ltr'><strong>eruditionis,</strong></span> <span class='ocrx_word' id='word_1_297' title='bbox 1244 2829 1510 2871; x_wconf 90' lang='lat' dir='ltr'><strong>summae</strong></span> <span class='ocrx_word' id='word_1_298' title='bbox 1573 2815 1637 2872; x_wconf 91' lang='lat' dir='ltr'><strong>in</strong></span> <span class='ocrx_word' id='word_1_299' title='bbox 1692 2812 1935 2888; x_wconf 84' lang='lat' dir='ltr'><strong>collegit</strong></span> <span class='ocrx_word' id='word_1_300' title='bbox 1964 2812 2123 2871; x_wconf 89' lang='lat' dir='ltr'><strong>intra</strong></span> <span class='ocrx_word' id='word_1_301' title='bbox 2154 2833 2204 2872; x_wconf 89' lang='lat' dir='ltr'><strong>a.</strong></span> <span class='ocrx_word' id='word_1_302' title='bbox 2254 2823 2707 2883; x_wconf 86' lang='lat'>1035—1037‚</span> <span class='ocrx_word' id='word_1_303' title='bbox 2742 2814 2878 2871; x_wconf 87' lang='lat' dir='ltr'><strong>hinc</strong></span> <span class='ocrx_word' id='word_1_304' title='bbox 2908 2831 2968 2871; x_wconf 87' lang='lat' dir='ltr'><strong>se</strong></span> 
     </span>
     <span class='ocr_line' id='line_1_30' title="bbox 350 2900 2969 2978; baseline 0 -19"><span class='ocrx_word' id='word_1_305' title='bbox 350 2901 587 2978; x_wconf 78' lang='lat' dir='ltr'><strong>agendo</strong></span> <span class='ocrx_word' id='word_1_306' title='bbox 610 2901 949 2977; x_wconf 83' lang='lat' dir='ltr'><strong>sapientiae,</strong></span> <span class='ocrx_word' id='word_1_307' title='bbox 984 2901 1167 2958; x_wconf 88' lang='lat' dir='ltr'><strong>mirae</strong></span> <span class='ocrx_word' id='word_1_308' title='bbox 1186 2901 1249 2959; x_wconf 90' lang='lat' dir='ltr'><strong>in</strong></span> <span class='ocrx_word' id='word_1_309' title='bbox 1268 2905 1635 2976; x_wconf 76' lang='lat' dir='ltr'><strong>pertractari·</strong></span> <span class='ocrx_word' id='word_1_310' title='bbox 1694 2900 2090 2959; x_wconf 87' lang='lat' dir='ltr'><strong>Collectitium</strong></span> <span class='ocrx_word' id='word_1_311' title='bbox 2136 2903 2478 2978; x_wconf 87' lang='lat' dir='ltr'><strong>appellavit,</strong></span> <span class='ocrx_word' id='word_1_312' title='bbox 2526 2902 2778 2976; x_wconf 89' lang='lat' dir='ltr'><strong>ideoque</strong></span> <span class='ocrx_word' id='word_1_313' title='bbox 2811 2902 2969 2960; x_wconf 88' lang='lat' dir='ltr'><strong>inter</strong></span> 
     </span>
     <span class='ocr_line' id='line_1_31' title="bbox 359 2989 2966 3067; baseline 0.001 -21"><span class='ocrx_word' id='word_1_314' title='bbox 359 2990 453 3048; x_wconf 90' lang='lat' dir='ltr'><strong>dis</strong></span> <span class='ocrx_word' id='word_1_315' title='bbox 487 2991 743 3067; x_wconf 89' lang='lat' dir='ltr'><strong>negotiis</strong></span> <span class='ocrx_word' id='word_1_316' title='bbox 782 2989 1120 3066; x_wconf 86' lang='lat' dir='ltr'><strong>sagacitatis</strong></span> <span class='ocrx_word' id='word_1_317' title='bbox 1152 2993 1214 3048; x_wconf 88' lang='lat' dir='ltr'><strong>et</strong></span> <span class='ocrx_word' id='word_1_318' title='bbox 1242 2990 1341 3049; x_wconf 80' lang='lat' dir='ltr'><strong>vix</strong></span> <span class='ocrx_word' id='word_1_319' title='bbox 1371 3010 1493 3050; x_wconf 88' lang='lat' dir='ltr'><strong>non</strong></span> <span class='ocrx_word' id='word_1_320' title='bbox 1523 2993 1634 3050; x_wconf 90' lang='lat' dir='ltr'><strong>im·</strong></span> <span class='ocrx_word' id='word_1_321' title='bbox 1690 2990 2072 3065; x_wconf 86' lang='lat' dir='ltr'><strong>gravissimos</strong></span> <span class='ocrx_word' id='word_1_322' title='bbox 2093 2990 2375 3050; x_wconf 87' lang='lat' dir='ltr'><strong>historiae</strong></span> <span class='ocrx_word' id='word_1_323' title='bbox 2407 2991 2731 3066; x_wconf 85' lang='lat' dir='ltr'><strong>bajoaricae</strong></span> <span class='ocrx_word' id='word_1_324' title='bbox 2762 2996 2855 3049; x_wconf 90' lang='lat' dir='ltr'><strong>est</strong></span> <span class='ocrx_word' id='word_1_325' title='bbox 2875 3010 2966 3049; x_wconf 88' lang='lat' dir='ltr'><strong>re-</strong></span> 
     </span>
     <span class='ocr_line' id='line_1_32' title="bbox 360 3078 2966 3157; baseline 0 -20"><span class='ocrx_word' id='word_1_326' title='bbox 360 3097 595 3137; x_wconf 88' lang='lat' dir='ltr'><strong>mensae</strong></span> <span class='ocrx_word' id='word_1_327' title='bbox 612 3098 751 3157; x_wconf 87' lang='lat' dir='ltr'><strong>erga</strong></span> <span class='ocrx_word' id='word_1_328' title='bbox 770 3097 972 3137; x_wconf 91' lang='lat' dir='ltr'><strong>omnes</strong></span> <span class='ocrx_word' id='word_1_329' title='bbox 991 3079 1435 3139; x_wconf 88' lang='lat' dir='ltr'><strong>benevolentiae</strong></span> <span class='ocrx_word' id='word_1_330' title='bbox 1456 3081 1636 3140; x_wconf 89' lang='lat' dir='ltr'><strong>simul</strong></span> <span class='ocrx_word' id='word_1_331' title='bbox 1693 3078 1971 3137; x_wconf 84' lang='lat' dir='ltr'><strong>ferendus</strong></span> <span class='ocrx_word' id='word_1_332' title='bbox 2008 3079 2218 3138; x_wconf 86' lang='lat' dir='ltr'><strong>fontes.</strong></span> <span class='ocrx_word' id='word_1_333' title='bbox 2287 3080 2439 3148; x_wconf 86' lang='lat' dir='ltr'><strong>,Sed</strong></span> <span class='ocrx_word' id='word_1_334' title='bbox 2485 3079 2641 3155; x_wconf 92' lang='lat' dir='ltr'><strong>quod</strong></span> <span class='ocrx_word' id='word_1_335' title='bbox 2678 3098 2851 3156; x_wconf 89' lang='lat' dir='ltr'><strong>aegre</strong></span> <span class='ocrx_word' id='word_1_336' title='bbox 2882 3080 2966 3138; x_wconf 85' lang='lat' dir='ltr'><strong>fe·</strong></span> 
     </span>
     <span class='ocr_line' id='line_1_33' title="bbox 290 3161 2965 3245; baseline 0 -19"><span class='ocrx_word' id='word_1_337' title='bbox 290 3161 300 3170; x_wconf 78' lang='grc'><strong>”</strong></span> <span class='ocrx_word' id='word_1_338' title='bbox 351 3173 419 3226; x_wconf 83' lang='lat' dir='ltr'><strong>et</strong></span> <span class='ocrx_word' id='word_1_339' title='bbox 465 3168 921 3227; x_wconf 84' lang='lat' dir='ltr'><strong>munificentiae.</strong></span> <span class='ocrx_word' id='word_1_340' title='bbox 983 3168 1052 3226; x_wconf 92' lang='lat' dir='ltr'><strong>In</strong></span> <span class='ocrx_word' id='word_1_341' title='bbox 1117 3169 1253 3227; x_wconf 89' lang='lat' dir='ltr'><strong>aula</strong></span> <span class='ocrx_word' id='word_1_342' title='bbox 1301 3171 1635 3245; x_wconf 89' lang='lat' dir='ltr'><strong>acceptissi-</strong></span> <span class='ocrx_word' id='word_1_343' title='bbox 1691 3167 1897 3238; x_wconf 80' lang='lat' dir='ltr'><strong>rimus,</strong></span> <span class='ocrx_word' id='word_1_344' title='bbox 1945 3167 2112 3228; x_wconf 87' lang='lat' dir='ltr'><strong>addit</strong></span> <span class='ocrx_word' id='word_1_345' title='bbox 2143 3170 2371 3227; x_wconf 83' lang='lat' dir='ltr'><strong>Pertz</strong></span> <span class='ocrx_word' id='word_1_346' title='bbox 2417 3169 2480 3227; x_wconf 91' lang='lat' dir='ltr'><strong>in</strong></span> <span class='ocrx_word' id='word_1_347' title='bbox 2512 3169 2731 3227; x_wconf 88' lang='lat' dir='ltr'><strong>notitia</strong></span> <span class='ocrx_word' id='word_1_348' title='bbox 2760 3170 2824 3226; x_wconf 91' lang='lat' dir='ltr'><strong>in</strong></span> <span class='ocrx_word' id='word_1_349' title='bbox 2857 3171 2965 3227; x_wconf 88' lang='lat' dir='ltr'><strong>Ar—</strong></span> 
     </span>
     <span class='ocr_line' id='line_1_34' title="bbox 360 3255 2968 3336; baseline 0.001 -22"><span class='ocrx_word' id='word_1_350' title='bbox 360 3276 508 3325; x_wconf 75' lang='lat' dir='ltr'><strong>mua,</strong></span> <span class='ocrx_word' id='word_1_351' title='bbox 558 3257 701 3316; x_wconf 89' lang='lat' dir='ltr'><strong>dum</strong></span> <span class='ocrx_word' id='word_1_352' title='bbox 735 3258 876 3316; x_wconf 91' lang='lat' dir='ltr'><strong>Otto</strong></span> <span class='ocrx_word' id='word_1_353' title='bbox 908 3255 995 3314; x_wconf 94' lang='lat' dir='ltr'><strong>III</strong></span> <span class='ocrx_word' id='word_1_354' title='bbox 1039 3258 1415 3328; x_wconf 88' lang='lat' dir='ltr'><strong>adolesceret,</strong></span> <span class='ocrx_word' id='word_1_355' title='bbox 1464 3259 1635 3336; x_wconf 90' lang='lat' dir='ltr'><strong>regni</strong></span> <span class='ocrx_word' id='word_1_356' title='bbox 1692 3256 1954 3329; x_wconf 90' lang='lat' dir='ltr'><strong>noldum,</strong></span> <span class='ocrx_word' id='word_1_357' title='bbox 2018 3278 2125 3333; x_wconf 88' lang='lat' dir='ltr'><strong>per</strong></span> <span class='ocrx_word' id='word_1_358' title='bbox 2183 3258 2459 3335; x_wconf 87' lang='lat' dir='ltr'><strong>ambages</strong></span> <span class='ocrx_word' id='word_1_359' title='bbox 2510 3276 2856 3335; x_wconf 89' lang='lat' dir='ltr'><strong>progressus</strong></span> <span class='ocrx_word' id='word_1_360' title='bbox 2907 3262 2968 3317; x_wconf 91' lang='lat' dir='ltr'><strong>et</strong></span> 
     </span>
     <span class='ocr_line' id='line_1_35' title="bbox 358 3347 2966 3424; baseline 0.001 -20"><span class='ocrx_word' id='word_1_361' title='bbox 358 3347 649 3405; x_wconf 83' lang='lat' dir='ltr'><strong>tractabat</strong></span> <span class='ocrx_word' id='word_1_362' title='bbox 680 3347 924 3424; x_wconf 90' lang='lat' dir='ltr'><strong>negotia</strong></span> <span class='ocrx_word' id='word_1_363' title='bbox 954 3367 1059 3422; x_wconf 91' lang='lat' dir='ltr'><strong>per</strong></span> <span class='ocrx_word' id='word_1_364' title='bbox 1090 3348 1322 3407; x_wconf 87' lang='lat' dir='ltr'><strong>Italiam</strong></span> <span class='ocrx_word' id='word_1_365' title='bbox 1343 3352 1405 3406; x_wconf 91' lang='lat' dir='ltr'><strong>et</strong></span> <span class='ocrx_word' id='word_1_366' title='bbox 1420 3348 1633 3407; x_wconf 86' lang='lat' dir='ltr'><strong>Lotha-</strong></span> <span class='ocrx_word' id='word_1_367' title='bbox 1691 3364 1958 3404; x_wconf 87' lang='lat' dir='ltr'><strong>sermone</strong></span> <span class='ocrx_word' id='word_1_368' title='bbox 2009 3347 2260 3406; x_wconf 89' lang='lat' dir='ltr'><strong>nimium</strong></span> <span class='ocrx_word' id='word_1_369' title='bbox 2314 3348 2550 3422; x_wconf 90' lang='lat' dir='ltr'><strong>copioso</strong></span> <span class='ocrx_word' id='word_1_370' title='bbox 2600 3366 2765 3420; x_wconf 81' lang='lat' dir='ltr'><strong>usuS‚</strong></span> <span class='ocrx_word' id='word_1_371' title='bbox 2821 3347 2966 3407; x_wconf 89' lang='lat' dir='ltr'><strong>adeo</strong></span> 
     </span>
     <span class='ocr_line' id='line_1_36' title="bbox 357 3435 2963 3514; baseline 0 -21"><span class='ocrx_word' id='word_1_372' title='bbox 357 3435 633 3512; x_wconf 86' lang='lat' dir='ltr'><strong>ringiam‚</strong></span> <span class='ocrx_word' id='word_1_373' title='bbox 686 3436 851 3494; x_wconf 91' lang='lat' dir='ltr'><strong>illius</strong></span> <span class='ocrx_word' id='word_1_374' title='bbox 898 3437 1190 3511; x_wconf 87' lang='lat' dir='ltr'><strong>pueritiae</strong></span> <span class='ocrx_word' id='word_1_375' title='bbox 1233 3441 1573 3514; x_wconf 86' lang='lat' dir='ltr'><strong>praeceptor</strong></span> <span class='ocrx_word' id='word_1_376' title='bbox 1603 3458 1636 3496; x_wconf 83' lang='lat' dir='ltr'><strong>a</strong></span> <span class='ocrx_word' id='word_1_377' title='bbox 1691 3435 1911 3494; x_wconf 87' lang='lat' dir='ltr'><strong>librum</strong></span> <span class='ocrx_word' id='word_1_378' title='bbox 1959 3437 2126 3494; x_wconf 86' lang='lat' dir='ltr'><strong>auxit</strong></span> <span class='ocrx_word' id='word_1_379' title='bbox 2155 3441 2217 3496; x_wconf 91' lang='lat' dir='ltr'><strong>et</strong></span> <span class='ocrx_word' id='word_1_380' title='bbox 2246 3437 2534 3512; x_wconf 86' lang='lat' dir='ltr'><strong>pretiosas</strong></span> <span class='ocrx_word' id='word_1_381' title='bbox 2582 3436 2716 3495; x_wconf 88' lang='lat' dir='ltr'><strong>illas</strong></span> <span class='ocrx_word' id='word_1_382' title='bbox 2764 3456 2963 3494; x_wconf 89' lang='lat' dir='ltr'><strong>narra-</strong></span> 
     </span>
     <span class='ocr_line' id='line_1_37' title="bbox 358 3524 2963 3601; baseline 0.001 -20"><span class='ocrx_word' id='word_1_383' title='bbox 358 3524 704 3583; x_wconf 80' lang='lat' dir='ltr'><strong>Germaniae</strong></span> <span class='ocrx_word' id='word_1_384' title='bbox 724 3526 1095 3601; x_wconf 88' lang='lat' dir='ltr'><strong>principibus</strong></span> <span class='ocrx_word' id='word_1_385' title='bbox 1125 3527 1419 3594; x_wconf 88' lang='lat' dir='ltr'><strong>delectus;</strong></span> <span class='ocrx_word' id='word_1_386' title='bbox 1454 3528 1634 3585; x_wconf 86' lang='lat' dir='ltr'><strong>etiam</strong></span> <span class='ocrx_word' id='word_1_387' title='bbox 1690 3524 1882 3582; x_wconf 87' lang='lat' dir='ltr'><strong>tiones</strong></span> <span class='ocrx_word' id='word_1_388' title='bbox 1916 3525 2101 3583; x_wconf 87' lang='lat' dir='ltr'><strong>tantis</strong></span> <span class='ocrx_word' id='word_1_389' title='bbox 2135 3528 2196 3583; x_wconf 89' lang='lat' dir='ltr'><strong>et</strong></span> <span class='ocrx_word' id='word_1_390' title='bbox 2226 3529 2344 3584; x_wconf 85' lang='lat' dir='ltr'><strong>tam</strong></span> <span class='ocrx_word' id='word_1_391' title='bbox 2388 3526 2596 3584; x_wconf 87' lang='lat' dir='ltr'><strong>multis</strong></span> <span class='ocrx_word' id='word_1_392' title='bbox 2642 3527 2963 3585; x_wconf 88' lang='lat' dir='ltr'><strong>interlocu-</strong></span> 
     </span>
     <span class='ocr_line' id='line_1_38' title="bbox 360 3614 2964 3692; baseline 0.001 -22"><span class='ocrx_word' id='word_1_393' title='bbox 360 3614 590 3672; x_wconf 87' lang='lat' dir='ltr'><strong>romani</strong></span> <span class='ocrx_word' id='word_1_394' title='bbox 623 3614 930 3689; x_wconf 89' lang='lat' dir='ltr'><strong>pontifices</strong></span> <span class='ocrx_word' id='word_1_395' title='bbox 963 3615 1027 3672; x_wconf 89' lang='lat' dir='ltr'><strong>in</strong></span> <span class='ocrx_word' id='word_1_396' title='bbox 1058 3616 1331 3692; x_wconf 88' lang='lat' dir='ltr'><strong>gerendis</strong></span> <span class='ocrx_word' id='word_1_397' title='bbox 1374 3616 1632 3692; x_wconf 89' lang='lat' dir='ltr'><strong>negotiis</strong></span> <span class='ocrx_word' id='word_1_398' title='bbox 1689 3614 1955 3672; x_wconf 90' lang='lat' dir='ltr'><strong>tionibus</strong></span> <span class='ocrx_word' id='word_1_399' title='bbox 2000 3618 2061 3673; x_wconf 84' lang='lat' dir='ltr'><strong>et</strong></span> <span class='ocrx_word' id='word_1_400' title='bbox 2105 3615 2643 3689; x_wconf 78' lang='lat' dir='ltr'><strong>disquisitionibuS‚</strong></span> <span class='ocrx_word' id='word_1_401' title='bbox 2697 3634 2845 3690; x_wconf 91' lang='lat' dir='ltr'><strong>quae</strong></span> <span class='ocrx_word' id='word_1_402' title='bbox 2891 3614 2964 3672; x_wconf 89' lang='lat' dir='ltr'><strong>ad</strong></span> 
     </span>
     <span class='ocr_line' id='line_1_39' title="bbox 355 3703 2962 3779; baseline 0.001 -20"><span class='ocrx_word' id='word_1_403' title='bbox 355 3703 487 3775; x_wconf 60' lang='lat' dir='ltr'><strong>⁴ejus</strong></span> <span class='ocrx_word' id='word_1_404' title='bbox 529 3704 860 3762; x_wconf 85' lang='lat' dir='ltr'><strong>utebantur</strong></span> <span class='ocrx_word' id='word_1_405' title='bbox 909 3721 1100 3779; x_wconf 89' lang='lat' dir='ltr'><strong>opera.</strong></span> <span class='ocrx_word' id='word_1_406' title='bbox 1163 3705 1342 3763; x_wconf 91' lang='lat' dir='ltr'><strong>Suam</strong></span> <span class='ocrx_word' id='word_1_407' title='bbox 1392 3705 1632 3763; x_wconf 85' lang='lat' dir='ltr'><strong>interim</strong></span> <span class='ocrx_word' id='word_1_408' title='bbox 1688 3703 2000 3762; x_wconf 82' lang='lat' dir='ltr'><strong>historiam</strong></span> <span class='ocrx_word' id='word_1_409' title='bbox 2063 3704 2481 3763; x_wconf 89' lang='lat' dir='ltr'><strong>illustrandam</strong></span> <span class='ocrx_word' id='word_1_410' title='bbox 2535 3704 2687 3762; x_wconf 91' lang='lat' dir='ltr'><strong>nihil</strong></span> <span class='ocrx_word' id='word_1_411' title='bbox 2738 3704 2962 3762; x_wconf 90' lang='lat' dir='ltr'><strong>condu-</strong></span> 
     </span>
     <span class='ocr_line' id='line_1_40' title="bbox 363 3793 2964 3870; baseline 0.001 -22"><span class='ocrx_word' id='word_1_412' title='bbox 363 3809 481 3848; x_wconf 92' lang='lat' dir='ltr'><strong>non</strong></span> <span class='ocrx_word' id='word_1_413' title='bbox 500 3793 846 3868; x_wconf 86' lang='lat' dir='ltr'><strong>negligebat</strong></span> <span class='ocrx_word' id='word_1_414' title='bbox 876 3794 1197 3851; x_wconf 87' lang='lat' dir='ltr'><strong>ecclesiam.</strong></span> <span class='ocrx_word' id='word_1_415' title='bbox 1243 3794 1324 3853; x_wconf 90' lang='lat' dir='ltr'><strong>De</strong></span> <span class='ocrx_word' id='word_1_416' title='bbox 1343 3796 1473 3868; x_wconf 90' lang='lat' dir='ltr'><strong>ejus</strong></span> <span class='ocrx_word' id='word_1_417' title='bbox 1494 3811 1632 3852; x_wconf 86' lang='lat' dir='ltr'><strong>con·</strong></span> <span class='ocrx_word' id='word_1_418' title='bbox 1689 3794 1852 3862; x_wconf 83' lang='lat' dir='ltr'><strong>cunt,</strong></span> <span class='ocrx_word' id='word_1_419' title='bbox 1905 3793 2148 3862; x_wconf 83' lang='lat' dir='ltr'><strong>obtexit,</strong></span> <span class='ocrx_word' id='word_1_420' title='bbox 2204 3798 2273 3851; x_wconf 90' lang='lat' dir='ltr'><strong>ut</strong></span> <span class='ocrx_word' id='word_1_421' title='bbox 2319 3793 2624 3870; x_wconf 88' lang='lat' dir='ltr'><strong>integrum</strong></span> <span class='ocrx_word' id='word_1_422' title='bbox 2675 3812 2824 3869; x_wconf 87' lang='lat' dir='ltr'><strong>opus</strong></span> <span class='ocrx_word' id='word_1_423' title='bbox 2872 3794 2964 3851; x_wconf 91' lang='lat' dir='ltr'><strong>hic</strong></span> 
     </span>
     <span class='ocr_line' id='line_1_41' title="bbox 364 3878 2963 3958; baseline 0.002 -23"><span class='ocrx_word' id='word_1_424' title='bbox 364 3878 585 3939; x_wconf 86' lang='lat' dir='ltr'><strong>ditione</strong></span> <span class='ocrx_word' id='word_1_425' title='bbox 630 3881 940 3957; x_wconf 83' lang='lat' dir='ltr'><strong>temporali</strong></span> <span class='ocrx_word' id='word_1_426' title='bbox 986 3883 1234 3941; x_wconf 73' lang='lat' dir='ltr'><strong>maxime</strong></span> <span class='ocrx_word' id='word_1_427' title='bbox 1266 3883 1386 3941; x_wconf 84' lang='lat' dir='ltr'><strong>fuit</strong></span> <span class='ocrx_word' id='word_1_428' title='bbox 1415 3883 1631 3941; x_wconf 86' lang='lat' dir='ltr'><strong>sollici·</strong></span> <span class='ocrx_word' id='word_1_429' title='bbox 1687 3899 1861 3940; x_wconf 88' lang='lat' dir='ltr'><strong>nemo</strong></span> <span class='ocrx_word' id='word_1_430' title='bbox 1885 3882 2080 3958; x_wconf 84' lang='lat' dir='ltr'><strong>legere</strong></span> <span class='ocrx_word' id='word_1_431' title='bbox 2116 3882 2296 3941; x_wconf 87' lang='lat' dir='ltr'><strong>vellet</strong></span> <span class='ocrx_word' id='word_1_432' title='bbox 2311 3891 2357 3941; x_wconf 61' lang='lat'><strong>⁴1.</strong></span> <span class='ocrx_word' id='word_1_433' title='bbox 2403 3882 2640 3958; x_wconf 87' lang='lat' dir='ltr'><strong>Adjecit</strong></span> <span class='ocrx_word' id='word_1_434' title='bbox 2660 3883 2782 3941; x_wconf 88' lang='lat' dir='ltr'><strong>scil.</strong></span> <span class='ocrx_word' id='word_1_435' title='bbox 2805 3882 2963 3941; x_wconf 83' lang='lat' dir='ltr'><strong>vitae</strong></span> 
     </span>
     <span class='ocr_line' id='line_1_42' title="bbox 361 3970 2962 4047; baseline 0.002 -21"><span class='ocrx_word' id='word_1_436' title='bbox 361 3970 461 4026; x_wconf 87' lang='lat' dir='ltr'><strong>tus</strong></span> <span class='ocrx_word' id='word_1_437' title='bbox 483 3987 725 4045; x_wconf 88' lang='lat' dir='ltr'><strong>eamque</strong></span> <span class='ocrx_word' id='word_1_438' title='bbox 747 3971 1073 4047; x_wconf 88' lang='lat' dir='ltr'><strong>plurimum</strong></span> <span class='ocrx_word' id='word_1_439' title='bbox 1093 3972 1405 4046; x_wconf 86' lang='lat' dir='ltr'><strong>promovit,</strong></span> <span class='ocrx_word' id='word_1_440' title='bbox 1439 3991 1632 4047; x_wconf 90' lang='lat' dir='ltr'><strong>neque</strong></span> <span class='ocrx_word' id='word_1_441' title='bbox 1687 3991 1722 4028; x_wconf 90' lang='lat' dir='ltr'><strong>a</strong></span> <span class='ocrx_word' id='word_1_442' title='bbox 1752 3971 2116 4047; x_wconf 84' lang='lat' dir='ltr'><strong>Meginfredo</strong></span> <span class='ocrx_word' id='word_1_443' title='bbox 2162 3971 2477 4030; x_wconf 86' lang='lat' dir='ltr'><strong>adornatae</strong></span> <span class='ocrx_word' id='word_1_444' title='bbox 2510 3972 2570 4034; x_wconf 92' lang='lat' dir='ltr'><strong>ll.</strong></span> <span class='ocrx_word' id='word_1_445' title='bbox 2607 3981 2640 4033; x_wconf 89' lang='lat'>2</span> <span class='ocrx_word' id='word_1_446' title='bbox 2676 3973 2745 4029; x_wconf 79' lang='lat' dir='ltr'><strong>de</strong></span> <span class='ocrx_word' id='word_1_447' title='bbox 2775 3974 2962 4030; x_wconf 85' lang='lat' dir='ltr'><strong>mira-</strong></span> 
     </span>
     <span class='ocr_line' id='line_1_43' title="bbox 357 4056 2961 4137; baseline 0.002 -21"><span class='ocrx_word' id='word_1_448' title='bbox 357 4056 556 4116; x_wconf 89' lang='lat' dir='ltr'><strong>minus</strong></span> <span class='ocrx_word' id='word_1_449' title='bbox 605 4059 938 4134; x_wconf 87' lang='lat' dir='ltr'><strong>spiritualis</strong></span> <span class='ocrx_word' id='word_1_450' title='bbox 989 4060 1132 4119; x_wconf 93' lang='lat' dir='ltr'><strong>boni</strong></span> <span class='ocrx_word' id='word_1_451' title='bbox 1183 4061 1455 4119; x_wconf 86' lang='lat' dir='ltr'><strong>solertem</strong></span> <span class='ocrx_word' id='word_1_452' title='bbox 1509 4061 1633 4137; x_wconf 89' lang='lat' dir='ltr'><strong>egit</strong></span> <span class='ocrx_word' id='word_1_453' title='bbox 1686 4060 1831 4117; x_wconf 80' lang='lat' dir='ltr'><strong>culis</strong></span> <span class='ocrx_word' id='word_1_454' title='bbox 1861 4067 1911 4117; x_wconf 78' lang='lat' dir='ltr'><strong>ec</strong></span> <span class='ocrx_word' id='word_1_455' title='bbox 1943 4062 2221 4118; x_wconf 81' lang='lat' dir='ltr'><strong>memoria</strong></span> <span class='ocrx_word' id='word_1_456' title='bbox 2256 4060 2302 4119; x_wconf 80' lang='lat' dir='ltr'><strong>b.</strong></span> <span class='ocrx_word' id='word_1_457' title='bbox 2337 4060 2773 4136; x_wconf 83' lang='lat' dir='ltr'><strong>Emmerammi,</strong></span> <span class='ocrx_word' id='word_1_458' title='bbox 2815 4080 2961 4135; x_wconf 90' lang='lat' dir='ltr'><strong>quo-</strong></span> 
     </span>
     <span class='ocr_line' id='line_1_44' title="bbox 348 4148 2962 4225; baseline 0.002 -21"><span class='ocrx_word' id='word_1_459' title='bbox 348 4165 588 4206; x_wconf 83' lang='lat' dir='ltr'><strong>curam:</strong></span> <span class='ocrx_word' id='word_1_460' title='bbox 636 4149 908 4224; x_wconf 86' lang='lat' dir='ltr'><strong>inprimis</strong></span> <span class='ocrx_word' id='word_1_461' title='bbox 954 4148 1231 4207; x_wconf 88' lang='lat' dir='ltr'><strong>incubuit</strong></span> <span class='ocrx_word' id='word_1_462' title='bbox 1260 4150 1631 4209; x_wconf 87' lang='lat' dir='ltr'><strong>reformando</strong></span> <span class='ocrx_word' id='word_1_463' title='bbox 1687 4168 1822 4206; x_wconf 90' lang='lat' dir='ltr'><strong>rum</strong></span> <span class='ocrx_word' id='word_1_464' title='bbox 1847 4158 1901 4210; x_wconf 92' lang='grc'><strong>2.</strong></span> <span class='ocrx_word' id='word_1_465' title='bbox 1923 4149 2110 4207; x_wconf 86' lang='lat' dir='ltr'><strong>forma</strong></span> <span class='ocrx_word' id='word_1_466' title='bbox 2129 4148 2353 4225; x_wconf 88' lang='lat' dir='ltr'><strong>dialogi</strong></span> <span class='ocrx_word' id='word_1_467' title='bbox 2374 4149 2532 4207; x_wconf 84' lang='lat' dir='ltr'><strong>inter</strong></span> <span class='ocrx_word' id='word_1_468' title='bbox 2549 4148 2962 4208; x_wconf 87' lang='lat' dir='ltr'><strong>Admonitium</strong></span> 
     </span>
     <span class='ocr_line' id='line_1_45' title="bbox 354 4235 2960 4314; baseline 0 -19"><span class='ocrx_word' id='word_1_469' title='bbox 354 4240 417 4295; x_wconf 88' lang='lat' dir='ltr'><strong>et</strong></span> <span class='ocrx_word' id='word_1_470' title='bbox 446 4235 817 4296; x_wconf 88' lang='lat' dir='ltr'><strong>instituendo</strong></span> <span class='ocrx_word' id='word_1_471' title='bbox 864 4238 1040 4296; x_wconf 87' lang='lat' dir='ltr'><strong>clero:</strong></span> <span class='ocrx_word' id='word_1_472' title='bbox 1099 4238 1236 4296; x_wconf 90' lang='lat' dir='ltr'><strong>hinc</strong></span> <span class='ocrx_word' id='word_1_473' title='bbox 1282 4239 1482 4298; x_wconf 89' lang='lat' dir='ltr'><strong>studia</strong></span> <span class='ocrx_word' id='word_1_474' title='bbox 1518 4238 1629 4296; x_wconf 91' lang='lat' dir='ltr'><strong>im·</strong></span> <span class='ocrx_word' id='word_1_475' title='bbox 1686 4240 1747 4295; x_wconf 89' lang='lat' dir='ltr'><strong>et</strong></span> <span class='ocrx_word' id='word_1_476' title='bbox 1778 4238 2175 4296; x_wconf 90' lang='lat' dir='ltr'><strong>Collectitium</strong></span> <span class='ocrx_word' id='word_1_477' title='bbox 2221 4241 2313 4296; x_wconf 90' lang='lat' dir='ltr'><strong>est</strong></span> <span class='ocrx_word' id='word_1_478' title='bbox 2345 4238 2716 4314; x_wconf 86' lang='lat' dir='ltr'><strong>conscriptus</strong></span> <span class='ocrx_word' id='word_1_479' title='bbox 2752 4239 2960 4296; x_wconf 90' lang='lat' dir='ltr'><strong>variis-</strong></span> 
     </span>
     <span class='ocr_line' id='line_1_46' title="bbox 355 4327 2958 4401; baseline 0.001 -18"><span class='ocrx_word' id='word_1_480' title='bbox 355 4344 536 4400; x_wconf 86' lang='lat' dir='ltr'><strong>pense</strong></span> <span class='ocrx_word' id='word_1_481' title='bbox 562 4327 747 4385; x_wconf 90' lang='lat' dir='ltr'><strong>coluit</strong></span> <span class='ocrx_word' id='word_1_482' title='bbox 777 4330 837 4385; x_wconf 91' lang='lat' dir='ltr'><strong>et</strong></span> <span class='ocrx_word' id='word_1_483' title='bbox 868 4327 1031 4398; x_wconf 83' lang='lat' dir='ltr'><strong>fovit,</strong></span> <span class='ocrx_word' id='word_1_484' title='bbox 1066 4327 1152 4385; x_wconf 89' lang='lat' dir='ltr'><strong>ita</strong></span> <span class='ocrx_word' id='word_1_485' title='bbox 1171 4329 1241 4384; x_wconf 80' lang='lat' dir='ltr'><strong>ut</strong></span> <span class='ocrx_word' id='word_1_486' title='bbox 1260 4327 1333 4385; x_wconf 87' lang='lat' dir='ltr'><strong>ab</strong></span> <span class='ocrx_word' id='word_1_487' title='bbox 1352 4328 1444 4397; x_wconf 86' lang='lat' dir='ltr'><strong>iis,</strong></span> <span class='ocrx_word' id='word_1_488' title='bbox 1476 4331 1629 4387; x_wconf 91' lang='lat' dir='ltr'><strong>teste</strong></span> <span class='ocrx_word' id='word_1_489' title='bbox 1686 4345 1803 4401; x_wconf 88' lang='lat' dir='ltr'><strong>que</strong></span> <span class='ocrx_word' id='word_1_490' title='bbox 1847 4327 2081 4385; x_wconf 82' lang='lat' dir='ltr'><strong>notitiis</strong></span> <span class='ocrx_word' id='word_1_491' title='bbox 2114 4330 2175 4385; x_wconf 88' lang='lat' dir='ltr'><strong>et</strong></span> <span class='ocrx_word' id='word_1_492' title='bbox 2220 4327 2509 4386; x_wconf 86' lang='lat' dir='ltr'><strong>factorum</strong></span> <span class='ocrx_word' id='word_1_493' title='bbox 2558 4327 2821 4386; x_wconf 88' lang='lat' dir='ltr'><strong>historiis</strong></span> <span class='ocrx_word' id='word_1_494' title='bbox 2866 4347 2958 4386; x_wconf 93' lang='lat' dir='ltr'><strong>re-</strong></span> 
     </span>
     <span class='ocr_line' id='line_1_47' title="bbox 354 4416 2958 4492; baseline 0 -20"><span class='ocrx_word' id='word_1_495' title='bbox 354 4418 460 4472; x_wconf 85' lang='lat' dir='ltr'><strong>An</strong></span> <span class='ocrx_word' id='word_1_496' title='bbox 480 4416 751 4486; x_wconf 92' lang='lat' dir='ltr'><strong>selmo,</strong></span> <span class='ocrx_word' id='word_1_497' title='bbox 786 4416 880 4474; x_wconf 83' lang='lat' dir='ltr'><strong>vix</strong></span> <span class='ocrx_word' id='word_1_498' title='bbox 915 4416 1178 4491; x_wconf 89' lang='lat' dir='ltr'><strong>potuerit</strong></span> <span class='ocrx_word' id='word_1_499' title='bbox 1208 4417 1384 4474; x_wconf 79' lang='lat' dir='ltr'><strong>avelli</strong></span> <span class='ocrx_word' id='word_1_500' title='bbox 1416 4419 1629 4474; x_wconf 90' lang='lat' dir='ltr'><strong>etcum</strong></span> <span class='ocrx_word' id='word_1_501' title='bbox 1685 4416 1893 4475; x_wconf 76' lang='lat' dir='ltr'><strong>fer-tue.</strong></span> <span class='ocrx_word' id='word_1_502' title='bbox 1942 4416 2139 4475; x_wconf 84' lang='lat' dir='ltr'><strong>Habes</strong></span> <span class='ocrx_word' id='word_1_503' title='bbox 2171 4435 2270 4475; x_wconf 90' lang='lat' dir='ltr'><strong>eos</strong></span> <span class='ocrx_word' id='word_1_504' title='bbox 2303 4416 2366 4473; x_wconf 91' lang='lat' dir='ltr'><strong>in</strong></span> <span class='ocrx_word' id='word_1_505' title='bbox 2399 4419 2528 4474; x_wconf 85' lang='lat' dir='ltr'><strong>Act.</strong></span> <span class='ocrx_word' id='word_1_506' title='bbox 2555 4416 2653 4480; x_wconf 89' lang='lat' dir='ltr'><strong>SS.</strong></span> <span class='ocrx_word' id='word_1_507' title='bbox 2678 4425 2775 4478; x_wconf 86' lang='lat'><strong>22.</strong></span> <span class='ocrx_word' id='word_1_508' title='bbox 2798 4420 2958 4492; x_wconf 86' lang='lat' dir='ltr'><strong>Sept.</strong></span> 
     </span>
     <span class='ocr_line' id='line_1_48' title="bbox 354 4504 1627 4581; baseline 0.003 -21"><span class='ocrx_word' id='word_1_509' title='bbox 354 4504 418 4561; x_wconf 93' lang='lat' dir='ltr'><strong>in</strong></span> <span class='ocrx_word' id='word_1_510' title='bbox 450 4504 545 4561; x_wconf 81' lang='lat' dir='ltr'><strong>via</strong></span> <span class='ocrx_word' id='word_1_511' title='bbox 578 4509 868 4581; x_wconf 88' lang='lat' dir='ltr'><strong>pergeret,</strong></span> <span class='ocrx_word' id='word_1_512' title='bbox 911 4523 1110 4563; x_wconf 90' lang='lat' dir='ltr'><strong>secum</strong></span> <span class='ocrx_word' id='word_1_513' title='bbox 1143 4505 1372 4563; x_wconf 89' lang='lat' dir='ltr'><strong>scholas</strong></span> <span class='ocrx_word' id='word_1_514' title='bbox 1405 4506 1627 4564; x_wconf 87' lang='lat' dir='ltr'><strong>schola-</strong></span> 
     </span>
    </p>
   </div>
   <div class='ocr_carea' id='block_1_3' title="bbox 351 4594 2947 4712">
    <p class='ocr_par' dir='ltr' id='par_1_3' title="bbox 351 4594 2947 4712">
     <span class='ocr_line' id='line_1_49' title="bbox 351 4594 2947 4712; baseline 0.011 -63"><span class='ocrx_word' id='word_1_515' title='bbox 351 4611 570 4667; x_wconf 88' lang='lat' dir='ltr'><strong>resque</strong></span> <span class='ocrx_word' id='word_1_516' title='bbox 629 4594 1093 4653; x_wconf 88' lang='lat' dir='ltr'><strong>circumduceret</strong></span> <span class='ocrx_word' id='word_1_517' title='bbox 1155 4611 1287 4652; x_wconf 88' lang='lat' dir='ltr'><strong>cum</strong></span> <span class='ocrx_word' id='word_1_518' title='bbox 1348 4595 1507 4653; x_wconf 90' lang='lat' dir='ltr'><strong>omni</strong></span> <span class='ocrx_word' id='word_1_519' title='bbox 1554 4595 1627 4653; x_wconf 91' lang='lat' dir='ltr'><strong>li·</strong></span> <span class='ocrx_word' id='word_1_520' title='bbox 1765 4645 1799 4712; x_wconf 63' lang='lat'><strong>¹)</strong></span> <span class='ocrx_word' id='word_1_521' title='bbox 1845 4639 2198 4694; x_wconf 27' lang='lat' dir='ltr'><strong>Cfuffisfflit·</strong></span> <span class='ocrx_word' id='word_1_522' title='bbox 2229 4643 2351 4706; x_wconf 46' lang='lat' dir='ltr'><strong>VH,</strong></span> <span class='ocrx_word' id='word_1_523' title='bbox 2379 4647 2690 4698; x_wconf 78' lang='lat'>208—216:</span> <span class='ocrx_word' id='word_1_524' title='bbox 2733 4636 2947 4694; x_wconf 63' lang='lat' dir='ltr'><strong>deefr</strong></span> 
     </span>
    </p>
   </div>
   <div class='ocr_carea' id='block_1_4' title="bbox 346 4679 2945 4848">
    <p class='ocr_par' dir='ltr' id='par_1_4' title="bbox 346 4679 2945 4848">
     <span class='ocr_line' id='line_1_50' title="bbox 352 4679 2945 4784; baseline 0.004 -28"><span class='ocrx_word' id='word_1_525' title='bbox 352 4681 552 4740; x_wconf 62' lang='lat' dir='ltr'><strong>bl&#39;flria</strong></span> <span class='ocrx_word' id='word_1_526' title='bbox 602 4682 961 4783; x_wconf 44' lang='lat' dir='ltr'>§upssuqctffi</span> <span class='ocrx_word' id='word_1_527' title='bbox 1011 4679 1072 4762; x_wconf 62' lang='grc' dir='ltr'><strong>(Ῠ</strong></span> <span class='ocrx_word' id='word_1_528' title='bbox 1121 4692 1176 4747; x_wconf 80' lang='grc'><strong>8·</strong></span> <span class='ocrx_word' id='word_1_529' title='bbox 1222 4685 1362 4758; x_wconf 69' lang='lat' dir='ltr'>Apr-</span> <span class='ocrx_word' id='word_1_530' title='bbox 1420 4683 1627 4759; x_wconf 81' lang='grc'><strong>1008)·</strong></span> <span class='ocrx_word' id='word_1_531' title='bbox 1684 4711 1927 4764; x_wconf 88' lang='lat' dir='ltr'><strong>Kurth</strong></span> <span class='ocrx_word' id='word_1_532' title='bbox 1996 4711 2342 4784; x_wconf 83' lang='lat' dir='ltr'><strong>Biographie</strong></span> <span class='ocrx_word' id='word_1_533' title='bbox 2406 4714 2473 4766; x_wconf 83' lang='lat' dir='ltr'><strong>cle</strong></span> <span class='ocrx_word' id='word_1_534' title='bbox 2534 4714 2658 4768; x_wconf 71' lang='lat' dir='ltr'><strong>l&#39;eV.</strong></span> <span class='ocrx_word' id='word_1_535' title='bbox 2726 4712 2945 4782; x_wconf 89' lang='lat' dir='ltr'><strong>Notger</strong></span> 
     </span>
     <span class='ocr_line' id='line_1_51' title="bbox 346 4769 2154 4848; baseline 0.007 -21"><span class='ocrx_word' id='word_1_536' title='bbox 346 4769 499 4828; x_wconf 81' lang='lat' dir='ltr'><strong>Cum</strong></span> <span class='ocrx_word' id='word_1_537' title='bbox 566 4790 723 4831; x_wconf 76' lang='lat' dir='ltr'><strong>viros</strong></span> <span class='ocrx_word' id='word_1_538' title='bbox 787 4773 1055 4831; x_wconf 78' lang='lat' dir='ltr'><strong>literatos</strong></span> <span class='ocrx_word' id='word_1_539' title='bbox 1107 4772 1179 4830; x_wconf 90' lang='lat' dir='ltr'><strong>ad</strong></span> <span class='ocrx_word' id='word_1_540' title='bbox 1230 4773 1628 4848; x_wconf 86' lang='lat' dir='ltr'><strong>componenda</strong></span> <span class='ocrx_word' id='word_1_541' title='bbox 1685 4782 1969 4836; x_wconf 85' lang='lat' dir='ltr'><strong>Bruxellis</strong></span> <span class='ocrx_word' id='word_1_542' title='bbox 2001 4790 2154 4840; x_wconf 86' lang='grc'>1891.</span> 
     </span>
    </p>
   </div>
   <div class='ocr_carea' id='block_1_5' title="bbox 1686 4558 2003 4565">
    <p class='ocr_par' dir='ltr' id='par_1_5' title="bbox 1686 4558 2003 4565">
     <span class='ocr_line' id='line_1_52' title="bbox 1686 4558 2003 4565; baseline 0 596"><span class='ocrx_word' id='word_1_543' title='bbox 1686 4558 2003 4565; x_wconf 95' lang='lat' dir='ltr'><strong> </strong></span> 
     </span>
    </p>
   </div>
   <div class='ocr_carea' id='block_1_6' title="bbox 2535 4877 2628 4930">
    <p class='ocr_par' dir='ltr' id='par_1_6' title="bbox 2535 4877 2628 4930">
     <span class='ocr_line' id='line_1_53' title="bbox 2535 4877 2628 4930; baseline -0.011 0"><span class='ocrx_word' id='word_1_544' title='bbox 2535 4877 2628 4930; x_wconf 87' lang='lat'><strong>31·</strong></span> 
     </span>
    </p>
   </div>
  </div>
 </body>
</html>
