3505 5161
363 248 397 299 9
409 247 441 300 3
454 248 485 300 γ
1466 230 1869 285 Ekkehardus.
2851 246 2884 297 9
2894 246 2927 298 3
2938 245 2972 298 8

362 415 655 474 celebrem
688 414 879 473 Vitam
915 414 1229 473 Waltharii
1252 433 1434 472 manu
1453 413 1643 485 forssiS,
1699 419 1803 474 tus
1836 420 1928 474 est
1970 416 2219 490 ejusque
2252 414 2439 471 filium
2474 414 2756 473 Ottonem
2786 414 2843 470 11
2889 413 2980 470 in·

361 504 806 580 Aquitanorum
855 503 1163 579 principis,
1230 503 1333 562 sed
1385 503 1647 562 dictione
1703 504 2075 563 stilzuendum
2139 502 2421 578 suscepit.
2510 503 2722 579 Magna
2793 503 2983 561 valuit

364 593 505 652 adeo
537 593 804 662 barbara,
841 596 911 651 ut
942 591 1332 651 Ekkehardus
1352 592 1449 650 IV.
1481 592 1646 651 illam
1702 595 1897 671 gratia
1915 593 2073 668 apud
2094 592 2527 668 imperatorem,
2564 611 2682 666 qua
2712 610 2860 650 usus
2893 600 2984 649 est

361 682 458 740 vix
503 682 770 757 potuerit
815 682 1150 740 emundare.
1222 681 1315 740 Ita
1363 682 1646 740 emunda·
1702 683 1767 741 in
1818 682 1913 741 sui
1964 681 2311 741 monasterii
2365 681 2754 739 commodum.
2821 679 2985 739 obiit.

361 778 484 828 tam
551 770 717 828 illam
786 770 976 829 edidit
1043 770 1166 831 Jae.
1240 771 1287 829 G
1307 771 1522 828 rimm
1583 770 1647 828 in
1701 770 2078 848 praepositus
2120 770 2511 848 moguntinus
2549 779 2647 832 23.
2680 771 2820 844 Apr.
2856 779 2979 831 990

362 861 488 923 Lat.
521 859 804 919 Gedichte
850 859 951 918 des
997 860 1064 917 X.
1111 859 1237 918 und
1283 860 1379 922 XI.
1417 859 1641 932 Jahrb„
1702 861 1929 919 relictis
1951 861 2384 936 epiyrammatis
2403 861 2471 917 et
2486 861 2810 936 sequentiis,
2834 875 2984 932 quae

364 948 686 1025 Gottingen
716 957 879 1012 1838
912 968 968 1023 p.
999 958 1251 1011 1—126
1288 950 1397 1007 eol.
1432 957 1645 1011 383-
1703 951 1903 1008 tamen
1921 950 2250 1024 perierunt,
2272 966 2453 1007 unam
2475 948 2526 1006 si
2548 947 2805 1022 excipias
2827 946 2981 1021 apud

368 1047 525 1108 385;
588 1038 718 1096 Jos.
770 1038 922 1097 vict.
975 1037 1325 1097 Soheffel
1382 1039 1443 1096 eli
1501 1038 1648 1098 Alfr.
1702 1038 2042 1097 Kebrein
2088 1055 2180 1113 op.
2226 1038 2327 1095 cit.
2374 1056 2432 1097 n.
2470 1046 2612 1099 544.
2678 1036 2985 1094 Visitassio-

363 1127 417 1185 H
435 1126 607 1185 olde
625 1146 656 1184 r
686 1127 748 1186 in
776 1145 869 1203 op.
892 1127 1255 1186 Waltharius
1274 1126 1378 1185 lat.
1400 1126 1650 1186 Gedioht
1702 1146 1839 1185 nem
1877 1127 2220 1186 monasterii
2265 1127 2340 1184 ab
2384 1129 2514 1184 octo
2561 1124 2849 1201 episcopis
2892 1125 2983 1182 in—

364 1215 467 1273 des
487 1215 555 1273 X.
578 1216 782 1275 Jahrb.
816 1215 929 1274 mit
959 1215 1276 1274 deutscher
1304 1215 1646 1293 Uebertrag.
1704 1217 1979 1275 stitutam
2025 1215 2360 1291 descripsit,
2411 1233 2590 1290 quam
2635 1213 2983 1273 relationem

362 1324 422 1362 υ..
467 1304 711 1375 Erlaut„
765 1306 1073 1381 Stuttgart
1125 1314 1322 1374 1874;
1374 1303 1650 1381 Peiper
1703 1306 1898 1382 legere
1930 1303 2153 1381 poteris
2184 1305 2246 1361 in
2287 1304 2517 1362 casibus
2563 1302 2907 1361 monasterii
2939 1320 2985 1359 s.

364 1392 1455 1464 EkkehardiLWaltharius,Berolini
1482 1403 1645 1457 1873
1704 1394 1859 1452 Galli
1904 1393 1978 1451 ab
2024 1392 2484 1451 Ekkehardo
2527 1391 2609 1450 IV
2651 1391 2983 1467 descriptis,

364 1485 470 1545 etc.
521 1482 680 1540 Obiit
719 1486 893 1558 poeta
923 1501 1139 1560 magno
1161 1482 1456 1542 sodalium
1486 1501 1646 1547 mose
1704 1483 1776 1542 de
1826 1501 1944 1558 quo
1995 1481 2167 1545 infra.
2247 1483 2331 1540 De
2379 1480 2836 1539 Ekkehardo
2879 1480 2983 1537 111.

364 1590 496 1630 rore
549 1580 643 1633 14.
682 1571 817 1630 Jan.
852 1580 996 1635 973.
1031 1606 1117 1615 --
1160 1572 1305 1648 Ejus
1349 1590 1420 1630 ex
1465 1571 1648 1631 fratre
1703 1571 1808 1647 qui
1837 1571 2037 1629 dictus
2066 1573 2159 1628 est
2177 1570 2412 1640 Junior,
2444 1588 2514 1627 ex
2534 1587 2733 1628 sorore
2751 1571 2982 1644 nepote,

362 1678 545 1736 nepos
574 1660 1080 1719 Ekkehardus
1112 1662 1185 1719 11.
1243 1660 1554 1719 Palatinus
1586 1664 1649 1719 et
1702 1660 1873 1731 nihil,
1922 1660 2082 1735 quod
2133 1678 2242 1718 nos
2281 1660 2525 1735 spectet,
2574 1659 2833 1716 relatum
2877 1661 2983 1726 est,

365 1749 692 1808 scholarum
743 1753 952 1820 rector,
1017 1750 1242 1821 ‚doctor
1291 1767 1538 1826 prosper
1586 1752 1647 1808 et
1703 1751 1765 1807 et
1810 1749 1883 1807 de
1927 1748 2385 1807 Ekkehardo
2444 1747 2493 1804 V
2539 1747 2770 1824 egimus
2815 1749 2859 1804 t.
2904 1745 2984 1803 IV

364 1845 556 1913 asper‘
588 1838 800 1909 dictus,
851 1839 923 1897 ad
970 1840 1166 1898 aulam
1201 1838 1438 1897 Ottonis
1472 1856 1643 1897 voca·
1702 1859 1759 1914 p.
1799 1846 1936 1900 186.
