3505 5161
362 225 438 280 85

1138 206 1401 275 Dionysii
1424 207 1499 262 al.
1528 223 1714 278 opera.
1747 206 2209 263 Commodianus.

2903 228 2983 282 86

358 396 511 452 teste
541 393 683 451 Hie
698 412 780 452 ro
796 413 893 471 ny
908 414 967 452 m
985 394 1089 456 ol.
1124 394 1314 453 XVIII
1331 394 1395 453 in
1411 394 1641 464 Isaiam,
1700 395 1770 474 (I,
1811 405 2102 458 1039—1
2119 390 2293 477 088).
2314 395 2435 453 imo
2449 396 2625 470 ,iuxta
2655 397 2703 454 B
2721 416 2753 454 a
2769 417 2801 455 r
2817 398 2851 455 d
2869 417 2987 457 en-

356 483 641 542 adversus
684 483 998 542 Irenaeum
1048 522 1075 552 ,
1090 484 1183 542 vir
1225 483 1643 561 eloquentissi-
1698 487 1737 544 h
1755 504 1787 544 e
1802 504 1856 543 w
1872 503 1902 543 e
1919 503 1950 541 r
2011 503 2078 543 ea
2127 489 2221 542 est
2264 484 2513 543 conficta
2554 485 2629 543 ab
2674 489 2719 544 A
2730 487 2983 562 pollina·

352 590 636 635 mUS.··

698 573 1032 649 elegantem
1093 573 1334 643 librum,
1387 573 1642 632 irridens
1698 575 1865 634 ristis
1913 574 2009 631 vel
2043 573 2493 649 MonophysitiS.
2556 572 2718 642 Quae
2749 594 2817 633 ex
2856 578 2986 651 ejus

355 662 518 720 mille
539 678 838 720 annorum
856 662 1119 720 fabulam
1132 665 1193 721 et
1205 682 1443 721 auream
1463 665 1643 737 atque
1699 663 1940 739 scriptis
1991 668 2320 736 supersunt
2380 662 2701 739 diligenter
2744 665 2989 741 collegit

353 752 714 828 gemmatam
735 750 801 809 in
819 751 999 809 terris
1019 751 1352 811 Jerusalem
1368 759 1395 789 <
1430 755 1539 810 etc.
1555 784 1641 791 —
1701 754 1904 811 Simon
1937 752 2009 810 de
2041 751 2144 809 Ma
2163 752 2283 828 gis
2300 754 2327 810 t
2341 751 2452 810 ris
2467 751 2513 829 ¹)
2561 752 2776 812 Romae
2816 764 2981 816 1796

354 840 575 899 Contra
651 839 981 898 Sabellium
1064 844 1324 915 quatuor
1400 840 1644 917 scripsit
1697 843 1763 901 in
1794 842 1855 913 f.,
1891 842 1978 901 ed.
2012 844 2340 916 praestans,
2387 860 2565 916 quam
2613 842 2700 906 ed,
2732 842 2792 899 Μ
2808 843 2828 899 i
2844 862 2883 919 g
2898 861 2938 901 n
2954 862 2986 900 e

353 930 626 1004 epistolas
669 929 744 986 ad
789 929 1140 988 Ammonem
1184 930 1499 989 Beronices
1532 949 1639 1005 ep„

354 1021 414 1077 et
435 1018 512 1076 ad
532 1017 979 1094 Telesphorum,
1001 1020 1063 1076 et
1082 1019 1155 1077 ad
1176 1018 1638 1094 Euphranorem,

352 1107 707 1189 demum—ad
739 1108 1087 1165 Ammonem
1119 1112 1181 1165 et
1211 1108 1537 1183 Euporum.
1577 1109 1640 1167 ln

355 1197 567 1255 harum
601 1196 823 1254 ultima
840 1197 1207 1270 praesertim,
1229 1201 1301 1255 ut
1319 1196 1642 1256 discrimen

353 1286 517 1344 inter
565 1285 802 1343 Patrem
852 1288 913 1342 et
944 1284 1165 1344 Filium
1210 1285 1504 1345 efficacius
1550 1286 1641 1344 in—

356 1376 639 1444 culcaret,
718 1375 1261 1449 comparationibus
1322 1393 1471 1434 usus
1548 1379 1643 1433 est

353 1482 507 1539 quae
552 1467 616 1521 et
661 1462 1035 1521 substantiae
1077 1464 1485 1523 diversitatem
1520 1465 1640 1541 sig-

352 1552 618 1614 nificant.
692 1552 849 1610 Hinc
892 1551 1125 1611 delatus
1170 1552 1244 1611 ad
1291 1554 1641 1629 Dionysium

354 1642 705 1717 episcopum
746 1658 1060 1701 romanum
1104 1645 1195 1700 est
1245 1645 1307 1700 et
1337 1642 1409 1701 de
1442 1661 1641 1701 errore

355 1730 760 1792 insimulatus.
804 1729 933 1798 Qua
963 1731 1036 1789 de
1068 1750 1133 1789 re
1165 1731 1239 1789 ab
1272 1751 1341 1791 eo
1371 1733 1640 1790 monitus

356 1820 600 1896 scripsit
643 1816 904 1902 ἔλεγχον
947 1822 1053 1881 καὶ
1082 1817 1435 1900 ἀπολογίαν,
1481 1821 1642 1895 quod

357 1908 647 1985 scriptum
678 1908 835 1966 idem
867 1926 996 1967 esse
1026 1910 1268 1968 videtur
1296 1929 1362 1968 ac
1382 1911 1444 1971 ll.
1464 1910 1541 1968 IV
1567 1909 1638 1968 ad

358 1997 716 2073 Dionysium
748 2016 894 2056 rom.
913 2005 1113 2057 contra
1136 2000 1471 2073 Sabellium,
1504 1999 1639 2073 qui-

358 2088 473 2145 bus
517 2086 790 2162 pontifici
832 2087 1007 2160 plene
1055 2087 1409 2146 satisfecisse
1454 2087 1642 2146 credi-

359 2179 478 2238 tur.
514 2175 817 2243 Quaedam
836 2175 1047 2234 exinde
1067 2176 1417 2253 fragmenta,
1451 2195 1641 2235 asser-

360 2268 582 2323 varunt
611 2264 788 2322 nobis
821 2282 871 2326 s,
903 2265 1389 2324 Athanasius
1441 2266 1506 2323 in
1552 2283 1638 2340 ep.

1696 950 1820 990 non
1869 930 2218 1007 cognovisse
2280 930 2534 1000 videtur,
2598 930 2738 990 hinc
2782 932 2984 990 minus

1698 1021 1873 1096 plene
1905 1038 2038 1094 opp.
2072 1019 2357 1094 reliquias
2392 1018 2629 1078 exhibet
2659 1021 2875 1078 Patrol.
2896 1040 2984 1097 gr.

1698 1109 1766 1178 X,
1810 1117 2281 1179 1233—13443
2324 1118 2777 1173 1575—1602.
2827 1109 2984 1168 Reli-

1696 1198 1869 1273 quias
1902 1197 2047 1256 alias
2078 1197 2301 1272 reperit
2333 1196 2640 1273 ediditque
2672 1198 2890 1256 Pitra
2920 1198 2984 1256 in

1697 1286 2002 1345 Analectis
2037 1303 2112 1347 ss,
2147 1287 2251 1356 111,
2290 1296 2412 1349 597
2440 1304 2516 1356 8.;
2549 1286 2646 1345 IV.
2678 1296 2983 1356 169—182‚

1699 1395 1951 1452 quarum
1982 1378 2183 1433 tamen
2215 1375 2558 1452 genuinitas
2590 1375 2860 1434 nondum
2894 1380 2988 1434 est

1699 1465 1846 1524 satis
1880 1468 2053 1523 certa.

1794 1653 1891 1706 41.
1927 1643 2161 1712 Omnes,
2195 1659 2348 1717 quos
2373 1643 2660 1700 hactenus
2681 1642 2983 1699 recensui·

1698 1750 1851 1801 mus,
1915 1732 2182 1808 insignes
2260 1730 2570 1806 religionis
2627 1730 2983 1788 christianae

1699 1822 1983 1879 adversus
2005 1820 2271 1878 ethnicos
2290 1820 2455 1878 fuere
2475 1819 2839 1895 apologetae.
2871 1819 2982 1876 His

1699 1911 1912 1969 addere
1943 1909 2083 1967 licet
2113 1909 2297 1966 alium
2314 1909 2560 1966 minoris
2581 1908 2821 1983 quidem
2844 1925 2981 1966 auc·

1698 1999 1966 2058 toritatis
1999 1997 2127 2057 scil.
2177 1998 2217 2055 C
2234 2017 2267 2055 o
2285 2017 2417 2055 mm
2434 2015 2468 2055 o
2484 1997 2521 2054 d
2537 1998 2559 2054 i
2574 2017 2608 2054 a
2623 2017 2662 2054 n
2676 2016 2719 2055 u
2738 2015 2814 2067 m,
2859 1997 2984 2071 pri·

1696 2108 1866 2146 mum
1910 2091 2146 2163 poetam
2196 2086 2603 2156 christianum,
2669 2086 2775 2161 qui
2828 2084 2985 2143 forte

1698 2179 1877 2242 natus
1924 2180 2016 2233 est
2047 2176 2229 2233 Gazae
2273 2176 2339 2233 in
2369 2175 2722 2244 Palaestina,
2771 2174 2982 2249 proba-

1699 2266 1883 2324 bilius
1916 2265 1980 2322 in
2011 2264 2223 2322 Africa.
2256 2264 2341 2322 De
2371 2282 2438 2322 eo
2458 2264 2544 2321 ita
2564 2263 2774 2322 scribit
2803 2264 2985 2321 Gen-

360 2355 433 2411 de
478 2352 778 2412 sententia
823 2370 870 2415 s,
916 2353 1185 2429 Dionysii
1229 2357 1292 2413 et
1340 2372 1389 2417 8.
1434 2355 1642 2412 Basi-
1699 2355 1987 2412 nadius
2019 2352 2091 2411 de
2125 2353 2272 2411 viris
2304 2353 2390 2410 ill.
2421 2370 2467 2410 c.
2511 2362 2620 2414 15:
2676 2352 2983 2421 „Commo-

363 2443 542 2512 lius,
564 2445 626 2500 et
647 2441 800 2500 forte
820 2442 1066 2518 longum
1089 2445 1502 2519 fragmentum,
1524 2462 1643 2518 quo
1700 2444 1930 2515 dianna,
1994 2442 2139 2500 dum
2199 2442 2359 2500 inter
2421 2442 2719 2500 seculares
2780 2441 2984 2499 literas

360 2531 751 2608 Hermogenis
797 2550 962 2591 error
1010 2531 1083 2591 de
1123 2533 1370 2592 materia
1406 2535 1645 2592 aeterna
1700 2534 1879 2592 etiam
1911 2533 2145 2590 nostras
2166 2532 2330 2608 legit,
2365 2532 2730 2591 occasionem
2761 2530 2987 2606 accepit

360 2620 674 2689 refellitur,
697 2639 766 2678 ex
788 2622 830 2682 l.
858 2632 906 2683 1.
929 2621 1212 2681 adversus
1230 2623 1555 2681 Sabellium
1570 2623 1644 2680 ab
1699 2622 1853 2680 fidei.
1918 2622 2129 2679 Factus
2164 2622 2365 2696 itaque
2396 2620 2759 2679 christianus
2791 2625 2851 2678 et
2882 2639 2984 2679 vo-

362 2709 707 2768 Eusebio
757 2710 959 2785 Praep.
991 2729 1082 2774 ev,
1112 2712 1238 2782 Vll,
1276 2721 1351 2774 19
1386 2712 1643 2770 relatum
1699 2712 1831 2770 lens
1864 2709 2094 2784 aliquid
2127 2710 2463 2768 studiorum
2498 2728 2744 2769 suorum
2774 2727 2985 2768 mune-

362 2818 431 2858 ex
480 2798 584 2857 illo
635 2816 730 2872 op.
780 2801 888 2857 est.
937 2832 1021 2842 —-
1067 2800 1154 2858 Ex
1200 2801 1329 2876 ejus
1372 2800 1645 2876 epistolis
1701 2800 1786 2858 ris
1819 2799 2027 2858 offerre
2048 2799 2300 2868 Christo,
2336 2817 2478 2856 suae
2499 2800 2714 2857 salutis
2736 2799 2982 2864 auctori,

363 2882 460 2968 (cf.
496 2886 1011 2963 Hieronymus
1058 2889 1129 2947 de
1178 2889 1289 2951 vir.
1332 2890 1418 2950 ill.
1451 2907 1498 2950 c.
1537 2883 1645 2969 69)
1703 2888 1946 2963 scripsit
1975 2887 2257 2945 mediocri
2291 2905 2560 2945 sermone
2600 2887 2773 2962 quasi
2808 2904 2986 2944 versu

364 2977 566 3052 plures
598 2971 991 3058 perierunt¹),
1026 2977 1253 3053 aliquas
1273 2997 1342 3035 ex
1363 2980 1535 3053 parte
1551 2997 1645 3036 as·
1704 2977 1988 3036 adversus
2023 2994 2301 3052 paganos,
2358 2977 2435 3033 Et
2466 2975 2607 3049 quia
2638 2994 2849 3050 parum
2880 2993 2986 3032 no-

366 3065 627 3124 servavit
674 3065 1065 3125 Eusebius
1111 3067 1182 3129 H.
1216 3068 1282 3125 E.
1316 3066 1414 3137 VI,
1450 3077 1531 3129 40
1568 3085 1639 3125 ss
1705 3068 1961 3124 strarum
1995 3065 2279 3139 attigerat
2312 3065 2641 3132 literarum,
2689 3063 2878 3138 magis
2911 3064 2983 3120 il·

365 3157 424 3213 et
454 3154 566 3213 VII
596 3154 836 3229 passim.
896 3155 966 3213 In
999 3157 1234 3230 epistola
1266 3157 1542 3214 canonica
1574 3156 1645 3213 ad

365 3242 704 3312 Basilidem‚
757 3261 848 3317 ep.
881 3245 1416 3320 pentapolitanum,
1467 3264 1645 3320 quam

364 3332 485 3390 fere
513 3333 806 3407 integram
841 3333 1225 3407 possidemus,
1245 3334 1441 3410 tangit
1470 3352 1648 3408 quae-

366 3421 502 3479 dam
562 3420 910 3495 disciplinae
958 3422 1388 3481 ecclesiasticae
1438 3421 1648 3497 capita.

366 3510 510 3567 Eam
559 3510 799 3568 exhibet
848 3510 1027 3569 etiam
1074 3512 1325 3570 Routh
1370 3511 1434 3570 in
1465 3512 1571 3574 rel.
1603 3529 1647 3574 Β.

1703 3156 1897 3213 lorum
1948 3153 2257 3210 destruere
2310 3152 2526 3226 potuit,
2575 3171 2753 3226 quam
2785 3156 2989 3210 nostra

1702 3244 1953 3301 firmare.
2017 3241 2183 3299 Unde
2215 3246 2278 3299 et
2308 3241 2378 3299 de
2412 3240 2632 3299 divinis
2664 3240 2987 3314 repromis-

1704 3332 1976 3390 sionibus
2008 3331 2290 3389 adversus
2323 3330 2460 3388 illos
2491 3347 2672 3405 agens
2703 3329 2813 3387 vili
2837 3329 2983 3387 satis

1703 3424 1765 3479 et
1796 3438 2014 3490 crasso,
2050 3423 2122 3478 ut
2151 3420 2240 3477 ita
2271 3419 2536 3489 dixerim,
2574 3437 2755 3477 sensu
2795 3419 2985 3477 disse-

1704 3510 1849 3578 ruit,
1884 3509 2007 3568 illis
2041 3512 2363 3585 stuporem,
2410 3509 2585 3568 nobis
2626 3508 2987 3583 desperatio—

366 3598 508 3668 1112,
546 3607 922 3662 219—250.
978 3600 1082 3675 Ep.
1116 3601 1447 3670 canonicae,
1494 3619 1647 3675 quae
1704 3618 1843 3656 nem
1885 3598 2207 3671 incutienS,
2253 3598 2694 3656 Tertullianum
2739 3600 2799 3655 et
2841 3597 2987 3654 Iac-

365 3688 769 3750 determinant
799 3688 1226 3763 poenitentiam
1258 3710 1292 3747 a
1322 3688 1648 3765 peccatori·
1703 3687 1966 3746 tantiam
2026 3690 2089 3746 et
2131 3687 2374 3762 Papiam
2423 3689 2691 3745 auctores
2743 3688 2987 3745 secutus

367 3776 479 3835 bus
522 3776 829 3852 agendam,
867 3777 1191 3852 perierunt,
1226 3778 1386 3836 sicut
1417 3780 1478 3835 et
1522 3778 1646 3852 epi·
1705 3778 1983 3846 moralem
2047 3794 2186 3834 sane
2249 3776 2578 3833 doctrinam
2627 3778 2690 3834 et
2738 3775 2988 3834 maxime

368 3866 555 3924 stolae
606 3864 846 3924 festales
896 3883 1003 3924 seu
1053 3868 1379 3941 paschales,
1427 3866 1647 3942 quibus
1706 3865 2074 3923 voluntariae
2092 3865 2466 3940 paupertatis
2488 3883 2746 3923 amorem
2767 3864 2989 3939 optime

366 3954 605 4023 indicat,
628 3972 748 4029 quo
788 3954 883 4012 die
895 3956 1193 4031 jejunium
1235 3956 1647 4032 antepaschale

367 4044 448 4101 sit
478 4041 897 4118 inchoandum,
951 4063 1070 4118 quo
1121 4044 1217 4103 die
1251 4045 1466 4121 pascha
1495 4045 1649 4102 cele-

367 4131 679 4192 brandum.
728 4132 955 4191 Dubiae
986 4134 1358 4192 auctoritatis
1390 4135 1483 4191 est
1526 4135 1645 4208 epi·
1779 4129 1820 4195 ¹)
1849 4123 2031 4204 Mllstfl
2057 4125 2349 4204 1)ΐῆθῦξῖθὸ
2376 4123 2445 4175 de
2473 4120 2741 4202 &habet
2759 4119 2822 4172 5¹¹
2841 4137 2988 4200 eon}-

362 4223 512 4280 ...10
528 4220 1066 4281 adversa-vesum
1083 4231 1510 4282 mosomum
1526 4222 1649 4280 An·
1705 4194 2480 4334 53231133ffla1532.3s
2498 4193 2625 4316 ζῇ
2644 4195 2728 4314 ,⁶2
2743 4192 2989 4314 εῑῖεὲῑ

366 4310 624 4370 tiochiae
685 4309 1029 4385 episcopum
1080 4330 1216 4370 cum
1266 4311 1649 4388 responsione
1705 4347 1731 4404 ἓ
1757 4345 1857 4393 40²
1886 4337 1987 4390 fla
2004 4356 2042 4416 g
2057 4353 2087 4389 e
2104 4353 2262 4390 man
2280 4355 2314 4387 n
2343 4335 2446 4387 Die
2471 4332 2752 4388 ffimigehe
2777 4332 2988 4387 Kirche

368 4399 442 4457 ad
473 4398 745 4475 ejusdem
777 4419 873 4474 qq.
893 4400 960 4461 X.
993 4400 1056 4459 in
1077 4401 1209 4463 coll.
1230 4418 1384 4459 conc.
1409 4400 1468 4457 M
1483 4420 1515 4457 a
1532 4420 1571 4457 n
1587 4400 1649 4457 si
1705 4409 1825 4462 und
1849 4407 1942 4461 ihr
1957 4407 2203 4460 Einfluss
2218 4406 2325 4460 auf
2335 4403 2614 4475 Disciplin
2631 4404 2750 4456 und
2767 4403 2989 4474 Dogma

906 4519 907 4522 =
1706 4480 1767 4534 in
1818 4481 1929 4533 den
1980 4481 2169 4532 ersten
2213 4485 2247 4534 3
2284 4477 2316 4529 J
2321 4478 2482 4532 ahrh.
2523 4474 2803 4544 Freiburg
2853 4480 2990 4532 1864

1707 4572 1764 4622 p.
1791 4557 2069 4608 411—32;
2122 4549 2474 4602 Foerster
2517 4547 2586 4599 de
2626 4546 2888 4598 doctrina
2931 4549 2992 4599 et

450 4624 484 4692 ¹)
502 4619 789 4685 Omnium,
808 4639 1052 4691 quarum
1070 4621 1379 4691 vestigium
1396 4622 1487 4676 vel
1502 4622 1652 4692 frag-
1708 4621 2009 4676 sententiis
2047 4620 2309 4688 Dionysii
2339 4618 2413 4671 M.
2479 4618 2610 4670 diss.
2639 4616 2858 4686 inaug.)
2885 4615 2985 4669 Be-

371 4695 565 4746 menta
626 4709 692 4747 su
767 4697 949 4758 rsunt,
1002 4695 1305 4748 elenchum
1343 4693 1656 4764 diligenter
1706 4692 1876 4749 rolini
1909 4696 2062 4747 1έ65.
2089 4692 2135 4744 D
2156 4690 2432 4745 ittrich
2511 4687 2766 4756 ionysius
2792 4689 2844 4742 d.
2873 4687 2987 4751 Gr„

369 4765 628 4818 recenset
725 4782 755 4816 ι·
772 4771 807 4818 u
824 4784 862 4835 g
878 4781 907 4817 e
924 4783 953 4818 r
978 4774 1005 4830 5
1031 4773 1099 4821 63
1124 4783 1180 4817 n.
1207 4772 1257 4820 4.
1708 4764 1991 4832 Freiburg
2022 4765 2188 4823 1867;
2239 4762 2292 4815 Η
2307 4779 2340 4814 a
2355 4780 2384 4814 r
2399 4780 2437 4814 n
2454 4779 2487 4814 a
2505 4779 2534 4814 c
2551 4761 2592 4813 k
2623 4761 2660 4822 1,
2685 4763 2988 4816 409—427.
