3505 5161
1573 1480 1773 1578 III.

743 1657 1300 1795 Scriptores
1355 1659 2005 1771 ecclesiastici
2061 1660 2376 1772 seculi
2429 1660 2603 1771 ΠΙ.

1362 1857 1972 1976 (201—300).

448 2262 548 2315 20.
582 2252 700 2311 Eos
750 2252 1011 2327 primum
1061 2253 1443 2329 attingemus,
1493 2271 1641 2329 quo·
1699 2252 1980 2312 debemus
2000 2254 2054 2312 J.
2076 2255 2122 2312 P
2138 2273 2170 2314 ο
2185 2258 2300 2313 tte
2316 2275 2348 2314 r
2378 2256 2652 2332 episcopo
2673 2257 2982 2334 anglicano

352 2361 489 2400 rum
521 2341 786 2400 eruditio
806 2341 1000 2400 literis
1021 2341 1369 2418 consignata
1399 2343 1637 2401 univer·
1700 2341 1909 2401 Oxonii
1955 2353 2116 2407 1715
2152 2346 2194 2406 t.
2233 2353 2304 2414 23
2339 2344 2602 2404 Venetiis
2645 2355 2806 2408 1757
2848 2366 2981 2405 cum
3087 2378 3091 2382 -

356 2431 557 2500 salior,
607 2433 671 2488 et
713 2449 970 2505 quorum
1017 2430 1189 2506 plura
1235 2434 1471 2490 exstant
1501 2431 1637 2489 doc·
1697 2431 1870 2490 docto
1902 2435 2324 2492 commentario
2345 2435 2621 2493 Gentiani
2653 2435 2981 2494 Herveti

351 2521 548 2579 trinae
582 2521 988 2578 monumenta.
1041 2520 1369 2597 Incipimus
1416 2540 1451 2577 a
1496 2520 1639 2579 Cle·
1696 2539 1905 2580 recusa
1949 2521 2013 2579 in
2059 2522 2314 2600 Migne
2359 2524 2570 2598 patrol.
2617 2528 2705 2601 gr.
2754 2527 2797 2583 t.
2834 2534 2888 2589 8.
2926 2534 2980 2587 9.

352 2613 610 2669 mente
642 2609 1053 2668 alexandrinae
1085 2611 1364 2669 ecclesiae
1396 2610 1641 2686 presby·
1697 2610 1894 2669 Aliam
1957 2614 2247 2671 curarunt
2306 2613 2400 2672 R..
2433 2614 2678 2683 Klotz,
2748 2614 2982 2690 Lipsiae

353 2701 503 2757 tero.
565 2697 741 2757 Titus
788 2698 1026 2757 Flavius
1068 2699 1335 2758 Clemens
1385 2700 1639 2758 ethnicis
1702 2709 2048 2764 1831—34
2095 2703 2138 2761 t.
2189 2711 2226 2762 4
2273 2701 2337 2759 in
2386 2710 2441 2772 8,
2489 2721 2696 2779 graece
2725 2705 2981 2772 tantum,

352 2787 733 2862 parentibus,
756 2787 1147 2862 probabiliter
1164 2788 1435 2857 Athenis,
1469 2792 1639 2847 ortus
1697 2789 2038 2848 Dindorf
2063 2789 2276 2849 Oxonii
2318 2799 2481 2853 1869
2516 2795 2557 2853 t.
2596 2801 2632 2852 4
2666 2795 2774 2849 etc.
2829 2793 2981 2867 Sup-

352 2878 451 2934 est
481 2880 663 2952 atque
695 2876 1017 2934 domestica
1045 2876 1317 2936 imbutus
1350 2877 1640 2953 supersti—
1694 2879 2062 2953 plementum
2117 2879 2529 2937 Clementinum
2579 2881 2821 2956 collegit
2870 2881 2973 2938 Th.

352 2965 539 3024 tione.
602 2966 929 3039 Postquam
969 2966 1028 3023 in
1072 2966 1347 3025 omnibus
1378 2966 1639 3042 profanis
1697 2967 1913 3037 Zahn,
1948 2967 2245 3044 Erlangen
2284 2976 2449 3031 1884
2485 2969 2548 3026 in
2585 2978 2618 3030 8
2655 2986 2764 3027 seu
2796 2988 2851 3044 p.
2873 2967 2978 3030 111.

354 3054 627 3113 scientiis
659 3054 810 3112 bene
840 3054 956 3112 fuit.
985 3054 1324 3125 institutuS,
1370 3055 1639 3115 veritatis
1696 3073 1789 3130 op.
1841 3056 2264 3133 Forschungen
2312 3076 2416 3114 zur
2466 3057 2814 3117 Geschicbte
2876 3057 2979 3116 des

354 3144 563 3202 lumen
609 3143 870 3218 agnovit.
933 3144 1013 3201 Ut
1057 3145 1323 3219 penitius
1370 3145 1641 3203 doctrina
1695 3145 1767 3203 N.
1800 3145 1861 3204 T.
1898 3145 2124 3203 Canens
2175 3145 2301 3203 und
2348 3145 2452 3204 der
2499 3146 2794 3205 altkirchl.
2845 3145 2978 3216 Lit.‚

354 3232 683 3290 christiana
713 3232 1084 3291 imbueretur
1115 3234 1372 3292 celebres
1395 3234 1489 3292 sui
1510 3234 1639 3292 aevi
1697 3252 1816 3309 quo
1848 3234 1913 3291 in
1944 3252 2037 3309 op.
2083 3234 2281 3292 omnia
2325 3233 2656 3311 fragmenta
2701 3238 2762 3293 et
2805 3236 2978 3293 testi·

353 3340 466 3397 per
515 3320 838 3391 Graeciam,
901 3321 1154 3392 Italiam,
1218 3322 1519 3382 Orientem
1582 3324 1643 3380 et
1696 3323 1896 3381 monia
1927 3340 1996 3380 ex
2029 3324 2266 3394 catenis,
2316 3323 2622 3401 florilegiis
2669 3324 2978 3398 operibus·

353 3409 760 3468 Palaestinam
819 3410 1136 3487 magist-ros
1186 3411 1350 3481 adiit,
1402 3411 1641 3470 demum
1696 3431 1814 3487 que
1846 3412 2023 3470 editis
2057 3415 2119 3471 et
2148 3412 2394 3472 ineditis
2428 3412 2694 3471 derivata
2723 3431 2856 3471 cum
2888 3431 2985 3471 ac-

356 3498 751 3557 Alexandriae
768 3498 954 3557 haesit
969 3500 1033 3557 in
1051 3500 1333 3558 Pantaeni
1349 3496 1445 3580 (ef.
1461 3496 1640 3581 p.49)
1697 3501 1920 3560 curatis
1999 3501 2529 3577 disquisitionibus
2608 3501 2982 3563 exhibentur.

355 3587 573 3656 schola,
609 3607 787 3663 quam
817 3591 955 3664 post
985 3589 1165 3662 huJus
1197 3588 1526 3647 discessum
1547 3607 1641 3646 re·
1698 3591 1856 3648 Haec
1887 3592 2120 3665 potiora
2151 3591 2419 3666 ejusdem
2453 3610 2662 3667 opera:
2702 3591 2980 3650 Cohorta-

356 3676 612 3754 gendam
630 3673 1332 3759 suscepit(200-—203).
1365 3678 1641 3736 Illustres
1698 3681 1777 3736 tio
1809 3679 1888 3737 ad
1913 3686 2102 3757 qentes
2134 3680 2613 3759 (Preti-opticus),
2647 3681 2711 3738 in
2746 3699 2864 3755 qua
2885 3699 2980 3738 ea-

355 3784 605 3840 prorsus
666 3765 880 3824 habuit
926 3765 1272 3842 discipu108‚
1326 3766 1642 3843 Origenem
1698 3787 1830 3825 rum
1884 3768 2381 3842 superstitionum
2433 3768 2873 3844 turpitudinem
2923 3773 2984 3829 et

356 3873 498 3929 prae
529 3854 740 3929 primis
771 3858 834 3913 et
864 3855 1265 3914 Alexandrum
1297 3855 1639 3931 episcopum
1697 3857 2067 3932 impietatem
2099 3857 2329 3935 detegit
2379 3875 2595 3933 easque
2646 3857 2721 3916 ad
2753 3859 2983 3918 cultum

357 3945 567 4018 postea
596 3943 1212 4020 hierosolymitanum.
1265 3945 1409 4003 Orta
1441 3963 1640 4021 perse·
1699 3945 1882 4004 unius
1934 3946 2041 4004 Dei
2073 3946 2308 4005 invitat.
2373 3947 2541 4005 Hanc
2592 3948 2809 4022 excipit
2841 3946 2983 4004 Pae-

357 4031 602 4091 cutione
636 4033 833 4091 Severi
864 4034 928 4091 in
949 4034 1365 4110 Cappadociam
1400 4034 1644 4092 secessit
1670 4075 1673 4090 .
1698 4037 1954 4112 dayoqus
1984 4035 2049 4092 ll.
2085 4044 2160 4105 3.,
2196 4035 2417 4111 quibus
2449 4035 2705 4112 gentiles
2740 4054 2981 4094 conver-

360 4120 564 4196 ibique
606 4120 903 4180 indefesso
949 4122 1150 4181 studio
1183 4123 1502 4181 Ecclesiam
1534 4123 1640 4181 Dei
1668 4103 1673 4200 Ι
1700 4142 1796 4183 soe
1830 4125 1891 4181 in
1926 4124 2152 4200 agenda
2195 4124 2320 4182 vita
2370 4142 2508 4182 vere
2541 4124 2859 4182 christiana
2890 4124 2984 4180 in-

358 4209 927 4287 confirmavitatque
941 4230 1297 4288 magnopere
1312 4211 1641 4270 auxitteste
1699 4212 1920 4271 stituit.
1985 4212 2335 4289 Sequuntur
2381 4212 2678 4270 Stromata
2726 4211 2786 4269 ll.
2823 4221 2858 4273 8
2908 4211 2983 4269 ob

361 4298 808 4357 Alexandro
885 4300 1407 4375 hierosolymitano
1484 4299 1640 4375 apud
1697 4302 2036 4378 argumenti
2067 4302 2420 4360 varietatem
2449 4301 2534 4358 ita
2577 4299 2883 4374 inscripta,
2919 4299 2983 4356 in

360 4387 788 4447 Eusebium
808 4389 880 4446 H.
902 4388 965 4446 E.
987 4387 1083 4459 VI,
1115 4400 1213 4450 11.
1235 4387 1402 4446 Circa
1422 4408 1469 4446 a.
1494 4398 1639 4457 215,
1701 4390 1924 4464 quibus
1977 4390 2104 4448 sine
2136 4389 2342 4447 ordine
2375 4388 2448 4446 ab
2481 4407 2600 4445 una
2632 4387 2705 4445 ad
2738 4388 2980 4445 alteram

358 4477 453 4535 vel
516 4477 728 4535 saltem
790 4476 950 4535 haud
996 4478 1189 4535 multo
1235 4481 1371 4552 post
1415 4497 1464 4535 a.
1515 4486 1635 4539 217
1697 4477 2141 4555 transgreditur
2172 4477 2494 4535 materiam.
2556 4477 2627 4533 In
2665 4475 2743 4534 iis
2775 4475 2983 4551 dispu-

360 4565 573 4626 obiisse
615 4565 944 4640 conjicitur.
1009 4566 1391 4641 Praecipuam
1422 4569 1483 4624 et
1514 4567 1641 4641 ple·
1698 4570 1790 4624 tat
1821 4568 2106 4625 adversus
2157 4583 2417 4642 paganos
2465 4568 2527 4623 et
2574 4565 2899 4623 haereticos
2915 4565 2979 4642 ¹),

360 4674 512 4725 nam,
566 4653 674 4713 sed
721 4654 986 4713 nondum
1037 4654 1315 4713 omnibus
1376 4656 1642 4714 numeris
1781 4687 1814 4746 1)
1844 4683 1926 4735 Cf·
1954 4681 2299 4737 Bardenh
2319 4697 2417 4734 ew
2436 4699 2508 4734 er
2535 4691 2560 4746 g
2590 4688 2658 4736 28
2685 4679 2771 4733 ed,
2808 4689 2849 4742 1,
2881 4678 2982 4747 qui

357 4743 694 4803 absolutam
727 4761 970 4820 operum
1009 4743 1277 4818 ejusdem
1322 4743 1644 4803 editionem
1670 4793 1674 4804 .
1698 4772 1751 4809 n.
1784 4749 1816 4808 3
1842 4753 1912 4806 de
1939 4753 2046 4807 hoc
2075 4769 2241 4823 opere
2284 4752 2510 4806 scribit:
2563 4751 2880 4805 Jedenfalls
2907 4751 2985 4803 ist
