3505 5161
516 260 636 313 707

1429 243 1729 295 801—850.
1758 235 1997 291 Alcuini
2023 249 2210 306 opera.

3006 251 3130 307 708

511 426 1052 506 giographica,
1086 428 1231 485 vitae
1262 426 1386 487 scil.
1410 443 1481 486 ss.
1501 425 1787 494 virorum,
1843 424 2051 501 generi
2091 422 2442 483 subvenisse
2481 420 2765 499 dignatus
2798 424 2907 480 est.
2945 422 3031 480 De
3063 440 3134 481 eo

510 535 659 594 quas
677 517 738 575 in
759 516 1088 575 utilitatem
1106 514 1375 573 fidelium
1405 514 1502 573 vel
1531 514 1605 573 de
1637 533 1790 573 novo
1845 510 3135 587 fusiusdisseritWernerGerbertp.l45ss.

511 605 901 673 concinnavit,
961 605 1055 664 vel
1101 604 1445 680 prolixiores
1489 604 1565 662 ob
1610 622 1791 662 usum
1845 601 2078 660 —Alia
2090 601 2380 677 opuscula
2392 599 2621 660 eifuere
2641 600 2968 676 supposita,
2979 603 3136 659 uttr.

509 695 832 755 faciliorem
892 694 958 752 in
1018 693 1429 769 compendium
1480 693 1789 762 contraxit,
1850 692 1924 750 de
1940 692 2315 751 caeremoniis
2330 689 2621 766 baptismi,
2641 690 2748 767 qui
2760 692 3135 750 estAmala-

511 785 607 844 vel
649 785 884 844 demum
932 783 996 841 in
1040 782 1287 841 formam
1333 783 1639 853 sermonis,
1686 781 1792 858 qui
1847 780 1950 839 rii
1980 780 2358 850 trevirensis3
2404 782 2524 838 vita
2560 781 2889 839 antichristi
2917 780 2995 838 ad
3028 780 3134 839 Oa-

508 873 731 950 populo
763 872 837 931 ad
867 870 1337 931 aedificationem
1369 871 1620 947 proponi
1652 889 1791 946 pos-

1848 870 2043 929 rolum
2062 870 2160 941 M.,
2191 888 2344 946 quae
2361 870 2663 945 reperitur
2691 869 2872 930 etiam
2903 869 2969 929 in
3000 889 3133 946 app.

511 966 622 1033 set,
670 961 917 1039 redegit,
964 963 1037 1019 ut
1080 960 1398 1019 Martini
1428 959 1791 1029 turonensis,
1847 963 1891 1018 t.
1925 958 2021 1018 VL
2068 978 2201 1036 opp.
2252 977 2297 1022 s.
2344 959 2815 1035 Augustini,
2866 961 2928 1017 et
2975 960 3137 1019 inter

510 1051 833 1111 Vedasti
892 1050 1313 1109 attrebatensis
1364 1069 1452 1125 ep.
1503 1045 1565 1132 (†
1618 1044 1794 1130 539),

512 1140 862 1199 Richarii
895 1139 1230 1216 presbyteri
1253 1135 1316 1220 (†
1337 1135 1510 1214 645),
1544 1139 1794 1197 Willi-

512 1229 781 1288 brordi
858 1246 948 1305 ep.
1026 1228 1399 1304 trajectensis
1476 1225 1537 1308 (†
1619 1224 1792 1309 739),

512 1319 765 1395 Migne
797 1319 884 1389 CI,
935 1326 1302 1381 655-724.
1334 1351 1422 1360 -
1466 1318 1530 1381 Ρ.
1575 1320 1796 1377 sexta

511 1407 691 1466 habes
722 1407 854 1483 ejus
884 1409 1149 1465 carmina
1174 1400 1381 1488 (283),
1414 1426 1668 1482 quorum
1699 1425 1793 1464 re-

512 1495 694 1571 liquit
750 1496 902 1554 circa
955 1505 1108 1567 383,
1181 1495 1598 1572 inscriptiones
1649 1495 1792 1565 scil„

515 1586 974 1663 epigrammata,
1038 1584 1374 1661 epitaphia,
1439 1586 1792 1663 aenigmata,

511 1674 898 1733 salutationes
931 1676 993 1733 et
1024 1674 1115 1732 his
1148 1674 1385 1745 similia,
1419 1675 1641 1750 quibus
1673 1674 1795 1733 fere

509 1764 770 1823 celebrat
801 1763 907 1822 Dei
939 1763 1207 1840 gloriam,
1244 1764 1591 1841 angelorum
1624 1780 1792 1822 sanc-

507 1855 829 1928 torumque
860 1852 1082 1923 laudeS‚
1116 1856 1447 1928 martyrum
1469 1853 1791 1929 passiones,

510 1945 576 2000 et
604 1943 869 2001 virorum
900 1941 1122 2017 pietate
1151 1940 1488 2000 illustrium
1519 1942 1674 2002 facta
1703 1944 1795 2000 at-

510 2050 629 2106 que
661 2030 916 2088 virtutes
934 2023 1002 2111 1),
1035 2030 1287 2105 Migne
1311 2031 1397 2100 Cl,
1438 2039 1792 2099 726-8483

512 2120 577 2177 in
608 2119 762 2177 Mon.
796 2119 988 2181 Germ.
1021 2121 1177 2195 poet.
1220 2119 1324 2178 lat.
1357 2139 1479 2179 aev.
1513 2121 1637 2184 Car.
1671 2139 1793 2180 cur.

1849 1068 2028 1125 opera
2057 1048 2198 1107 Rab.
2220 1047 2499 1118 Mauri,
2533 1048 2637 1107 sed
2669 1051 2760 1107 est
2789 1048 3133 1107 Adsonis

1850 1138 2160 1213 scriptoris
2192 1155 2306 1199 sec.
2338 1137 2406 1196 X.
2437 1170 2526 1183 —-
2559 1137 2646 1195 De
2682 1138 2898 1196 divinis
2926 1139 3135 1213 officiis

1849 1227 1887 1289 l.
1905 1222 1989 1309 (p.
2017 1239 2042 1291 1
2063 1237 2088 1289 l
2101 1238 2132 1290 7
2146 1222 2618 1308 5—1287)non
2648 1229 2743 1285 est
2767 1226 2977 1302 ipsius,
2997 1246 3132 1303 par-

1849 1317 1959 1375 tim
2005 1316 2167 1392 quod
2210 1316 2297 1374 ibi
2341 1314 2716 1391 reperiantur
2745 1316 2996 1375 Alcuino
3039 1317 3135 1376 in·-

1850 1406 2049 1484 digna,
2099 1405 2318 1481 partim
2369 1404 2530 1480 quod
2575 1405 2797 1481 scripta
2845 1406 3136 1482 quaedam

1850 1496 2076 1554 inserta
2094 1494 2426 1553 habeantur
2443 1498 2754 1553 auctorum
2773 1495 2903 1554 aevi
2931 1499 3132 1571 poste-

1851 1584 2043 1644 rioris.
2101 1583 2209 1643 Est
2228 1585 2406 1660 juxta
2435 1583 2849 1643 Mabilloni
2867 1603 2982 1643 um
3012 1583 3134 1643 far-

1850 1692 1993 1751 rago
2013 1692 2084 1733 ex
2104 1673 2357 1733 diversis
2377 1673 2568 1749 ipsius
2587 1673 2829 1732 Alcuini
2849 1674 3134 1732 aliorum·

1850 1781 1968 1839 que
2012 1766 2318 1822 auctorum
2362 1762 2495 1837 ipso
2541 1762 2941 1836 posteriorum
2991 1762 3136 1822 scri-

1852 1852 1974 1928 ptis
2007 1852 2269 1911 collecta.
2323 1852 2508 1910 Juxta
2540 1850 2731 1911 Suitb.
2763 1853 2813 1911 B
2828 1871 2863 1910 a
2876 1871 2909 1911 e
2925 1870 2968 1910 u
2983 1872 3040 1910 m
3055 1871 3087 1911 e
3101 1872 3135 1910 r

1851 1941 2132 2002 Zeitschr.
2177 1940 2277 2000 fiir
2307 1942 2364 2004 k.
2397 1939 2596 2004 Theol.
2640 1952 2665 2002 1
2683 1949 2807 2005 889
2842 1961 2898 2017 p.
2933 1951 3056 2004 355
3094 1942 3135 2003 l.

1851 2034 1944 2089 est
1974 2032 2026 2088 A
2041 2050 2097 2088 m
2115 2031 2187 2088 al
2203 2050 2237 2088 a
2251 2050 2282 2088 r
2297 2030 2356 2088 ii
2386 2029 2699 2089 Fortunati
2730 2030 2985 2106 archiep.
3010 2034 3135 2089 tre-

1852 2119 2106 2179 virensis
2140 2120 2245 2178 sed
2264 2120 2542 2178 lacunose
2561 2119 2779 2178 editus.
2826 2119 2910 2182 Cf.
2929 2119 2997 2177 W
3011 2138 3044 2178 e
3059 2138 3090 2177 r
3104 2150 3133 2164 -

513 2207 904 2265 Diimmler
936 2207 983 2277 Ι,
1024 2217 1402 2280 160-359;
1449 2209 1525 2280 ΙΙ,
1575 2220 1794 2273 690—
1847 2227 1983 2268 ner
2012 2208 2230 2268 Alcuin
2267 2228 2324 2284 p.
2366 2218 2482 2272 199
2521 2226 2598 2267 ss.
2635 2242 2715 2253 —
2749 2208 2886 2267 Non
2917 2208 3137 2268 desunt

512 2306 660 2361 693.
693 2296 857 2355 Inter
885 2314 955 2354 ea
986 2297 1282 2357 eminent:
1320 2298 1404 2356 De
1423 2299 1795 2373 pontificibus

507 2393 564 2443 et
593 2387 809 2445 sanctis
840 2387 1101 2445 ecclesiae
1131 2388 1504 2462 eboracensis,
1547 2405 1654 2447 seu
1685 2406 1793 2463 po·

511 2475 634 2533 tius
686 2474 758 2532 de
807 2475 1100 2549 patribus,
1165 2477 1409 2553 regibus
1460 2479 1521 2534 et
1570 2476 1792 2535 sanctis

510 2563 866 2635 Euboricae;
922 2566 983 2623 et
1031 2563 1102 2624 de
1150 2586 1350 2626 rerum
1398 2565 1794 2626 humanarum

511 2653 927 2712 vicissitudine
989 2658 1051 2712 et
1111 2656 1269 2714 clade
1317 2657 1795 2730 lindisfarnensis

508 2744 865 2818 monasterii,
918 2743 1079 2818 quod
1110 2763 1161 2809 a.
1198 2755 1320 2808 793
1356 2764 1389 2803 a
1421 2745 1601 2804 Danis
1634 2745 1792 2804 dele-

510 2835 643 2890 tum
693 2831 828 2893 fuit..
877 2865 966 2875 ·—
1024 2834 1088 2892 P.
1140 2834 1393 2909 septima
1439 2835 1796 2893 exhibentur

511 2921 643 2996 ejus
694 2939 871 2997 opera
919 2921 1402 2982 didascalica
1460 2942 1570 3000 pro
1631 2942 1793 2982 more

512 3009 678 3067 illius
696 3009 984 3085 temporis
1015 3011 1080 3069 in
1105 3011 1292 3070 forma
1309 3011 1530 3088 dialogi
1554 3013 1794 3072 concin-

511 3101 683 3156 nata:
724 3098 1142 3176 Grammatico,
1184 3100 1628 3178 Orthoqraphia,
1665 3102 1792 3160 dia-

511 3187 684 3264 logus
717 3189 785 3244 dc
816 3189 1122 3247 Rhetorica
1155 3192 1215 3247 et
1245 3190 1595 3261 virtutibus,
1635 3191 1795 3249 inter

1848 2298 1954 2373 qui
1986 2298 2322 2375 conjiciant,
2354 2298 2411 2356 u.
2430 2297 2474 2354 Ι
2483 2296 2850 2359 VCarolinos
2879 2297 2992 2356 sub
3020 2316 3132 2357 no-

1849 2386 2008 2446 mine
2041 2387 2232 2446 Caroli
2263 2387 2340 2446 M.
2387 2387 2627 2446 nomine
2660 2390 2866 2447 contra
2895 2386 3137 2446 decreta

1850 2494 1955 2552 pro
1989 2476 2160 2534 cultu
2191 2494 2269 2534 ss.
2314 2475 2646 2552 imaginum
2693 2474 2907 2553 synodi
2937 2476 3136 2536 nicae-

1848 2585 1957 2626 nae
2007 2565 2096 2629 ed.
2145 2565 2403 2642 primum
2452 2585 2487 2624 a
2533 2566 2704 2626 Joan.
2756 2565 2839 2625 du
2884 2565 3136 2625 Tillet

1850 2649 2077 2736 (Tilio),
2130 2654 2375 2714 Parisiis
2417 2663 2614 2726 15493
2668 2652 2789 2728 (cui
2835 2655 2924 2714 ed.
2970 2656 3136 2715 deest

1849 2744 1946 2815 IV,
1972 2754 2007 2805 2
2022 2742 2100 2824 9),
2133 2743 2272 2803 dein
2291 2745 2550 2820 saepius,
2576 2745 2758 2804 etiam
2779 2745 2939 2803 inter
2957 2763 3140 2821 opera

1850 2833 2108 2892 Caroli
2155 2834 2229 2896 M.
2278 2833 2342 2891 in
2386 2833 2639 2911 Migne
2683 2834 2747 2892 P.
2787 2834 2847 2898 L,
2880 2833 3134 2905 XCVIII,

1853 2917 2288 3005 sss—1350),
2325 2922 2662 2982 abAlcuino
2694 2926 2852 2982 nutu
2882 2923 3138 2998 impera-

1849 3011 1998 3071 toris
2031 3011 2218 3070 fixisse
2249 3012 2653 3088 conscriptos:
2701 3013 2802 3071 sed
2833 3013 3137 3088 conjectu-

1848 3118 1947 3158 rae
1978 3120 2087 3176 pro
2118 3101 2227 3160 hac
2246 3102 2565 3161 assertione
2599 3105 2745 3160 sunt
2775 3104 2868 3161 sat
2896 3099 3137 3180 leveel).

1848 3224 1935 3234 -
1967 3189 2220 3267 Collegit
2254 3190 2626 3266 Capitularia
2664 3191 2729 3249 in
2759 3190 3041 3267 epistolas
3073 3194 3139 3248 et

510 3276 783 3335 Carolum
834 3296 1035 3354 regem
1083 3282 1146 3337 et
1193 3278 1424 3354 ipsum;
1476 3280 1794 3339 Dialectica
1847 3280 2155 3355 evangelia
2221 3280 2413 3339 totius
2489 3280 2645 3350 anni,
2706 3298 2840 3339 cum
2904 3280 3137 3338 Lectio-

511 3368 639 3436 etc.,
675 3366 925 3442 Migne
957 3388 1013 3443 p.
1051 3377 1463 3431 849-1001,

606 3551 750 3606 386.
796 3543 973 3601 Hisce
1025 3545 1430 3620 subjiciuntur
1477 3566 1535 3622 p.
1587 3551 1794 3608 octava

511 3631 803 3704 opuscula
842 3631 1104 3701 dubia,
1153 3634 1311 3692 inter
1355 3654 1506 3712 quae
1539 3640 1631 3695 est
1662 3638 1792 3713 ejus

509 3720 789 3792 confessio
825 3721 1051 3794 prolixa
1082 3725 1143 3780 et
1173 3742 1243 3781 ex
1272 3724 1455 3783 variis
1488 3726 1793 3800 opusculis

510 3807 689 3865 etiam
721 3808 973 3868 aliorum
1005 3812 1323 3886 compilata
1353 3813 1415 3872 in
1447 3814 1632 3873 forma
1662 3834 1795 3874 ora-

512 3896 711 3966 tioniS,
776 3898 849 3956 de
910 3901 1078 3976 cujus
1143 3902 1519 3977 genuinitate
1578 3923 1796 3980 magna

508 3986 812 4060 quondam
863 3990 1097 4047 exstitit
1138 3990 1298 4048 inter
1327 3992 1485 4050 viros
1525 3993 1793 4052 eruditos

508 4077 925 4149 controversia,
978 4079 1226 4155 Migne
1259 4080 1346 4154 CI,
1401 4091 1794 4146 1027-1098.

510 4164 682 4224 Prior
710 4185 847 4242 pars
881 4166 994 4224 sub
1025 4169 1266 4226 nomine
1297 4170 1512 4244 speculi
1541 4172 1635 4229 vel
1670 4172 1791 4228 Ma·

510 4254 709 4312 nualis
740 4255 1035 4330 reperitur
1065 4257 1139 4315 ad
1168 4257 1417 4316 verbum
1451 4258 1513 4317 in
1544 4259 1794 4336 append.

510 4362 646 4418 opp.
695 4361 740 4401 s.
785 4345 1109 4421 Augustini
1152 4349 1193 4408 t.
1243 4346 1320 4405 VI
1367 4345 1642 4429 (Migne
1674 4348 1790 4419 XL,

514 4432 919 4509 967—983);
953 4436 1140 4493 altera
1157 4440 1392 4510 reperta
1422 4437 1540 4496 fuit
1570 4438 1633 4496 in
1666 4438 1793 4497 cod.

510 4538 644 4578 cum
706 4521 822 4580 isto
887 4523 1134 4598 Speculo
1203 4526 1313 4584 sub
1374 4526 1790 4603 inscriptione:

515 4608 825 4686 Confessio,
881 4615 1173 4686 quantum
1223 4614 1489 4675 Christus
1539 4616 1792 4676 humano

514 4730 583 4741 ο.

1848 3368 2033 3438 nario,
2097 3368 2259 3444 quod
2308 3369 2812 3445 complectebatur
2859 3369 3135 3427 meliores

1849 3459 2088 3532 patrum
2109 3457 2388 3516 homilias
2408 3476 2515 3533 pro
2535 3457 2937 3528 concionibus,
2973 3458 3138 3533 quod

1848 3548 2051 3604 tamen
2080 3547 2328 3623 periisse
2363 3547 2711 3618 videbatur3
2758 3546 2911 3605 illud
2954 3547 3135 3615 enim,

1850 3636 2009 3710 quod
2060 3636 2174 3694 sub
2237 3637 2367 3712 ejus
2430 3636 2960 3695 circumferebatur
3026 3654 3136 3695 no-

1851 3725 2009 3783 mine
2031 3720 2143 3804 (ex.
2166 3744 2252 3802 gr.
2275 3725 2547 3785 Coloniae
2576 3723 2788 3803 1539),
2811 3728 2905 3784 est
2923 3725 3137 3783 Pauli

1852 3813 2081 3872 diaconi
2134 3810 2235 3895 (cf.
2285 3833 2467 3891 supra
2509 3834 2566 3890 p.
2616 3818 2786 3889 679).
2862 3814 3020 3873 lllud
3071 3833 3137 3873 se

1850 3903 2068 3961 iterum
2112 3904 2402 3980 reperisse
2447 3907 2646 3963 censet
2690 3904 2939 3962 Morin
2980 3904 3045 3967 Ο.
3079 3908 3137 3965 S.

1851 3993 1992 4050 Ben.
2025 3992 2088 4049 in
2118 3992 2482 4052 bibliotheca
2498 3993 2790 4052 nationali
2808 3993 2988 4069 paris,
3007 3993 3138 4055 cod.

1861 4089 2065 4143 14302
2130 4076 2229 4162 (cf.
2290 4082 2489 4142 Revue
2550 4082 2760 4145 bened.
2819 4091 2982 4145 1892
3034 4082 3136 4151 IX,

1931 4236 1965 4303 ¹)
1995 4232 2077 4286 Cf.
2105 4235 2173 4287 de
2201 4235 2405 4288 horum
2436 4235 2712 4289 librorum
2752 4233 3137 4304 genuinitate,

1849 4309 2188 4373 argumento
2219 4309 2323 4358 etc.
2354 4305 2402 4358 H
2420 4323 2449 4360 e
2468 4308 2495 4358 f
2505 4323 2534 4359 e
2552 4307 2570 4359 l
2587 4323 2615 4359 e
2644 4305 3136 4388 Conciliengesch.

1853 4375 1928 4427 111
1956 4384 1982 4441 ξ
2010 4383 2113 4432 399
2141 4379 2199 4428 et
2223 4376 2335 4429 KL.
2365 4378 2485 4441 vn,
2525 4382 2625 4434 189
2654 4395 2720 4431 ss.
2774 4377 2918 4431 Cum
2959 4395 3021 4430 m
3050 4379 3141 4431 tot

1850 4447 2084 4501 Alcuini
2130 4447 2291 4502 libris
2336 4452 2394 4502 et
2435 4448 2709 4519 epistolis,
2755 4465 2903 4517 quae
2944 4448 3140 4502 adhuc

1850 4522 2174 4588 supersunt,
2201 4521 2362 4575 nulla
2391 4523 2719 4589 compareat
2761 4520 2980 4574 mentio
3007 4537 3139 4575 con-

1849 4590 2156 4645 troversiae
2183 4591 2253 4646 de
2274 4610 2342 4644 ss.
2366 4591 2686 4662 imaginum
2706 4610 2813 4646 usu
2835 4591 3140 4661 cultuque,

1839 4663 1963 4731 jam
1982 4663 2053 4715 ob
2071 4663 2177 4715 hoc
2195 4663 2484 4719 silentium
2519 4662 2918 4734 improbabilis
2949 4663 3141 4717 videri

1848 4733 2018 4787 debet
2062 4734 2276 4804 opinio,
2321 4750 2467 4803 quae
2494 4734 2806 4788 Alcuinum
2852 4736 3050 4789 censet
3077 4735 3142 4789 li·

594 4802 629 4862 1)
659 4795 742 4847 Cf.
768 4796 811 4846 B
829 4815 857 4848 a
880 4816 914 4849 u
934 4818 988 4853 m
1004 4818 1042 4868 g
1058 4818 1089 4851 a
1108 4819 1134 4852 r
1152 4804 1175 4852 t
1190 4820 1226 4855 n
1244 4818 1272 4855 e
1290 4821 1316 4854 r
1344 4803 1437 4867 lV,
1468 4811 1766 4862 289-296.
1851 4805 2085 4859 brorum
2114 4805 2510 4861 Carolinorum
2537 4809 2846 4860 auctorem.
