3505 5161
1553 233 1867 290 Ennodius.

400 252 518 304 481
2886 254 3011 309 482

387 421 626 497 juvenis
662 430 910 483 20--21
970 438 1276 481 annorum.
1344 422 1672 481 Comitatus
1726 419 2199 480 Eucharisticum
2231 423 2299 480 de
2327 424 2445 480 vita
2466 441 2597 497 sua,
2619 422 2815 482 brevis
2837 426 3007 482 auto-

395 516 486 568 est
517 529 561 567 s.
593 510 995 586 Epiphaniam
1029 511 1367 587 episcopum
1401 530 1576 570 suum
1609 511 1673 568 in
1726 509 2073 585 biographia
2118 512 2184 568 in
2230 512 2415 570 forma
2460 512 2761 581 orationis,
2794 513 2859 570 in
2890 531 3011 588 qua

395 599 645 657 Galliam
688 619 794 674 pro
834 600 1195 658 redimendis
1229 600 1478 676 captivis
1512 600 1672 658 italis
1729 617 1775 656 s.
1808 600 2235 675 Augustini
2266 601 2663 660 confessiones
2696 621 2837 677 prae
2871 620 3012 661 ocu-

392 709 425 746 a
445 688 944 765 Burgundionum
975 708 1112 766 rege
1145 690 1291 748 illuc
1320 689 1673 765 profectum,
1727 688 1804 744 lis
1839 688 2016 747 habet
2046 682 2266 770 (opusc.
2289 686 2395 770 V);
2430 690 2774 748 Paraenesis
2805 692 3007 750 didas-

392 779 640 853 ejusque
660 797 1058 838 successorem
1089 779 1410 837 Maximum
1433 780 1672 837 Romam
1728 778 1910 835 colica
1941 778 2013 835 ad
2047 779 2429 837 Ambrosium
2476 782 2537 838 et
2570 780 2824 838 Beatum
2868 781 3008 839 ado·

391 888 439 926 a.
467 877 580 929 501
624 868 696 924 ad
730 867 1027 944 synodum
1059 869 1123 926 in
1142 886 1318 927 causa
1339 867 1673 944 Symmachi
1727 866 2036 937 lesceutes,
2086 868 2384 942 specimen
2430 868 2842 946 paedogogiae‚
2893 888 3010 944 qua

391 956 687 1032 pontificis
736 960 1160 1033 congregatum
1225 954 1320 1042 (cf.
1386 976 1567 1032 supra
1618 977 1674 1032 p.
1727 974 1827 1013 eos
1860 956 1935 1013 ad
1968 958 2276 1015 sectandas
2309 958 2567 1016 virtutes
2601 962 2661 1016 et
2682 958 2886 1017 literas
2905 959 3008 1017 ad·

397 1041 567 1125 451).
634 1046 908 1122 Synodus
939 1065 1074 1104 eum
1107 1047 1263 1105 tanti
1299 1046 1454 1116 fecit,
1504 1048 1574 1104 ut
1618 1045 1673 1104 ei
1728 1044 2038 1103 discendas
2071 1046 2353 1105 informat
2381 1043 2606 1128 (opusc.
2664 1043 3011 1129 VI);‡Pane-

392 1134 772 1193 demandaret
819 1136 1115 1210 pontificis
1166 1154 1400 1195 causam
1453 1136 1672 1211 scripto
1724 1136 1959 1209 qyricus
1991 1129 2066 1215 (a.
2099 1135 2250 1194 forte
2275 1146 2398 1198 507
2433 1137 2527 1193 vel
2553 1132 2705 1212 508)
2739 1137 2802 1197 in
2821 1137 3007 1196 Theo-

393 1223 691 1292 tuendam,
726 1224 887 1298 quod
919 1225 981 1283 in
1013 1224 1218 1283 libello
1253 1225 1528 1283 adversus
1558 1244 1670 1301 ece,
1727 1222 1994 1282 doricum
2010 1242 2212 1300 regem
2228 1222 2454 1304 (opusc.
2471 1220 2563 1307 1.)‚
2589 1226 2693 1301 qui
2724 1226 3008 1301 eloquen-

393 1315 490 1389 ραι·
531 1321 733 1371 contra
778 1314 1060 1390 synodum
1091 1315 1338 1372 scribere
1359 1332 1670 1387 praesum-
1728 1312 1874 1369 tiam
1904 1311 2148 1388 quidem
2179 1313 2397 1389 prodit,
2432 1314 2531 1372 sed
2551 1315 2690 1373 stilo
2722 1314 3008 1391 composi-

388 1409 647 1478 pserunt,
682 1405 805 1460 tam
826 1404 1081 1461 feliciter
1101 1404 1415 1478 praestitit,
1450 1407 1522 1462 ut
1541 1405 1669 1479 ejus
1724 1403 1825 1459 tus
1860 1404 1952 1459 est
1983 1402 2165 1460 nimis
2186 1403 2705 1479 turgida—Ejus
2739 1404 3011 1463 dictiones

398 1492 654 1550 defensio
689 1511 722 1550 a
761 1491 899 1568 plus
932 1510 1110 1567 quam
1144 1492 1414 1551 ducentis
1446 1492 1669 1568 episco-
1726 1508 1832 1548 seu
1854 1508 2152 1549 sermones
2190 1487 2329 1574 (28)
2363 1493 2716 1567 plerumque
2735 1512 2843 1568 pro
2877 1493 3008 1550 aliis

395 1581 503 1655 pis,
557 1580 662 1657 qui
717 1581 958 1639 Romam
1010 1584 1436 1652 convenerant,
1489 1582 1670 1640 fuerit
1724 1573 1994 1639 exaratae
2026 1584 2169 1639 sunt
2200 1581 2486 1656 quaedam
2520 1582 2839 1657 specimina
2870 1582 3003 1639 rhe-

395 1670 643 1744 probata
691 1671 958 1746 actisque
1020 1671 1261 1730 inserta.
1342 1670 1667 1747 Episcopus
1722 1668 1925 1739 torica,
1943 1688 2201 1743 quorum
2217 1673 2569 1747 argumenta
2585 1670 2851 1729 derivata
2866 1673 3011 1729 sunt

392 1758 696 1818 ticinensis
737 1760 929 1818 factus
975 1780 1025 1817 a.
1062 1770 1186 1822 514
1235 1759 1308 1818 ab
1355 1760 1670 1819 Hormisda
1726 1776 1898 1831 saepe
1960 1777 2028 1816 ex
2090 1760 2452 1835 antiquitate
2502 1778 2744 1819 romana
2789 1760 2887 1818 vel
2938 1779 3008 1818 ex

391 1849 669 1923 pontifice
716 1849 947 1924 legatus
996 1848 1110 1907 fuit
1154 1849 1374 1909 missus
1404 1850 1478 1908 ad
1509 1851 1667 1908 Ana-
1723 1847 2090 1924 mythologie
2135 1842 2238 1929 (ib.
2293 1845 2685 1926 263—303).
2744 1883 2815 1891 —
2868 1847 3006 1907 Poe-

391 1937 642 1995 stasium
682 1937 841 2013 imp.,
887 1941 958 1996 ut
1002 1956 1140 1996 eum
1185 1957 1254 1997 ex
1285 1938 1667 2014 Monophysi—
1723 1943 1883 1994 mata
1945 1935 2222 1996 distinxit
2283 1937 2639 1996 Sirmond
2702 1938 2766 1996 in
2817 1938 2878 1995 ll.
2946 1947 3004 2009 2,

390 2029 583 2084 tarum
618 2026 848 2099 laqueis
888 2028 958 2084 ad
1007 2027 1141 2084 fidei
1176 2028 1466 2087 unitatem
1498 2046 1667 2086 revo-
1723 2043 1980 2099 quorum
1999 2025 2228 2101 primus
2249 2023 2727 2110 complectitur1)
2742 2029 3010 2085 carmina

391 2117 569 2183 caret,
624 2115 726 2173 sed
774 2117 998 2191 absque
1047 2116 1248 2175 fructu
1300 2113 1379 2200 (a.
1435 2127 1554 2180 515
1609 2120 1670 2176 et
1729 2124 1829 2184 21,
1862 2116 2015 2173 alter
2046 2116 2467 2193 epiqrammata
2498 2117 2702 2175 brevia
2742 2126 2854 2179 151
2896 2134 3005 2191 pro

396 2198 566 2283 517).
633 2205 795 2262 Obiit
859 2216 954 2269 17.
1006 2205 1135 2263 Juli
1186 2215 1330 2275 521,
1397 2225 1516 2281 qua
1573 2206 1668 2264 die
1725 2203 2073 2278 sepulchris,
2128 2204 2410 2276 ecclesiis,
2464 2205 2827 2282 imaginibus
2877 2206 3005 2275 etc„

389 2293 649 2351 Ecclesia
679 2295 809 2368 ejus
842 2295 1181 2352 memoriam
1212 2295 1434 2354 recolit.
1491 2295 1666 2353 Prae·
1723 2311 1844 2351 non
1875 2293 2030 2351 tanti
2062 2295 2239 2368 pretii
2272 2294 2503 2370 poetici.
2538 2294 2727 2353 Stilus
2749 2294 3007 2353 Ennodii

390 2382 678 2440 termissis
724 2385 853 2457 ejus
904 2384 1172 2459 epistolis
1217 2379 1289 2464 (c.
1326 2393 1449 2446 297
1498 2384 1561 2441 in
1604 2384 1666 2446 ll.
1714 2381 1917 2457 judice
1952 2382 2761 2460 Fessler-Jungmann
2795 2380 2827 2449 ἓ
2858 2393 3002 2454 246,

390 2466 511 2551 ΙΧ),
558 2471 856 2542 brevibus,
906 2492 1057 2548 quae
1101 2473 1417 2549 phrasibus
1451 2474 1667 2532 redun-
1724 2471 2086 2530 obscuritate
2120 2471 2277 2530 haud
2298 2473 2542 2530 minima
2563 2472 2808 2543 laborat,
2841 2473 3001 2531 unde

389 2560 534 2618 dant
566 2567 745 2636 atque
791 2580 899 2637 pro
943 2563 1148 2621 nostro
1195 2580 1370 2638 scopo
1416 2562 1667 2623 minoris
1724 2559 1908 2619 lector
1970 2560 2033 2619 in
2083 2561 2607 2621 lucubrationibus
2659 2563 3006 2637 praesertim

390 2655 533 2708 sunt
578 2652 860 2709 momenti
910 2645 1187 2731 (Migne
1234 2651 1439 2724 LXIII,
1501 2663 1668 2715 13—
1721 2650 2007 2723 prosaicis
2042 2651 2449 2709 difficultatem
2481 2649 2789 2730 patitui-2).
2854 2652 3008 2710 Hinc

398 2749 469 2800 16
482 2734 566 2820 8),
602 2745 931 2814 supersunt
949 2742 1236 2816 opuscula
1253 2742 1304 2799 X
1322 2737 1424 2822 (ib.
1460 2753 1529 2803 16
1543 2754 1665 2803 7—

393 2826 564 2908 263),
613 2829 770 2888 inter
815 2849 965 2905 quae
1010 2830 1230 2889 eminet
1273 2828 1515 2889 libellus
1561 2849 1667 2906 pro

389 2918 615 2992 synodo
636 2919 882 2993 palmari
905 2920 1308 2996 apologeticus
1331 2938 1511 2995 supra
1538 2920 1667 2978 lau-

1800 2948 1837 3018 ¹)
1865 2945 2416 3016 Baumgartner
2442 2945 2537 3010 IV,
2564 2951 2875 3003 202—206:
2915 2947 3005 3003 Sie

388 3007 582 3064 datus,
631 3009 1042 3066 Declaraverat
1061 3009 1219 3065 enim
1243 3008 1383 3066 haec
1405 3009 1665 3084 synodus
1720 3016 1910 3070 haben
1930 3018 2115 3070 weder
2135 3018 2227 3071 die
2247 3017 2800 3072 bewundernswerte
2820 3018 3005 3085 Kraft‚

386 3094 610 3170 absque
623 3097 849 3170 judicio
870 3097 1105 3173 proprie
1128 3097 1287 3155 dicto
1308 3097 1663 3172 pontificem,

386 3184 450 3241 in
484 3203 660 3259 quem
694 3186 821 3261 ejus
855 3185 1176 3245 adversarii
1219 3189 1312 3245 tot
1342 3187 1665 3260 accusatio-

384 3286 492 3331 nes
542 3279 988 3350 congesserant,
1040 3276 1431 3334 innocentem.
1513 3275 1667 3333 Hinc

386 3362 491 3420 isti
538 3363 807 3422 libellum
855 3364 1136 3422 adversus
1171 3365 1462 3440 synodum
1496 3365 1664 3423 abso-

386 3451 636 3510 lutionis
669 3452 732 3510 in
767 3454 983 3529 vulgus
1017 3457 1382 3529 sparserunt.
1439 3455 1663 3513 Horum

388 3540 646 3614 querelis
710 3542 1027 3616 respondet
1089 3543 1394 3602 Ennodius
1466 3547 1664 3601 osten-

387 3628 546 3699 dem,
611 3630 942 3706 legitimam
993 3631 1179 3690 fuisse
1228 3633 1521 3708 synodum
1564 3633 1663 3708 ju-

387 3723 659 3794 stamque
692 3722 821 3795 ejus
855 3719 1328 3791 declarationem,
1377 3739 1489 3780 nec
1532 3739 1663 3797 per-

385 3808 573 3866 tinere
620 3808 693 3865 ad
742 3811 1066 3884 potestates
1113 3811 1402 3869 seculares
1449 3829 1662 3868 convo-

387 3915 516 3955 care
548 3898 859 3973 synodum,
894 3899 998 3956 sed
1028 3898 1102 3956 ad
1134 3919 1445 3959 romanum
1465 3899 1662 3975 ponti-

385 3986 569 4054 ficem,
605 3987 762 4045 hunc
794 4006 932 4045 vero
959 4006 1080 4045 non
1101 3989 1403 4064 subjacere
1436 3988 1661 4063 episco-

386 4094 596 4150 porum
658 4080 868 4151 utpote
930 4076 1278 4135 inferiorum
1351 4077 1579 4153 judicio
1598 4072 1662 4158 ¹).

384 4164 699 4222 Praestans
734 4184 972 4239 quoque
1005 4170 1097 4224 est
1128 4169 1242 4223 vita
1274 4186 1320 4224 s,
1340 4167 1665 4242 Epiphanii

383 4253 690 4311 ticinensis
723 4255 983 4330 episcopi
1017 4252 1079 4336 (†
1113 4265 1257 4325 496,
1292 4275 1486 4332 opusc.
1520 4252 1660 4335 111);

387 4343 500 4400 vita
533 4361 578 4399 s.
596 4345 840 4401 Antonii
854 4343 1124 4402 monachi
1143 4344 1465 4415 lirinensiS,
1485 4363 1661 4419 quam

384 4449 454 4488 ex
470 4430 629 4488 fideli
644 4432 934 4491 relatione
951 4434 1277 4508 composuit
1293 4427 1518 4516 (opusc,
1534 4428 1660 4512 IV);

1721 3088 1870 3142 noch
1915 3088 2008 3141 die
2052 3088 2209 3143 klare
2251 3088 2602 3157 Gliederung
2645 3089 2746 3142 der
2788 3092 3005 3144 ambro-

1722 3158 2046 3213 sianischen
2064 3161 2343 3228 Hymnen,
2370 3159 2489 3213 und
2516 3160 2616 3214 der
2640 3160 2810 3214 meist
2834 3164 3007 3215 etwas

1721 3232 2011 3300 gesuchte‚
2052 3231 2415 3302 gekiinstelte
2444 3231 2747 3286 Ausdruck
2787 3231 3008 3287 stimmt

1720 3303 1977 3356 schlecht
1996 3322 2066 3356 zu
2095 3303 2196 3356 der
2222 3304 2379 3356 sonst
2405 3320 2463 3356 so
2491 3303 2793 3356 einfachen
2821 3303 3006 3358 Form.

1711 3372 1831 3425 'Ein
1858 3374 2124 3442 gewisser
2151 3375 2469 3444 poetischer
2497 3374 2697 3427 Hauch
2726 3375 2865 3427 lasst
2885 3375 3004 3428 sich

1720 3444 1897 3498 ihnen
1930 3445 2139 3514 jedoch
2182 3446 2343 3499 nicht
2379 3445 2746 3515 absprechen.
2800 3445 3005 3500 Glaok-

1720 3515 1901 3570 licher
1941 3515 2018 3569 ist
2044 3517 2339 3571 Ennodius
2379 3517 2682 3585 jedenfalls
2721 3517 2783 3570 in
2810 3518 3006 3572 seinen

1721 3586 2451 3657 Gelegenheitsgedichten‚
2502 3589 2565 3641 in
2616 3588 2788 3642 deren
2839 3590 3006 3643 antik

1718 3657 2060 3713 klassischer
2095 3658 2261 3713 Form
2299 3677 2356 3713 er
2397 3660 2517 3714 sich
2547 3661 2878 3729 gewandter
2918 3663 3005 3715 be·

1720 3731 1874 3798 wegt
1899 3730 2018 3782 und
2062 3730 2125 3782 in
2171 3731 2425 3786 welchen
2466 3731 2614 3784 auch
2654 3732 3005 3788 rhetorische

1720 3800 2068 3855 Schwachen
2096 3802 2347 3870 weniger
2372 3802 2670 3857 auffallen.

1795 3875 1834 3942 ²)
1864 3872 1946 3926 Cf.
1974 3872 2119 3925 Hist.
2141 3873 2291 3926 liter.
2319 3874 2389 3927 de
2414 3875 2472 3927 la
2500 3873 2588 3927 Fr.
2618 3875 2711 3937 ΠΙ,
2739 3881 3003 3935 96-111;

1718 3942 1793 3999 Μ.
1822 3944 1864 3996 F
1881 3960 1911 3996 e
1927 3943 2084 4013 rtig
2112 3944 2407 3999 Ennodius
2435 3944 2553 3999 und
2581 3946 2734 3998 seine
2756 3946 2879 3999 Zeit
2896 3966 2952 4016 p.
2979 3955 3002 4002 1

1719 4014 1931 4068 Passau
1980 4022 2134 4081 1855,
2179 4033 2235 4084 p.
2277 4023 2307 4070 2
2350 4020 2408 4069 et
2445 4024 2479 4072 3
2522 4015 2822 4070 Landshut
2852 4024 3004 4073 1860.

1723 4094 1892 4147 1858ς
1943 4084 2003 4142 Ρ.
2031 4086 2119 4138 Fr.
2163 4086 2463 4156 Magani
2506 4087 2786 4151 EnnodiO,
2828 4087 3004 4141 Paria

1721 4163 1860 4214 1886
1887 4160 1926 4210 t..
1954 4165 1988 4213 3
2014 4157 2076 4211 in
2103 4164 2167 4218 8;
2208 4158 2634 4213 Hasenstab
2663 4158 2903 4212 Studien
2931 4177 3002 4212 zu

1719 4228 2034 4294 Ennodius,
2060 4229 2349 4284 Mtinchen
2375 4235 2511 4285 1890
2529 4251 2541 4289 ς
2588 4228 2632 4281 Β
2648 4247 2682 4281 a.
2697 4247 2725 4282 r
2741 4229 2777 4281 d
2794 4245 2823 4280 e
2841 4247 2879 4281 n
2895 4230 2934 4282 h
2951 4246 3002 4282 e-

1720 4311 1931 4366 πνεῖς
1976 4308 2078 4356 114
2122 4319 2176 4354 n.
2223 4309 2285 4354 2:
2338 4300 2708 4355 Schroedl
2752 4301 2865 4353 KL.
2906 4301 3002 4364 lV,

1719 4378 1825 4427 632
1876 4389 1964 4435 ss.,
2043 4371 2144 4439 qui
2193 4371 2345 4425 inter
2394 4372 2510 4425 alia.
2578 4371 2807 4426 scribit:
2879 4371 3002 4424 Von

1718 4460 1969 4513 grossem
2015 4443 2305 4498 Gewichte
2347 4442 2475 4496 sind
2517 4442 2670 4496 aeine
2697 4442 3001 4506 Schriften,

1721 4515 2024 4568 besonders
2050 4516 2198 4568 auch
2220 4516 2438 4579 darum,
2467 4514 2595 4566 weil
2624 4514 2704 4567 sie
2732 4514 2825 4567 die
2850 4514 3001 4566 kost-

1720 4586 1948 4639 barsten
1994 4585 2256 4656 Beitrage
2301 4604 2401 4639 zur
2441 4584 2778 4640 Geschichte
2819 4584 3002 4638 seiner

463 4658 498 4727 ¹)
528 4655 609 4709 Cf.
638 4657 716 4710 St.
744 4657 832 4711 Le
849 4657 1044 4727 glise
1091 4657 1145 4711 S.
1172 4656 1469 4712 Ennodius
1511 4661 1570 4710 et
1608 4657 1665 4711 la.
1719 4656 1842 4710 Zeit
1889 4657 2007 4712 und
2042 4658 2142 4712 der
2168 4658 2597 4727 germanischen
2624 4656 2871 4711 Stamme
2905 4655 3001 4710 lie-

384 4728 729 4796 suprematie
792 4729 1119 4798 pontificale
1195 4746 1269 4782 au
1333 4730 1436 4783 VIe
1498 4728 1665 4783 siecle
1719 4729 1861 4793 fern,
1890 4730 2103 4784 welche
2131 4729 2351 4783 (lamala
2375 4728 2482 4783 auf
2502 4730 2612 4782 den
2639 4728 2867 4783 Ruinen
2904 4728 3002 4780 der

385 4799 725 4870 (499-503),
753 4800 910 4868 Lyon
940 4807 1093 4858 1890.

597 4897 786 4956 amer,
816 4897 1142 4945 Nomenaator
1167 4899 1187 4944 1
1215 4899 1286 4947 ed.
1317 4899 1402 4946 111.

1719 4801 1873 4854 alten
1901 4800 2061 4854 Welt
2086 4800 2208 4854 ihre
2235 4817 2423 4855 neuen
2451 4800 2857 4855 Herrschaften
2882 4799 3002 4853 auf-

2581 4896 2646 4946 16
