3505 5161
373 200 410 250 9
421 198 501 251 57
1393 181 1551 234 Abbo
1581 179 1978 235 Floriacensis.
2866 199 2988 254 958

371 366 620 425 candido
641 370 702 424 et
711 368 879 442 justo
910 368 1093 425 seculi
1125 367 1366 444 genium
1398 366 1651 441 descrip·
1710 367 2090 426 cantuarensi
2135 370 2197 425 et
2242 386 2286 431 s,
2335 367 2603 427 Oswaldo
2649 367 2992 427 eboracensi

371 455 459 513 sit
492 474 802 531 moresque
835 456 1182 531 depravatos
1230 455 1527 515 coloribus
1569 456 1652 514 vi·
1712 456 1891 531 hujus
1933 457 2235 515 missionis
2281 459 2536 516 auctore.
2602 457 2895 516 Reversus
2941 478 2989 518 a.

368 544 530 603 vidis
564 545 778 622 pinxit.
840 544 908 602 In
943 544 1188 604 historia
1218 545 1657 621 gallica-multa
1716 553 1835 608 987
1862 565 1993 604 mox
2016 541 2199 628 (988)
2225 546 2448 605 electus
2479 548 2571 605 est
2602 546 2665 605 in
2696 546 2988 617 abbatem,

369 635 539 702 sunt,
592 652 743 710 quae
776 653 845 692 ex
878 634 1066 709 ipsius
1117 635 1462 695 testimonio
1509 653 1654 710 pen·
1710 635 2058 694 monasterii
2077 638 2276 694 tamen
2298 636 2563 712 regimen
2586 635 2825 694 nonnisi
2857 642 2994 711 post

370 723 548 781 dent:
601 723 782 781 etiam
831 724 901 781 de
947 723 1126 782 rebus
1160 724 1223 782 in
1257 723 1566 782 Germania
1597 725 1658 781 et
1710 724 1929 782 aemuli
1960 724 2021 782 vi
2051 724 2273 783 intrusi
2297 728 2546 783 mortem
2580 724 2741 783 adire
2773 724 2990 799 potuit.

368 811 549 870 Italia
581 813 768 889 gestis
800 812 996 879 habet,
1043 831 1196 887 quae
1242 812 1385 870 alibi
1432 812 1656 870 frustra
1711 812 1803 870 Ad
1841 832 2122 890 magnum
2158 813 2530 888 splendorem
2563 812 2837 889 provexit
2868 831 2991 871 mo-

368 920 641 975 quaeras,
673 901 907 960 Prodiit
923 920 1072 976 opus
1088 902 1442 977 inscriptum
1462 902 1653 959 Fran-
1711 904 1957 960 nasterii
1991 903 2086 960 sui
2119 902 2366 971 scholas,
2400 905 2471 960 ut
2503 902 2766 977 undique
2792 920 2991 961 accur-

368 1008 571 1048 corum
603 986 883 1049 historiae
914 991 968 1047 ll.
1021 989 1084 1050 V
1114 1009 1221 1049 seu
1252 990 1654 1049 Historiarum
1709 995 1909 1050 rerent
1940 991 2221 1066 discipuli
2254 992 2500 1068 ipseque
2532 991 2729 1050 dictus
2769 992 2848 1049 sit
2880 997 2990 1061 ‚to-

370 1079 469 1138 sui
500 1080 787 1155 temporis
821 1080 881 1137 ll.
904 1079 951 1137 V
973 1080 1045 1137 ab
1076 1080 1363 1139 electione
1382 1079 1655 1156 Hugonis
1710 1080 1834 1138 tius
1875 1080 2150 1139 Franciae
2197 1080 2481 1158 magister
2523 1080 2990 1139 famosissimus‘.

368 1168 576 1242 Capeti
594 1165 640 1249 ¹)
692 1169 756 1226 in
807 1186 1003 1245 regem
1060 1179 1181 1232 987
1237 1169 1310 1227 ad
1363 1188 1413 1228 a.
1465 1187 1656 1244 usque
1710 1169 1951 1227 Romam
1987 1170 2208 1228 missus
2243 1166 2423 1251 (997)
2470 1190 2503 1228 a
2543 1170 2798 1228 Roberto
2831 1169 2991 1246 lega·

376 1268 566 1327 1046,
613 1257 771 1333 apud
814 1259 861 1316 D
882 1277 920 1316 u
939 1276 969 1315 c
984 1259 1023 1315 h
1041 1278 1072 1316 e
1087 1277 1114 1317 s
1131 1277 1171 1316 n
1186 1277 1217 1316 e
1263 1258 1419 1316 Hist.
1452 1258 1654 1317 Franc.
1710 1264 1810 1316 tus
1836 1259 2037 1335 regius
2059 1259 2300 1335 negotia
2319 1259 2712 1318 ecclesiastica
2729 1258 2803 1317 ad
2822 1263 2992 1333 opta·

370 1347 587 1422 Script.
642 1346 739 1415 IV,
811 1356 1054 1418 1—58;
1119 1347 1213 1404 Mi
1231 1366 1375 1424 gne
1438 1347 1654 1419 CXLII,
1711 1351 1842 1406 tum
1914 1348 2196 1423 perduxit
2271 1348 2514 1410 exitum.
2609 1343 2991 1422 Disciplinam

372 1445 763 1505 611——6983
795 1443 1067 1511 excerpta
1085 1436 1150 1494 in
1171 1436 1297 1494 MG.
1320 1436 1446 1507 VII,
1483 1445 1655 1500 48-—
1711 1437 2093 1496 monasticam
2136 1437 2317 1495 variis
2363 1437 2427 1495 in
2472 1436 2851 1496 monasteriis
2898 1455 2990 1494 re-

374 1533 489 1593 72;
539 1525 780 1584 Raoul
827 1526 1041 1584 Glaber
1087 1526 1199 1584 Les
1242 1528 1442 1602 citaque
1486 1526 1658 1584 lieres
1711 1526 2004 1585 stauravit
2035 1525 2439 1600 firmavitque:
2473 1529 2799 1600 tantusque
2830 1526 2991 1583 zelus

370 1614 439 1671 de
488 1633 578 1673 ses
608 1615 877 1672 histoires
921 1610 1372 1697 (sco-1044)
1419 1614 1508 1674 ed.
1548 1634 1657 1690 par
1708 1616 1918 1673 mortis
1952 1616 2174 1674 occasio
2207 1615 2261 1674 ei
2291 1614 2424 1678 fuit.
2489 1614 2642 1672 Nam
2681 1615 2745 1672 in
2776 1613 2990 1672 Vasco-

372 1703 561 1762 Maur.
595 1705 824 1773 Pron,
874 1704 1112 1763 Parisiis
1159 1712 1341 1767 1886.
1405 1703 1657 1779 Scripsit
1709 1703 1871 1762 niam
1897 1705 2195 1780 profectus
2228 1723 2334 1779 pro
2366 1703 2736 1763 reformando
2767 1703 2991 1778 priora-

375 1811 619 1868 quoque
651 1794 825 1851 vitam
859 1812 903 1852 s.
929 1792 1201 1852 Guilelmi
1219 1794 1310 1853 ab.
1333 1811 1377 1851 s·
1398 1792 1655 1870 Benigni
1710 1796 1780 1851 tu
1817 1795 1898 1853 La
1930 1793 2129 1852 Reolle
2159 1797 2290 1852 orta
2322 1793 2612 1852 seditione
2645 1793 2845 1851 lancea
2875 1792 2994 1849 fuit

370 1881 804 1940 divinionensis
852 1878 912 1963 (†
954 1879 1144 1959 1031)
1188 1882 1252 1940 in
1284 1882 1451 1940 Actis
1484 1882 1581 1941 SS.
1623 1895 1644 1945 1
1707 1882 2032 1941 transfixus
2064 1882 2434 1959 decessitque
2489 1893 2582 1945 13.
2617 1881 2768 1942 Nov.
2810 1891 2992 1946 1004.

370 1969 507 2028 Jan.
530 1971 575 2039 I,
602 1980 894 2041 57—643
928 1970 1459 2030 inMabillonii
1491 1972 1654 2030 Actis
1710 1972 1961 2031 Mortem
2036 1971 2340 2031 miraculis
2404 1972 2591 2029 Deum
2656 1970 2989 2029 illustrasse

372 2059 471 2130 VI,
513 2071 566 2127 1,
607 2068 990 2128 322—334;
1025 2060 1276 2137 Migne
1308 2060 1346 2123 l.
1377 2079 1423 2118 c.
1444 2081 1501 2136 p.
1527 2070 1648 2122 697
1709 2061 1975 2134 tradunt,
2012 2062 2147 2120 hinc
2178 2060 2361 2120 variis
2394 2061 2459 2118 in
2485 2059 2708 2118 Galliae
2729 2059 2991 2118 ecclesiis

369 2158 614 2212 -720.
679 2149 911 2207 Obiisse
945 2149 1163 2207 dicitur
1192 2168 1240 2211 c.
1280 2159 1465 2212 1050.
1709 2150 1866 2208 inter
1895 2153 2130 2209 sanctos
2162 2152 2223 2209 et
2253 2151 2546 2225 martyres
2577 2148 2809 2210 colitur.
2847 2148 2989 2205 Plu-

1710 2239 1861 2298 rima
1908 2240 2158 2314 reliquit
2215 2239 2452 2315 scripta,
2517 2256 2769 2313 quorum
2835 2237 2990 2295 haud

465 2335 614 2388 531.
641 2326 1071 2386 Celebrioribus
1092 2330 1271 2403 atque
1292 2328 1655 2387 doctioribus
1709 2345 1898 2403 pauca
1927 2329 2250 2404 perierunt,
2295 2329 2412 2387 alia
2456 2346 2574 2386 non
2623 2330 2762 2386 sunt
2801 2326 2990 2394 edita;

372 2416 557 2490 hujus
589 2416 799 2474 aetatis
833 2416 981 2474 viris
1003 2417 1297 2476 accenseri
1315 2417 1493 2476 debet
1523 2420 1569 2476 A
1588 2417 1655 2475 b-

373 2504 458 2563 bo
483 2499 537 2588 ²)
584 2504 647 2562 in
690 2505 991 2564 territorio
1035 2506 1432 2565 aurelianensi
1476 2510 1654 2565 natus

371 2596 528 2652 circa
559 2614 609 2654 a.
646 2605 769 2658 945
806 2596 923 2670 piis
958 2597 1322 2671 parentibuS,
1370 2597 1473 2672 qui
1521 2615 1654 2655 eum

371 2684 567 2742 adhuc
612 2702 866 2757 puerum
912 2703 954 2743 S.
1002 2685 1320 2743 Benedicto
1359 2685 1421 2743 in
1453 2704 1653 2744 mona-

375 2773 559 2831 sterio
603 2773 936 2832 floriacensi
980 2774 1374 2832 tradiderunt.
1439 2775 1508 2832 In
1554 2794 1654 2832 va·

373 2862 478 2919 riis
514 2862 846 2937 disciplinis
879 2863 1116 2939 egregie
1148 2863 1468 2921 institutus
1503 2863 1656 2932 ,im-

372 2950 631 3011 buendis
677 2951 1022 3026 praeficitur
1068 2952 1449 3020 scholasticis,
1507 2970 1656 3026 quos

374 3040 477 3097 ille
506 3058 616 3115 per
646 3040 879 3115 aliquot
904 3060 1193 3100 annorum
1214 3041 1509 3099 curricula
1539 3042 1655 3099 lec-

372 3129 537 3188 tione
571 3128 753 3187 simul
784 3132 843 3187 et
874 3130 1170 3188 cantilena
1199 3129 1501 3188 erudivit*¹
1527 3127 1652 3208 (Ai-

376 3235 515 3276 mon
571 3217 630 3274 in
683 3217 819 3275 Vita
865 3236 910 3281 s,
956 3214 1268 3298 Abbonis).
1336 3219 1411 3275 Ut
1458 3222 1658 3277 tamen

376 3307 566 3383 magis
619 3307 984 3366 excoleretur
1033 3307 1276 3366 Parisiis
1339 3311 1399 3365 et
1460 3308 1657 3365 Remis

376 3395 605 3454 scholas
636 3395 1051 3470 frequentavit.
1103 3398 1174 3454 ln
1204 3396 1480 3472 Angliam
1514 3397 1657 3454 mis-

378 3502 477 3543 sus
498 3488 608 3554 est,
641 3490 713 3541 ut
742 3485 806 3543 in
833 3485 1072 3543 abbatia
1092 3486 1437 3544 Ramesiana
1458 3483 1655 3566 (Ram-

379 3569 509 3656 say)
561 3573 933 3649 disciplinam
994 3574 1425 3633 cluniacensem
1478 3573 1655 3632 indu-

1710 2436 1777 2475 ex
1825 2417 2002 2475 editis
2050 2418 2282 2493 potiora
2338 2420 2510 2476 sunt:
2575 2416 2871 2490 Epistolae
2919 2416 2992 2471 ad

1711 2525 1856 2565 rom.
1898 2507 2224 2583 pontifices,
2273 2505 2346 2563 ad
2393 2506 2668 2564 Ottonem
2705 2503 2827 2575 ΙΙΙ.,
2878 2504 2989 2562 Ro-

1709 2597 1949 2655 bertum
1973 2615 2191 2673 regem,
2227 2615 2270 2654 s.
2294 2595 2603 2653 Odilonem
2637 2595 2746 2663 ab„
2781 2594 2842 2652 in
2873 2613 2992 2669 qua

1711 2685 1836 2761 agit
1881 2685 1953 2744 de
1985 2684 2313 2746 canonibus
2343 2702 2447 2759 pro
2479 2683 2784 2742 harmonia
2813 2701 2990 2741 evan-

1711 2774 1918 2850 gelica,
1975 2793 2063 2850 ep.
2111 2774 2337 2850 prolixa
2381 2773 2454 2831 de
2492 2774 2836 2847 juramento
2881 2775 2990 2829 etc.

1713 2863 2073 2922 Prodierunt
2123 2881 2263 2921 cura
2312 2861 2697 2920 Pelletier
2744 2860 2990 2918 Parisiis

1721 2961 1882 3015 1687
1933 2953 2005 3011 ad
2051 2952 2227 3011 finem
2273 2969 2429 3026 corp.
2469 2950 2629 3026 juris
2674 2968 2797 3007 can.
2829 2949 2992 3007 Petri

1713 3040 1943 3099 Pithoei
2005 3053 2055 3112 l,
2120 3050 2244 3104 393
2300 3058 2377 3099 ss,
2440 3072 2525 3082 —
2588 3040 2994 3115 Apoloyeticus

1714 3126 1919 3210 (etiam
1967 3130 2123 3188 inter
2168 3148 2257 3205 ep.
2299 3125 2525 3208 editus)
2573 3127 2644 3185 ad
2677 3127 2989 3203 Hugonem

1711 3222 1776 3277 et
1807 3219 2128 3277 Robertum
2161 3236 2329 3294 reges
2359 3217 2732 3287 Francorum,
2779 3216 2843 3273 in
2875 3233 2992 3290 quo

1712 3311 1922 3366 tuetur
1944 3325 2112 3366 suam
2131 3307 2346 3384 agendi
2366 3306 2658 3365 rationem
2684 3323 2788 3380 pro
2819 3307 2991 3363 tuen-

1714 3396 1806 3454 dis
1839 3397 2255 3472 religiosorum
2281 3395 2526 3471 juribus
2571 3395 2633 3451 in
2665 3393 2912 3452 concilio
2946 3413 2991 3453 S.

1713 3485 1982 3561 Dionysii
2015 3506 2063 3546 a.
2103 3494 2221 3548 995
2258 3484 2484 3553 habito,
2527 3502 2678 3560 quae
2708 3482 2991 3559 gravibus

1712 3573 1998 3632 adversus
2031 3575 2337 3650 episcopos
2380 3572 2741 3631 tumultibus
2787 3571 2887 3630 sed
2932 3576 2993 3630 et

379 3665 538 3719 ceret
578 3667 757 3736 atque
801 3663 1000 3721 studia
1030 3663 1392 3722 reformaret.
1458 3663 1657 3740 Magni
1714 3662 2125 3721 vexationibus
2140 3664 2203 3721 in
2219 3663 2413 3738 ipsum
2434 3661 2705 3720 abbatem
2738 3660 2992 3719 occasio-

376 3749 565 3809 factus
587 3753 678 3809 est
708 3771 741 3808 a
773 3770 910 3828 rege
931 3751 1243 3810 Ethelredo
1263 3753 1656 3826 universaque
1712 3770 1847 3809 nem
1880 3751 2063 3809 dedit.
2102 3784 2187 3794 --
2216 3750 2473 3809 Colleccio
2503 3769 2806 3826 canonum,
2841 3767 2992 3823 quae

378 3840 513 3897 aula
557 3843 618 3897 et
662 3841 736 3897 ab
782 3841 1237 3916 archiepiscopis
1269 3859 1311 3898 s.
1348 3842 1656 3899 Dunstano
1713 3841 2127 3916 complectitur
2172 3840 2436 3915 capitula
2467 3839 2589 3909 LII,
2637 3839 2880 3897 collecta
2923 3857 2992 3896 ex

1715 3946 1876 3988 conc.
1913 3928 2255 3996 canonibuS,
2305 3947 2444 3986 rom.
2487 3928 2832 4004 pontificum
2867 3927 2991 4002 epi-

459 4031 492 4097 1)
522 4026 945 4098 Helgaldus
991 4027 1386 4098 (Heligaudus,
1415 4027 1658 4098 Helgau-
1715 4018 1907 4086 stolia,
1957 4017 2236 4092 operibus
2282 4036 2327 4076 s,
2366 4017 2696 4093 Augustini
2728 4035 2991 4091 praeser-

380 4096 502 4162 dus,
554 4097 757 4152 vitiose
801 4097 1136 4168 Helgandus
1176 4102 1299 4170 etc.)
1347 4099 1658 4154 monachus
1712 4107 1824 4164 tim
1856 4110 1983 4177 eto„
2017 4106 2106 4165 ed,
2141 4126 2175 4164 a
2208 4105 2587 4164 Mgbillon
2617 4105 2681 4162 in
2712 4105 2881 4162 Aml,
2915 4103 2990 4172 Π,

381 4166 724 4225 floriacensis
751 4173 797 4241 (†
825 4187 875 4225 v,
898 4174 1051 4238 1048)
1079 4169 1187 4223 scri
1232 4170 1308 4224 sit
1333 4170 1656 4241 Epitomam

382 4239 534 4294 vitae
561 4240 795 4295 Roberti
819 4240 971 4310 regis
1016 4240 1121 4294 filii
1150 4191 1411 4311 ffugonis
1441 4241 1659 4310 Capeti,

1723 4205 2085 4258 133—148.
2131 4228 2218 4237 ——
2250 4196 2516 4272 Epitome
2562 4194 2634 4252 de
2679 4193 2803 4251 XCI
2848 4212 2990 4256 rom,

381 4310 475 4363 cui
500 4314 624 4366 erat
646 4311 1088 4380 acceptissimus.
1136 4311 1273 4365 Eam
1302 4313 1476 4366 habes
1503 4313 1658 4382 apud
1717 4286 2066 4359 pontificum
2083 4284 2225 4342 Vitis
2241 4302 2306 4341 0¹
2330 4285 2367 4342 l·
2389 4284 2459 4341 de
2491 4283 2634 4340 Vitis
2669 4301 2819 4382 ¹91⁰·-
2846 4301 2991 4357 pon·

382 4378 428 4432 D
446 4400 483 4435 u
500 4399 528 4434 ο
544 4383 582 4435 h
595 4400 624 4436 e
636 4401 708 4435 sn
726 4399 756 4436 e
781 4382 926 4437 Hist.
940 4382 1136 4437 Frane.
1149 4383 1340 4453 script.
1356 4383 1450 4448 lv,
1469 4389 1629 4440 59·79
1647 4406 1658 4442 ;
1713 4374 1957 4443 tifieum,
1971 4373 2075 4447 qui
2094 4373 2230 4430 olim
2245 4375 2293 4429 A
2312 4393 2352 4430 n
2369 4393 2401 4430 a
2418 4391 2445 4430 s
2462 4377 2488 4430 t
2504 4393 2535 4429 a
2551 4371 2660 4430 sio
2680 4371 2992 4430 b1bl1othe-

383 4449 529 4506 Bou
551 4458 731 4522 (111θῦ
779 4453 911 4510 1³00·
951 4454 1019 4517 Χ,
1067 4457 1342 4514 98—117;
1408 4455 1659 4525 Mignss
1715 4464 1870 4521 cario
1903 4463 2297 4532 tribuebatur,
2341 4462 2406 4520 in
2451 4460 2746 4520 Anastasii
2807 4461 2993 4518 histo-

385 4523 563 4588 CXLI,
591 4529 889 4582 909-936.
943 4526 1023 4578 Cf.
1072 4525 1113 4577 F
1130 4544 1162 4578 a
1183 4527 1217 4580 b
1233 4525 1295 4579 ri
1312 4543 1340 4578 c
1357 4526 1378 4579 i
1395 4545 1432 4580 u
1450 4544 1473 4580 s
1522 4526 1657 4580 bibl.

385 4592 480 4646 lat.
510 4596 573 4661 n,
606 4603 736 4653 185:
766 4595 911 4650 Hist.
937 4596 1023 4650 lit.
1050 4596 1172 4660 VII,
1198 4604 1498 4654 405-409.

1715 4552 1805 4609 ria
1866 4557 1994 4619 etc„
2058 4551 2398 4627 Moguntiae
2470 4559 2666 4616 1602;
2745 4550 2993 4626 Migne

456 4669 495 4735 κ)
523 4666 686 4721 Alius
730 4669 804 4721 ab
828 4668 1067 4721 Abbone
1114 4668 1418 4732 cernuo,
1446 4669 1514 4722 de
1545 4685 1658 4736 quo
1716 4640 2011 4710 CXXXIX,
2059 4650 2426 4703 535—570.
2459 4674 2546 4684 -—·
2591 4639 2720 4697 Vita
2753 4659 2796 4698 8.
2830 4639 2991 4698 Ead-

387 4752 555 4805 supra
584 4758 638 4808 p.
666 4743 770 4794 900
797 4738 1034 4809 egimus.

1717 4732 1918 4788 mundi
1962 4729 2120 4806 regis
2167 4730 2498 4805 Anglorum
2539 4732 2600 4788 et
2631 4729 2704 4791 M.
2742 4723 2803 4809 (†
2840 4725 2991 4808 870)
