3505 5161
474 227 596 280 507
926 212 1226 265 637—700.
1254 206 1523 277 Theolog.
1552 206 1667 275 pol.
1696 207 2034 261 Anastasius
2060 207 2198 272 Sin„
2223 205 2492 262 Julianus
2519 209 2635 271 1201„
2963 226 3085 281 (303

474 397 839 469 Quae-stiones
872 392 1056 477 (154)
1106 398 1166 453 et
1216 398 1631 470 responsiones
1677 394 1749 452 de
1816 404 1978 457 1893
2014 395 2059 463 Ι,
2100 404 2435 464 73-125;
2485 397 2546 454 et
2586 396 2654 452 A.
2688 394 2933 453 Wirth
2965 396 3090 453 Aus

472 485 721 544 diversis
743 485 1038 561 capitibus
1071 503 1104 542 a
1137 484 1387 543 diversis
1408 483 1749 559 propositae
1805 483 2017 542 orient.
2065 483 2411 554 Chroniken,
2460 483 2783 542 Franksurt
2834 492 2998 547 1894
3031 503 3087 559 p.

470 568 914 656 (311—824):
969 592 1120 648 quae
1170 577 1368 632 tamen
1422 572 1632 631 saltem
1680 591 1747 631 ex
1817 582 2180 643 143-210,
2208 575 2462 648 utraque
2483 572 2571 636 ed.
2593 572 2875 631 mendosa
2888 573 3088 648 judice

468 667 635 737 parte
667 681 787 721 non
821 666 965 721 sunt
994 664 1305 740 genuinae.
1356 662 1471 720 Eae
1490 661 1748 737 primum
1808 661 2173 720 Ehrhard.

469 752 661 811 editae
712 752 876 811 fuere
940 772 974 810 a
1023 753 1342 811 Gretser
1391 750 1748 828 Ingolstadii
1811 774 1814 775 ⁷

478 852 639 904 1617
676 842 740 900 in
776 851 836 905 4.
873 875 949 884 —
976 840 1179 899 Oratio
1212 842 1281 899 de
1311 859 1484 899 sacra
1515 841 1746 915 synaxi,

467 932 529 988 et
560 931 630 989 de
662 949 783 990 non
809 930 1134 1005 judicando
1166 930 1357 1005 deque
1390 930 1748 1005 injuriarum
1898 938 2042 991 337.
2064 929 2133 986 In
2165 928 2587 988 Occidente
2615 929 2774 987 haud
2795 929 3090 988 inceleber

469 1018 766 1078 oblivione
814 1015 1236 1100 (825-850).
1270 1052 1355 1062 —-
1386 1019 1747 1095 Anayoqica-
1803 1016 2118 1094 theologus
2181 1018 2298 1076 fuit
2347 1019 2721 1077 Julianus
2784 1019 3088 1077 toletanus

467 1127 603 1167 rum
651 1110 1187 1183 contemplationum
1234 1109 1298 1166 in
1346 1109 1749 1167 Hexaemeron
1804 1106 2075 1175 antistes,
2110 1107 2320 1166 aliusa
2341 1108 2584 1167 Juliano
2617 1108 2982 1177 Pomerio‚
3014 1107 3089 1166 de

466 1198 530 1258 ll.
567 1197 693 1268 XII,
741 1215 997 1273 quorum
1042 1199 1276 1255 tantum
1324 1197 1363 1254 1.
1396 1197 1521 1255 XII.
1554 1199 1750 1254 exstat
1804 1213 1922 1271 quo
1956 1214 2136 1271 supra
2167 1216 2223 1271 p.
2260 1206 2381 1260 437
2418 1197 2669 1274 egimus.
2737 1196 3088 1255 Christianis

466 1305 672 1363 graece
722 1287 1051 1363 (851——10
1074 1297 1094 1348 7
1106 1285 1189 1367 8).
1251 1285 1410 1345 Illud
1456 1286 1744 1361 interpre·
1804 1284 2151 1358 parentibus
2185 1288 2363 1343 natus
2414 1290 2523 1354 est,
2578 1285 2681 1344 sed
2727 1305 2798 1344 ex
2842 1285 3087 1345 traduce

466 1377 632 1432 tatur
691 1375 757 1433 in
806 1375 1101 1433 Christum
1165 1378 1227 1433 et
1286 1376 1350 1433 in
1406 1374 1745 1444 Ecclesiam,
1803 1373 2185 1445 Judaeorum‚
2219 1380 2398 1450 atque
2419 1375 2705 1434 educatus
2726 1375 2916 1433 Toleti
2940 1375 3086 1433 mire

468 1465 844 1539 multumque
888 1464 951 1522 in
998 1464 1072 1523 iis
1118 1465 1317 1522 utitur
1348 1463 1746 1523 Pseudoareo-
1803 1461 2057 1536 profecit
2086 1466 2207 1521 tam
2235 1464 2543 1523 literarum
2575 1483 2754 1539 quam
2787 1483 2959 1522 verae
2992 1482 3084 1521 sa-

467 1553 702 1630 pagitae
748 1554 1118 1613 auctoritate.
1161 1587 1249 1596 —-
1281 1554 1482 1612 Oratio
1527 1552 1745 1628 duplex
1802 1551 2058 1626 pientiae
2091 1551 2308 1611 studiis
2342 1550 2454 1612 sub
2485 1553 2753 1630 Eugenio
2785 1553 2879 1623 11.,
2928 1546 3084 1609 Ilde-

465 1643 530 1700 in
597 1643 893 1701 Psalmum
944 1643 1026 1701 VI
1084 1638 1612 1724 (1077—1144);
1676 1660 1747 1699 ex
1803 1641 2018 1716 phonsi
2051 1642 2369 1713 decessore,
2390 1662 2510 1701 una
2540 1662 2677 1701 cum
2709 1643 2926 1701 Gudila
2957 1642 3085 1700 dia·

466 1731 662 1789 tribus
728 1731 1100 1790 sermonibus
1151 1734 1220 1790 de
1267 1733 1493 1790 homine
1536 1749 1746 1789 secun·
1803 1747 1965 1798 con0,
2031 1749 2287 1804 quocum
2336 1732 2744 1791 strictissimae
2793 1731 3087 1790 amicitiae

466 1820 607 1878 dum
639 1821 960 1895 imaginem
982 1821 1086 1879 Dei
1119 1821 1357 1880 condito
1390 1839 1579 1879 unum
1611 1838 1744 1878 cum
1803 1818 2039 1878 vinculo
2058 1820 2280 1878 mansit
2299 1839 2530 1896 semper
2550 1821 2879 1879 devinctus.
2902 1820 3084 1895 Opta·

466 1910 798 1985 fragmento
830 1910 1078 1968 alterius
1125 1910 1363 1968 exhibet
1403 1910 1657 1986 Migne
1688 1928 1744 1984 p.
1802 1908 1948 1966 bant
1991 1907 2163 1967 ambo
2228 1927 2357 1968 sese
2408 1910 2676 1969 addicere
2727 1910 3086 1969 monasticae

475 2009 543 2061 11
559 2008 762 2060 4:3—]
787 2008 860 2061 18
874 2010 929 2060 0.
978 1998 1124 2074 Agit
1142 1998 1203 2056 in
1223 1999 1296 2057 iis
1318 2002 1524 2058 contra
1543 2000 1745 2057 Mono·
1802 1998 1975 2067 vitae,
2011 1997 2112 2056 sed
2150 1998 2437 2058 frustrata
2467 1999 2587 2058 fuit
2606 2018 2813 2058 eorum
2830 1999 3084 2057 devotio.

465 2087 721 2146 tholetas
755 2105 1077 2162 eorumque
1108 2087 1417 2146 historiam
1440 2088 1745 2163 persequi·
1802 2087 2009 2145 Levita
2052 2086 2188 2156 fuit,
2237 2089 2551 2165 presbyter
2583 2107 2648 2146 ac
2679 2088 2918 2146 demum
2950 2090 3089 2163 post

466 2181 569 2233 tur
600 2176 671 2233 ad
706 2197 755 2236 a.
787 2194 979 2251 usque
1007 2179 1604 2241 700.—-Relationes
1633 2180 1743 2234 im·
1802 2175 2106 2245 Quiricum
2141 2172 2203 2258 (†
2238 2174 2390 2257 679)
2423 2178 2648 2236 electus
2681 2177 2946 2246 antistes,
2995 2180 3086 2235 at·

458 2267 704 2341 piar-um
746 2267 1229 2342 impurarumque
1260 2268 1400 2325 Arii
1437 2268 1743 2324 sententia·
1802 2283 1918 2339 que
1938 2265 2344 2341 episcopatum
2367 2284 2544 2325 suum
2565 2266 2862 2324 virtutum
2883 2267 3084 2338 splen-

468 2372 619 2429 rum‚
669 2373 818 2429 quae
863 2356 1425 2414 consubstantialem
1468 2355 1606 2413 Filii
1642 2354 1746 2412 Dei
1802 2351 1941 2411 dore
1963 2352 2312 2413 illustravit.
2361 2355 2643 2414 Interfuit
2675 2358 2737 2412 et
2767 2356 2904 2413 ante
2934 2354 3084 2412 alios

467 2442 749 2501 deitatem
780 2447 1005 2521 negant
1049 2447 1110 2503 et
1154 2448 1486 2503 creaturam
1520 2446 1742 2503 creato·
1802 2441 2161 2517 subscripsit
2214 2445 2474 2517 quatuor
2504 2444 2770 2503 conciliis
2802 2444 3085 2503 toletanis

467 2551 589 2590 rem
611 2532 876 2592 omnium
896 2532 1103 2592 dicunt
1120 2530 1177 2615 (1
1204 2543 1443 2597 179-1
1466 2528 1634 2614 190).
1657 2567 1745 2576 —
1805 2540 1947 2594 681.
1974 2540 2118 2594 683.
2143 2542 2266 2596 684
2291 2535 2352 2592 et
2376 2543 2520 2598 685.
2550 2532 2814 2593 Decessit
2837 2542 2891 2595 6.
2913 2533 3083 2591 Mart.

466 2621 717 2695 Aliquot
745 2640 1031 2682 sermones
1061 2625 1155 2681 vel
1174 2642 1374 2682 eorum
1397 2624 1742 2700 fragmenta,
1805 2630 1928 2683 690
1986 2624 2166 2694 atque
2233 2622 2391 2681 inter
2456 2627 2690 2682 sanctos
2749 2623 2968 2682 colitur
3027 2632 3084 2683 8.

466 2729 719 2785 quorum
750 2711 855 2770 ille
888 2714 949 2770 in
985 2711 1280 2785 defunctos
1309 2708 1368 2794 (1
1390 2725 1411 2776 1
1431 2720 1669 2775 91-120
1682 2711 1742 2790 2)
1801 2710 1969 2768 Mart.
1986 2705 2050 2791 ¹).
2119 2710 2378 2786 Spiritus
2425 2730 2470 2775 s.
2512 2713 2786 2770 ubertate
2818 2712 3084 2786 repletus

465 2799 675 2857 saltem
697 2800 917 2859 dubius
951 2803 1058 2860 est.
1109 2802 1447 2874 Disputatio
1468 2803 1745 2860 adversus
1799 2803 1861 2857 et
1910 2798 2123 2875 irrigui
2171 2798 2353 2859 fontis
2402 2800 2710 2860 affluentia
2753 2800 3082 2876 praeditus,

461 2887 515 2950 J
519 2890 733 2947 udaeos
766 2884 1281 2972 (1203—1282),
1328 2910 1505 2966 quam
1548 2891 1602 2948 ei
1634 2890 1740 2949 tri·
1801 2888 1975 2963 plura
2022 2889 2270 2964 reliquit
2319 2889 2622 2949 doctrinae
2683 2909 2822 2948 suae
2872 2908 3084 2947 monu-

464 2978 600 3037 buit
631 2979 697 3035 A.
733 2978 876 3036 Mai
910 2979 1121 3054 Script.
1154 2984 1273 3038 vet.
1305 2980 1438 3037 coll.
1472 2980 1580 3037 XII
1617 2988 1737 3042 207
1802 2980 2018 3047 menta,
2053 2995 2320 3037 sermone
2340 2998 2449 3054 pro
2469 2979 2575 3037 illa
2595 2981 2785 3038 aetate
2804 2978 3084 3054 eleganti,

463 3086 584 3125 non
628 3066 869 3125 videtur
917 3085 1031 3128 sec.
1081 3068 1160 3125 IX
1204 3068 1539 3143 antiquior:
1593 3086 1742 3144 opus
1802 3065 2163 3142 ingenioque
2194 3067 2370 3135 sacili,
2419 3068 2655 3143 copioso
2702 3071 2883 3142 atque
2915 3067 3086 3125 suavi

464 3156 728 3231 ejusdem
774 3157 1104 3233 genuinum
1148 3165 1350 3216 contra
1380 3158 1638 3215 Judaeos
1670 3158 1741 3214 li·
1801 3155 2153 3229 conscripta.
2219 3156 2376 3214 Haec
2427 3163 2570 3215 sunt
2619 3157 2879 3230 potiora:
2934 3157 3082 3213 Pro-

463 3245 601 3303 bros
634 3245 783 3303 duos
818 3246 1026 3304 saltem
1056 3247 1453 3322 complectens
1479 3246 1740 3305 nondum
1798 3247 2093 3319 quosticon
2127 3247 2320 3319 futuri
2365 3247 2543 3305 seculi
2587 3247 2648 3307 ll.
2682 3246 2769 3303 III
2802 3241 3030 3325 (Mign
3050 3264 3083 3303 e

466 3333 584 3391 fuit
633 3338 951 3410 repertum.
1001 3369 1088 3379 —·
1149 3335 1288 3394 Tria
1336 3336 1452 3393 alia
1502 3337 1738 3411 scripta,
1798 3332 1990 3402 XCVI,
2029 3330 2421 3416 453-525)‚
2470 3353 2722 3410 quorum
2777 3345 2827 3396 l.
2874 3337 2967 3392 est
3011 3333 3087 3393 de

464 3423 589 3480 scil.
622 3424 690 3481 de
730 3425 911 3481 variis
941 3420 1275 3483 haeresibus
1306 3427 1482 3501 deque
1511 3425 1745 3500 synodis
1800 3421 2027 3498 origine
2059 3423 2266 3480 mortis
2299 3422 2623 3492 humanam
2667 3433 2721 3483 2.
2756 3422 2828 3481 de
2858 3422 3085 3480 anima-

466 3515 673 3569 contra
703 3531 799 3570 eas
830 3513 1083 3582 habitis;
1124 3516 1529 3587 expositionem
1562 3514 1743 3571 brevis
1800 3510 1911 3569 bus
1941 3510 2378 3584 defunctorum,
2413 3511 2706 3587 quomodo
2737 3530 2798 3570 se
2829 3511 3089 3569 habeant

462 3600 614 3676 fidei,
651 3603 712 3658 et
742 3601 1163 3659 celebrationem
1196 3604 1301 3676 fer.
1329 3603 1363 3660 1
1381 3603 1438 3679 V,
1474 3610 1524 3660 et
1557 3603 1653 3662 VI.
1687 3603 1741 3660 ei
1799 3602 1936 3658 ante
1968 3618 2214 3659 suorum
2236 3618 2545 3676 corporum
2573 3601 3084 3670 resurrectionem,

462 3685 734 3770 asseritl)
786 3690 1005 3747 Pitra
1053 3691 1115 3748 in
1157 3692 1312 3766 juris
1363 3692 1498 3750 eccl.
1549 3710 1739 3768 graec.
1798 3693 1858 3748 et
1907 3699 1961 3752 3.
2009 3689 2083 3747 de
2130 3707 2408 3765 suprema
2439 3708 2753 3764 corporum
2787 3707 3085 3748 resurrec-

463 3778 602 3836 hist.
636 3780 695 3835 et
726 3796 900 3847 mon,
945 3779 1156 3838 Romae
1196 3789 1361 3843 1868
1396 3780 1471 3851 ΙΙ,
1523 3789 1739 3844 257—
1796 3777 1977 3848 tione,
2040 3777 2277 3854 Lipsiae
2347 3789 2506 3841 1536
2573 3779 2636 3836 in
2703 3790 2772 3848 4;
2835 3778 3086 3836 Parisiis

467 3876 612 3928 275.
634 3899 719 3906 --
739 3866 1049 3925 Tribuitur
1067 3869 1122 3926 ei
1152 3869 1216 3926 in
1245 3870 1552 3928 nonnullis
1573 3870 1739 3929 codd.
1804 3877 1969 3930 1554
1993 3889 2005 3937 3
2039 3867 2223 3926 Duaci
2267 3878 2464 3930 1564:
2515 3871 2577 3925 et
2606 3867 2670 3926 in
2702 3866 3086 3925 bibliothecis

463 3954 791 4030 disputatio
838 3957 906 4013 de
949 3957 1118 4015 rebus
1158 3958 1294 4030 fidei
1332 3958 1395 4015 in
1428 3959 1739 4017 Persarum
1799 3956 1905 4017 PP.
1927 3989 2011 4000 ——
2032 3958 2458 4032 Apoloqeeicum
2472 3957 2625 4031 fidei,
2661 3955 2981 4015 Benedicto
2999 3954 3081 4014 H.

463 4045 600 4103 aula
630 4044 845 4115 habita,
895 4065 1045 4121 quae
1090 4049 1288 4104 tamen
1321 4048 1591 4106 exeuntis
1626 4065 1739 4105 sec.
1795 4064 2067 4104 romanae
2081 4046 2440 4120 urbispapae
2461 4045 2745 4114 oblatum,
2767 4044 3081 4103 confirma-

464 4134 542 4192 VI
575 4152 704 4192 esse
735 4139 1026 4193 censetur.
1073 4135 1304 4193 Prodiit
1322 4154 1445 4198 cur.
1466 4139 1533 4195 A.
1571 4137 1740 4195 Vas·
1796 4133 2019 4192 torium
2051 4137 2144 4192 est
2175 4134 2312 4193 fidei
2344 4134 2416 4192 de
2449 4135 2685 4193 duabus
2720 4134 2937 4193 Christi
2972 4152 3083 4192 vo-

462 4223 693 4281 siliev
728 4224 789 4282 in
822 4225 1037 4287 Anecd.
1071 4225 1455 4302 graeco-bys„
1496 4226 1742 4284 Moskau

1880 4415 1913 4478 ¹)
1945 4410 2007 4462 1«
1967 4428 2080 4480 Jus
2125 4411 2304 4464 vitam
2351 4410 2654 4480 descripsit
2697 4409 2910 4462 Felix
2952 4412 3091 4477 post

545 4482 779 4551 ¹)Plura
819 4484 889 4536 de
928 4500 994 4537 co
1041 4483 1330 4538 habent-J.
1361 4483 1422 4539 B.
1450 4482 1743 4565 Kumpf-
1797 4482 2113 4537 sisbertum
2176 4482 2237 4534 iu
2300 4482 2430 4535 sede
2493 4483 2748 4537 toletana
2798 4496 3090 4535 successor

463 4556 731 4607 muller
775 4554 844 4607 dc
875 4556 1176 4610 Anastasio
1204 4554 1439 4618 Sinaita‚
1487 4555 1617 4609 diss.
1660 4554 1743 4606 in·
1800 4558 1846 4624 (ψ
1875 4572 1919 4609 c.
1948 4556 2074 4624 700)
2103 4553 2264 4607 testis
2291 4553 2400 4608 fide
2429 4553 2641 4634 dignus
2681 4553 2882 4622 utpote
2926 4567 3087 4605 coae-

464 4625 1428 4719 aug„Wirceburgi1865;Ba1-de
1446 4627 1584 4680 nhe
1603 4643 1745 4678 wer
1799 4627 1987 4688 tanne,
2016 4625 2118 4692 qui
2146 4625 2261 4678 fere
2287 4624 2497 4706 omnia,
2527 4640 2671 4692 quac
2699 4625 2913 4686 narrat,
2957 4623 3087 4690 ipse

466 4701 621 4752 107
664 4715 720 4750 n.
762 4706 825 4756 4;
879 4697 1188 4750 Nirschl
1237 4698 1524 4764 1115351;
1578 4697 1744 4749 Ehr-
1800 4696 1965 4750 vidit.
2019 4695 2098 4748 Ea
2140 4697 2315 4749 habes
2356 4695 2419 4749 in
2447 4666 2606 4749 A'ctis
2646 4695 2739 4750 SS.
2765 4700 2815 4749 8.
2845 4694 3012 4746 Mart.
3048 4696 3086 4760 Ι,

466 4767 503 4818 h
521 4767 649 4818 ird
677 4767 832 4836 apud
860 4768 953 4819 Kr
970 4770 1371 4822 umbacher
1396 4788 1452 4838 p.
1478 4773 1705 4826 64-64)
1801 4771 1903 4824 785
1932 4785 2000 4820 ss,
2019 4767 2397 4837 :MigneR
2429 4768 2487 4822 L.
2514 4766 2706 4830 XCVI,
2735 4772 3000 4822 445—52.
