3505 5161
383 228 541 281 1077

375 405 651 458 43—94.
691 431 765 440 —
816 397 948 454 Vita
993 417 1037 457 3.
1087 397 1284 455 lconis
1329 416 1417 471 ep.
1451 394 1911 471 persae'sranco
1973 397 2405 474 archiepiscopo
2468 399 2757 473 acceptus,

1319 210 1721 273 'rheodo1-icns.
1749 212 2055 265 Osbernus.

2834 228 2993 282 1078

2851 396 2996 454 Cum

373 492 432 542 et
480 486 666 543 trium
727 504 806 547 ss,
860 486 1152 544 sociorum
1208 482 1345 566 (sec.
1403 482 1534 564 VII)
1591 485 1654 542 in
1712 488 1841 561 ejus
1890 489 2084 545 aetate
2130 486 2379 545 ecclesia
2424 485 2856 544 cantuariensis
2903 485 2994 543 in-

373 576 591 651 Anglia
609 574 1030 650 depositorum,
1055 575 1119 634 in
1138 578 1264 633 Act.
1289 574 1653 637 SS.10.Jun.

372 664 447 733 11,
488 672 865 733 288—2923
899 664 1150 741 Migne
1177 664 1333 733 CLV,
1374 674 1652 732 80-90,

375 753 479 810 ubi
511 753 691 811 habes
729 773 782 828 p.
818 764 1024 815 97—-1
1051 765 1121 815 10
1159 756 1331 812 viIam
1364 769 1412 811 S.
1469 754 1652 811 Were-

372 842 585 919 burqae
637 842 698 900 V.
762 842 918 901 filiae
969 843 1125 919 regis
1179 843 1530 901 Merciorum
1595 843 1653 899 in

373 931 587 1007 Anglia
610 926 749 1014 (sec.
774 929 933 1009 VIII)
952 937 1012 990 et
1030 932 1092 989 in
1113 933 1276 990 Actis
1299 931 1394 993 88.
1416 941 1470 994 3.
1488 932 1652 990 Febr.

383 1033 431 1085 1,
455 1030 759 1083 386·390.
777 1055 861 1063 —
879 1022 1025 1095 Ejus
1046 1022 1197 1081 forte
1219 1021 1394 1079 etiam
1419 1025 1560 1078 sunt
1576 1018 1653 1101 ¹):

389 1109 517 1167 Vita
568 1130 613 1168 s.
665 1110 1043 1187 Amalberyae
1095 1110 1160 1168 V.
1223 1110 1285 1167 in
1340 1110 1505 1167 Actis
1558 1109 1653 1173 88,

386 1210 475 1260 10.
527 1198 650 1262 Jul.
703 1199 806 1269 ΙΙΙ,
863 1209 1188 1269 00-102,
1254 1219 1404 1274 quae
1456 1202 1653 1257 tamen

365 1288 537 1362 juxta
597 1288 744 1347 alios
809 1291 901 1346 est
962 1288 1424 1347 Theodorici
1449 1285 1501 1367 ²)
1563 1289 1653 1347 ab.

372 1377 883 1451 trudonopolitani
911 1370 973 1460 (†
1002 1389 1024 1440 1
1053 1373 1227 1460 107);
1278 1378 1404 1435 Vita
1424 1397 1471 1439 8.
1494 1378 1652 1435 Ead-

368 1467 556 1542 9ἰΙΙιαε
589 1463 886 1548 (Edithae)
922 1467 1174 1543 Eadgari
1196 1469 1529 1543 Anglorum
1561 1486 1649 1524 re·

373 1554 467 1631 gis
499 1556 652 1615 filiae
685 1559 745 1614 et
777 1555 1246 1615 sanctimonialis
1283 1555 1342 1634 (†
1380 1552 1549 1636 984),
1593 1557 1654 1614 in

371 1647 500 1702 Act.
563 1644 661 1702 88.
730 1657 826 1707 16.
890 1645 1050 1720 Sept.
1119 1646 1199 1715 V,
1274 1655 1653 1714 369—3723

373 1734 625 1810 Migne
673 1734 829 1803 CLV,
889 1745 1265 1804 111—11633
1327 1734 1457 1792 Vita
1507 1735 1652 1792 Saci-

372 1823 537 1880 thum'
580 1841 670 1897 ep.
715 1823 1129 1881 wintoniensis
1173 1818 1234 1905 (†
1270 1820 1442 1904 862),
1495 1824 1653 1899 apud

369 1911 623 1988 Migne
655 1910 734 1970 ib.
769 1932 824 1986 p.
850 1922 1130 1981 57—62,
1166 1913 1268 1970 sed
1299 1916 1500 1971 textus
1535 1932 1652 1971 non

371 2000 609 2059 videtur
639 2001 974 2078 genuinus;
1021 2001 1284 2059 sincerus
1331 2006 1560 2080 prostat
1591 2002 1653 2059 in

371 2090 669 2148 Analectis
711 2090 853 2152 boll.
913 2100 1073 2153 1888
1125 2089 1251 2161 VII,
1305 2100 1648 2154 374—380

371 2181 479 2237 ete.
543 2180 813 2236 Ceterum
862 2180 969 2237 hae
1017 2181 1189 2247 vitae,
1253 2180 1650 2238 substantiam

372 2268 421 2324 si
457 2272 705 2343 spectes„
741 2271 885 2326 sunt
918 2272 1011 2326 sat
1035 2270 1296 2343 jejunae,
1339 2269 1479 2328 stilo
1514 2288 1652 2327 con-

372 2356 625 2431 scriptae
656 2357 897 2432 turgido
931 2360 990 2414 et
1024 2357 1273 2416 diffuso:
1309 2358 1472 2416 deest
1506 2378 1652 2434 quo·

371 2464 486 2520 que
513 2445 810 2521 judicium
845 2446 1130 2505 criticum.

463 2618 605 2670 604.
640 2607 1001 2666 Osbernus
1024 2607 1089 2668 Ο.
1116 2608 1170 2669 S.
1196 2610 1337 2666 Ben.
1375 2608 1653 2667 ecclesiae

371 2696 796 2755 cantuariensis
815 2697 1137 2755 monachus
1154 2701 1215 2755 et
1232 2702 1573 2772 praecentor
1585 2695 1652 2776 ³),

370 2785 608 2843 natione
641 2787 893 2862 Anglus‚
939 2787 1030 2844 vir
1062 2787 1285 2844 inultae
1319 2787 1561 2862 pietatis
1595 2793 1654 2844 et

371 2875 764 2949 eloquentiae,
807 2875 870 2932 in
904 2875 1132 2933 musica
1165 2894 1301 2933 vero
1336 2879 1493 2934 certe
1528 2894 1653 2933 om—

371 2963 542 3021 nium
592 2964 721 3021 sine
769 2964 1172 3022 controversia
1204 2965 1450 3038 primus,
1499 2965 1650 3022 Lan-

452 3140 486 3204 ι)
516 3135 597 3186 Cf.
627 3133 773 3186 Hist.
800 3133 884 3186 lit.
903 3133 967 3204 (V
981 3133 1092 3204 111),
1116 3139 1378 3190 Gen-677:
1411 3133 1450 3185 F
1468 3150 1501 3186 a
1519 3135 1554 3186 b
1570 3151 1597 3185 r
1612 3133 1653 3186 i-

373 3203 491 3258 ciu
509 3222 535 3257 s
563 3205 699 3259 bibl.
728 3205 826 3258 lat.
858 3207 922 3269 11,
949 3209 1129 3267 71:73,
1168 3203 1270 3272 qui
1297 3206 1486 3274 plures
1513 3204 1654 3257 alias

375 3276 521 3329 vitas
560 3278 829 3340 recesent‚
875 3292 1022 3344 quae
1062 3274 1363 3329 Goscelino
1403 3275 1653 3329 tributae

374 3347 605 3410 fuerint,
634 3348 722 3400 vel
749 3346 1002 3401 ineditae
1029 3346 1359 3401 manserint.

447 3422 486 3489 ¹·)
517 3416 663 3471 Huic
707 3419 1045 3472 tribuuntur
1084 3418 1260 3472 etiam
1311 3422 1431 3472 Vita
1474 3437 1517 3471 s.
1547 3421 1653 3471 Ru-

375 3492 535 3543 molas
560 3506 648 3559 ep.
665 3488 1047 3542 dubliniensis
1066 3501 1190 3556 (sec.
1212 3489 1361 3554 VIII)
1391 3491 1448 3542 et
1469 3489 1653 3543 Mech-

373 3559 702 3614 liniensium
746 3560 1012 3630 apostoli,
1054 3577 1227 3628 quam
1274 3560 1459 3614 edidit
1485 3561 1652 3630 Hugo

375 3632 419 3682 V
438 3649 471 3684 a
487 3632 566 3685 rd
582 3648 661 3685 ae
680 3649 716 3683 u
735 3651 759 3684 s
785 3632 981 3702 (Hugh
1008 3632 1206 3702 Ward)
1236 3631 1298 3685 Ο.
1321 3631 1458 3684 Min.
1482 3632 1539 3684 in
1563 3649 1653 3702 op.

372 3709 523 3768 Acta,
550 3702 908 3771 martyrium,
938 3703 1177 3771 liturgia
1203 3703 1446 3771 antiqua
1473 3706 1531 3756 et
1559 3720 1651 3773 pa-

374 3772 484 3828 tria
525 3793 566 3829 s,
614 3777 881 3838 Rumoldi,
928 3774 1266 3829 Mechliniae
1318 3783 1454 3831 1634
1488 3774 1549 3828 in
1590 3783 1652 3830 4:

372 3862 611 3972 τξοῖςέὲ
626 3845 728 3970 Tb.
758 3845 963 3970 {ili-ilii
984 3845 1349 3974 HQLOXJSR
1383 3852 1544 3971 1622:
1592 3846 1653 3898 in

375 3934 497 3971 .c.
617 3957 629 3969 .
709 3957 721 3969 .
800 3936 873 3973 u.
955 3929 1034 3981 ,ζ
1117 3952 1216 3971 —-..
1296 3950 1402 3969 .-—-
1499 3922 1652 3971 itas.

372 3992 604 4043 Batonis
630 3987 966 4043 confessoris
1006 3989 1389 4058 gandavensis
1437 3993 1482 4060 (†
1510 3993 1653 4060 653),

1712 576 1916 634 cendio
1965 576 2401 652 conflagrasset,
2480 577 2617 633 hinc
2679 574 2998 650 praecipua

1712 664 1979 739 ejusdem
2004 668 2388 723 monumenta
2419 668 2478 723 et
2512 667 2781 723 veterum
2803 663 2991 721 archi·

1711 753 2123 830 episcoporum
2175 755 2330 812 vitae
2381 754 2683 830 perierint,
2718 752 2992 810 instanti-

1714 844 1827 901 bus
1861 843 2164 901 sodalibus
2204 843 2500 919 jacturam
2546 842 2718 901 nisus
2764 846 2857 899 est
2900 861 2992 899 re-

1711 932 1952 1002 sarcire,
2029 950 2245 1007 easque
2321 933 2540 990 iterum
2620 931 2990 990 concinnare.

1715 1022 1795 1079 Ex
1842 1022 1935 1079 his
1984 1022 2125 1079 vitis
2170 1024 2402 1080 exstant
2456 1021 2587 1080 Vita
2619 1040 2664 1079 s.
2698 1020 2995 1078 Dunslam'

1709 1112 1765 1170 II.
1798 1116 1839 1170 2
1886 1111 2043 1186 apud
2090 1110 2467 1169 Mabillon
2516 1110 2577 1168 iu
2624 1112 2752 1173 Act..
2794 1110 2890 1170 88.
2926 1109 2990 1179 V,

1714 1209 2062 1262 659-688
2112 1196 2228 1279 (ed.
2264 1220 2393 1259 ven.
2426 1220 2483 1275 p.
2523 1200 2708 1274 639);
2756 1199 2817 1256 in
2865 1202 2992 1259 Act.

1713 1289 1811 1346 88.
1871 1300 1961 1350 19.
2004 1289 2135 1364 Maj.
2171 1289 2264 1359 IV,
2317 1298 2694 1357 359—:3t43
2744 1288 2993 1364 Migne

1713 1378 2038 1447 CXXXVII,
2106 1388 2484 1447 407—4563
2564 1377 2856 1436 Stubbs
2929 1377 2993 1434 in

1713 1467 2043 1524 Memorials
2090 1467 2156 1526 of
2195 1467 2352 1525 saint
2400 1468 2669 1525 Dunstan
2720 1475 2882 1529 1874
2941 1479 2992 1534 1,

1715 1566 2037 1619 69-161,
2069 1590 2155 1600 —
2205 1556 2331 1614 Vita
2362 1578 2406 1618 s,
2442 1557 2688 1633 Elpheqt‘
2733 1574 2866 1613 cum
2902 1554 2989 1611 hi·

1711 1644 1899 1703 storia
1960 1645 2032 1703 de
2094 1646 2511 1717 translatione,
2575 1646 2637 1702 in
2700 1646 2827 1705 Act.
2892 1642 2992 1700 88.

1720 1744 1815 1797 19.
1838 1735 1975 1808 Apr.
1999 1734 2071 1803 ΙΙ,
2111 1744 2432 1803 631-642;
2468 1734 2719 1809 Migne
2752 1732 2989 1800 CXLIX,

1714 1832 2080 1886 375—394.
2115 1856 2199 1866 -
2247 1824 2377 1881 Vita
2409 1842 2455 1883 s.
2493 1824 2709 1881 Odonis
2743 1816 2805 1903 (†
2840 1818 2993 1903 958)

1709 1912 1868 1988 apud
1903 1912 2281 1970 Mabillon
2314 1913 2376 1970 in
2408 1915 2536 1975 Act.
2564 1912 2647 1970 St.
2670 1912 2735 1982 V,
2774 1920 2991 1974 288-

1714 2012 1869 2069 296;
1920 2001 1979 2059 in
2013 2004 2138 2062 Act.
2175 2001 2272 2059 88.
2309 2012 2364 2063 4.
2398 2002 2521 2060 Jul.
2558 2002 2629 2069 11,
2668 2009 2989 2068 402·411;

1710 2091 1965 2167 Migne
1988 2090 2290 2160 CXXXIII,
2318 2100 2684 2160 931—944,
2719 2107 2870 2165 quae
2902 2093 2991 2147 ta-

1711 2199 1845 2238 men
1897 2180 2288 2254 probabiliter
2339 2184 2433 2238 est
2482 2179 2849 2238 Eadmeri.
2905 2210 2992 2221 -—-

1727 2270 1913 2327 Vitam
1957 2288 2003 2326 s.
2038 2269 2346 2345 Breywyni
2392 2265 2452 2349 (†
2488 2262 2643 2349 762)
2679 2268 2752 2325 ab
2800 2267 2989 2324 Ead-

1709 2377 1912 2418 mero
1965 2358 2157 2416 fusius
2190 2358 2545 2434 descriptam
2580 2358 2643 2416 in
2676 2355 2991 2431 epitomem

1711 2447 1942 2523 redegit
1961 2447 2153 2505 verbis
2172 2451 2371 2506 tamen
2391 2446 2555 2506 illius
2578 2450 2648 2506 ut
2667 2444 2990 2521 plurimum

1709 2536 2045 2602 asse1·vati3‚
2081 2536 2142 2595 in
2163 2539 2291 2595 Act.
2315 2536 2412 2596 88.
2437 2545 2535 2599 26.
2557 2538 2710 2612 Aug.
2737 2534 2797 2604 V,
2835 2542 2912 2597 82
2927 2544 2990 2595 7·

1713 2635 1857 2689 831.
1890 2660 1977 2668 -
2026 2626 2156 2684 Vita
2188 2627 2447 2698 Elfledae
2492 2645 2599 2685 seu
2632 2624 2991 2682 Ethelfledae

1710 2715 1923 2773 viduae
1958 2711 2028 2794 (c.
2076 2714 2225 2777 med.
2274 2733 2387 2776 sco.
2424 2712 2497 2795 X)
2547 2712 2885 2772 Glastoniae
2932 2713 2991 2769 in

1709 2803 1944 2880 Angue,
1988 2803 2051 2860 in
2085 2805 2212 2865 Aet..
2244 2804 2340 2866 88.
2376 2814 2477 2865 23.
2512 2803 2636 2862 Oct.
2671 2801 2737 2870 X,
2776 2810 2990 2864 220—

1715 2902 1857 2954 222.
1923 2892 2130 2950 Exstat
2176 2897 2237 2950 et
2282 2893 2543 2967 ejusdem
2576 2892 2648 2949 ad
2702 2909 2745 2947 8.
2780 2891 2991 2948 Ansel-

1710 3001 1871 3039 mum
1905 2999 1993 3054 ep.
2030 2975 2216 3063 (inter
2248 2982 2426 3055 hujus
2463 2991 2516 3042 2.
2556 2980 2802 3055 Migne
2825 2978 2993 3036 CLIX

1719 3070 2017 3144 11—17),
2051 3090 2169 3145 qua
2200 3089 2334 3128 eum
2369 3069 2677 3127 humiliter
2701 3070 2890 3143 rogat,
2923 3076 2994 3125 ut

1708 3158 2298 3234 archiepiscopatum,
2326 3159 2398 3218 ad
2422 3177 2596 3233 quem
2619 3158 2746 3233 ipse
2767 3157 2992 3215 electus

1709 3247 1921 3316 fuerat,
1941 3249 2218 3323 acceptet.
2242 3247 2473 3306 Obiisse
2489 3247 2715 3324 legitur
2731 3256 2763 3308 2
2775 3255 2829 3308 8.
2844 3245 2991 3307 Nov.

1720 3348 1902 3399 1100.
1936 3371 2017 3379 -—
2070 3337 2198 3395 Vita
2243 3356 2286 3395 s.
2337 3335 2687 3395 Modvennae
2730 3353 2838 3393 seu
2870 3335 2992 3392 Mo·

1709 3444 1946 3502 nynnae
1992 3426 2115 3484 sive
2165 3427 2446 3484 Darercae
2495 3425 2558 3483 V.
2607 3426 2887 3482 hibernae
2932 3427 2992 3481 et

1709 3515 2043 3573 abbatissae
2091 3515 2432 3573 monasterii
2484 3515 2547 3573 in
2595 3514 2717 3571 ΑΝ]
2766 3515 2992 3589 Conays

1709 3600 1770 3680 (†
1794 3604 1964 3680 516),
2001 3622 2150 3678 quae
2183 3603 2406 3678 legitur
2437 3603 2499 3662 in
2520 3605 2647 3664 Act.
2672 3604 2765 3663 88.
2792 3613 2846 3665 6.
2868 3602 2992 3659 Jul.

1710 3693 1785 3763 II,
1824 3702 1943 3754 297
1976 3702 2204 3761 -3123
2255 3693 2316 3750 in
2352 3693 2407 3750 C.
2450 3693 2521 3751 de
2574 3692 2831 3750 Smedt
2862 3693 2992 3752 Act.

1710 3782 1808 3842 88.
1844 3781 2162 3840 Hiberniae
2184 3803 2235 3858 p.
2264 3791 2626 3851 165-188,
2662 3785 2721 3840 et
2752 3781 2823 3838 ab
2858 3781 2989 3838 aliis

1709 3870 2003 3929 tribuitur
2047 3871 2140 3929 vel
2173 3871 2730 3929 Conchubrano
2770 3869 2993 3928 schola-

1710 3959 1857 4018 stico
1891 3954 1952 4039 (†
1993 3957 2184 4036 1082)
2218 3960 2311 4017 vel
2346 3959 2501 4022 Guil.
2535 3959 2757 4017 Eddio
2791 3957 2994 4016 abbati

375 4061 433 4114 in
463 4060 619 4114 Actis
644 4059 737 4114 SS.
770 4067 814 4116 1.
843 4063 964 4116 Oct.
1007 4062 1048 4125 Ι,
1088 4067 1388 4116 243—253.
1431 4095 1496 4102 -
1536 4065 1654 4114 Vita
1708 4047 2062 4108 burtonensi
2113 4043 2196 4126 (fl.
2254 4046 2446 4129 1216)
2492 4049 2587 4107 vel
2633 4046 2991 4105 Galfrido

371 4151 411 4185 s.
447 4136 715 4187 Trudom's
759 4135 804 4201 (†
832 4152 877 4185 c.
906 4137 1046 4200 698),
1088 4149 1234 4200 quae
1276 4135 1459 4184 exstat
1497 4131 1652 4202 apud
1707 4137 2065 4197 burtonensi
2098 4135 2158 4215 (†
2189 4136 2398 4218 1151),
2434 4156 2554 4196 non
2576 4155 2822 4213 magnae
2857 4134 2992 4193 fidei

374 4203 408 4255 8
428 4221 463 4254 ιι
483 4203 673 4257 rium
702 4207 787 4256 23.
817 4203 967 4256 Nov.
989 4204 1081 4267 VI,
1111 4209 1411 4258 543—566.
1467 4202 1654 4272 Hujus

373 4274 649 4327 miracula
677 4276 872 4325 narrat
912 4274 946 4327 S
964 4277 988 4326 t
1003 4290 1032 4326 e
1051 4293 1086 4343 p
1104 4291 1132 4327 e
1151 4276 1169 4328 l
1189 4273 1207 4326 i
1227 4292 1258 4326 n
1279 4291 1316 4327 u
1335 4291 1358 4326 s
1400 4273 1652 4345 (Stephe·

374 4344 542 4408 linus,
570 4343 918 4414 Stapalinus,
957 4345 1301 4414 Stephanus]
1345 4347 1408 4398 O.
1436 4347 1489 4399 S.
1517 4345 1654 4398 Ben.

375 4416 687 4470 monachus
714 4433 756 4468 s.
778 4415 1062 4469 Trudonis
1089 4426 1135 4486 st
1163 4421 1316 4487 1095)
1343 4418 1498 4486 apud
1528 4417 1580 4469 M
1600 4435 1653 4471 a·

1709 4230 2001 4290 censetur.

1802 4326 1945 4379 605.
1981 4316 2393 4375 Radbodus
2424 4314 2500 4377 ΙΙ.
2530 4315 2622 4373 vir
2654 4314 2902 4372 seientia
2934 4316 2994 4371 et

376 4486 623 4540 billon
665 4489 726 4540 in
755 4488 879 4539 Act.
906 4488 995 4541 88.
1028 4488 1118 4550 VI,
1146 4497 1196 4551 2,
1222 4494 1450 4547 ‹Sis-1022
1500 4489 1653 4542 Hol·
1708 4487 1911 4550 nacho,
1967 4487 2066 4556 qui
2124 4486 2317 4540 floruit
2362 4501 2467 4539 sec.
2518 4484 2618 4537 ΧΠ
2672 4486 2847 4551 atque
2898 4500 2993 4551 pa-

374 4557 797 4628 der-Egger
836 4558 895 4611 in
925 4558 1076 4612 Mon.
1105 4559 1169 4614 G.
1201 4560 1300 4612 XV
1331 4565 1380 4624 2,
1420 4566 1654 4615 822-830
1708 4558 1848 4612 riter
1900 4565 2061 4614 vitam
2116 4557 2346 4628 scripsit
2394 4576 2435 4615 s,
2489 4559 2776 4617 Dunstam‘,
2830 4555 2994 4622 cujus

374 4629 479 4682 col.
510 4635 664 4684 1320.

1709 4631 2032 4699 fragmenta
2083 4630 2357 4699 leguntur
2420 4627 2481 4681 in
2533 4629 2655 4682 Act.
2709 4625 2800 4681 88.
2852 4626 2885 4678 ll
2926 4642 2991 4678 a·

446 4705 486 4770 8’)
515 4700 681 4754 Alius
706 4703 794 4754 est
818 4700 891 4754 ab
932 4703 1286 4762 Osberno,
1328 4703 1398 4754 de
1441 4719 1553 4770 quo
1582 4703 1653 4754 cf.
1711 4701 2040 4755 billonii
2070 4702 2133 4767 V,
2162 4705 2475 4757 705-712:
2517 4699 2605 4751 ed.
2632 4715 2756 4752 ven.
2785 4717 2839 4768 p.
2868 4705 2993 4753 ‹384-

375 4770 668 4825 Nomencl.
711 4772 803 4830 IV.
849 4780 917 4827 85
944 4773 1139 4832 a.;·ab
1181 4775 1495 4828 Osberto
1541 4789 1651 4826 mo-
1710 4779 1833 4828 691.
