<?xml version="1.0" encoding="UTF-8"?>
<!DOCTYPE html PUBLIC "-//W3C//DTD XHTML 1.0 Transitional//EN"
    "http://www.w3.org/TR/xhtml1/DTD/xhtml1-transitional.dtd">
<html xmlns="http://www.w3.org/1999/xhtml" xml:lang="en" lang="en">
 <head>
  <title>
</title>
<meta http-equiv="Content-Type" content="text/html;charset=utf-8" />
  <meta name='ocr-system' content='tesseract 3.04.00' />
  <meta name='ocr-capabilities' content='ocr_page ocr_carea ocr_par ocr_line ocrx_word'/>
</head>
<body>
  <div class='ocr_page' id='page_1' title='image "./nomenclatorlite09hurtgoog_0427.png"; bbox 0 0 3505 5161; ppageno 0'>
   <div class='ocr_carea' id='block_1_1' title="bbox 387 241 511 295">
    <p class='ocr_par' dir='ltr' id='par_1_1' title="bbox 387 241 511 295">
     <span class='ocr_line' id='line_1_1' title="bbox 387 241 511 295; baseline 0 0"><span class='ocrx_word' id='word_1_1' title='bbox 387 241 511 295; x_wconf 84' lang='lat'><strong>813</strong></span> 
     </span>
    </p>
   </div>
   <div class='ocr_carea' id='block_1_2' title="bbox 1243 224 2142 295">
    <p class='ocr_par' dir='ltr' id='par_1_2' title="bbox 1243 224 2142 295">
     <span class='ocr_line' id='line_1_2' title="bbox 1243 224 2142 295; baseline 0.001 -18"><span class='ocrx_word' id='word_1_2' title='bbox 1243 224 1439 295; x_wconf 82' lang='lat' dir='ltr'>Lupus</span> <span class='ocrx_word' id='word_1_3' title='bbox 1464 224 1751 291; x_wconf 84' lang='lat' dir='ltr'><strong>Servatus,</strong></span> <span class='ocrx_word' id='word_1_4' title='bbox 1781 225 2142 280; x_wconf 80' lang='lat' dir='ltr'><strong>Ratramnus.</strong></span> 
     </span>
    </p>
   </div>
   <div class='ocr_carea' id='block_1_3' title="bbox 2878 244 3002 298">
    <p class='ocr_par' dir='ltr' id='par_1_3' title="bbox 2878 244 3002 298">
     <span class='ocr_line' id='line_1_3' title="bbox 2878 244 3002 298; baseline 0 0"><span class='ocrx_word' id='word_1_5' title='bbox 2878 244 3002 298; x_wconf 79' lang='lat'><strong>814</strong></span> 
     </span>
    </p>
   </div>
   <div class='ocr_carea' id='block_1_4' title="bbox 384 409 3004 849">
    <p class='ocr_par' dir='ltr' id='par_1_4' title="bbox 384 409 3004 849">
     <span class='ocr_line' id='line_1_4' title="bbox 384 409 3004 488; baseline 0.001 -20"><span class='ocrx_word' id='word_1_6' title='bbox 384 409 570 469; x_wconf 78' lang='lat' dir='ltr'><strong>titias,</strong></span> <span class='ocrx_word' id='word_1_7' title='bbox 603 443 689 455; x_wconf 91' lang='lat'><em>-</em></span> <span class='ocrx_word' id='word_1_8' title='bbox 725 410 901 469; x_wconf 88' lang='lat' dir='ltr'><strong>Liber</strong></span> <span class='ocrx_word' id='word_1_9' title='bbox 931 411 1000 468; x_wconf 82' lang='lat' dir='ltr'><strong>de</strong></span> <span class='ocrx_word' id='word_1_10' title='bbox 1018 411 1205 470; x_wconf 77' lang='lat' dir='ltr'><strong>tribus</strong></span> <span class='ocrx_word' id='word_1_11' title='bbox 1223 412 1663 487; x_wconf 74' lang='lat' dir='ltr'><strong>quaestionibus,</strong></span> <span class='ocrx_word' id='word_1_12' title='bbox 1723 413 1877 471; x_wconf 87' lang='lat' dir='ltr'><strong>lecta</strong></span> <span class='ocrx_word' id='word_1_13' title='bbox 1892 411 2250 488; x_wconf 89' lang='lat' dir='ltr'><strong>prodierunt</strong></span> <span class='ocrx_word' id='word_1_14' title='bbox 2265 413 2469 470; x_wconf 91' lang='lat' dir='ltr'><strong>curaB</strong></span> <span class='ocrx_word' id='word_1_15' title='bbox 2491 412 2732 471; x_wconf 89' lang='lat' dir='ltr'><strong>aluzii</strong></span> <span class='ocrx_word' id='word_1_16' title='bbox 2757 412 3004 471; x_wconf 88' lang='lat' dir='ltr'><strong>Parisiis</strong></span> 
     </span>
     <span class='ocr_line' id='line_1_5' title="bbox 386 496 3003 582; baseline 0.001 -25"><span class='ocrx_word' id='word_1_17' title='bbox 386 500 513 559; x_wconf 90' lang='lat' dir='ltr'><strong>scil.</strong></span> <span class='ocrx_word' id='word_1_18' title='bbox 544 499 616 558; x_wconf 89' lang='lat' dir='ltr'><strong>de</strong></span> <span class='ocrx_word' id='word_1_19' title='bbox 646 499 838 558; x_wconf 90' lang='lat' dir='ltr'><strong>libero</strong></span> <span class='ocrx_word' id='word_1_20' title='bbox 862 499 1127 570; x_wconf 87' lang='lat' dir='ltr'><strong>arbitrio,</strong></span> <span class='ocrx_word' id='word_1_21' title='bbox 1162 500 1233 558; x_wconf 91' lang='lat' dir='ltr'><strong>de</strong></span> <span class='ocrx_word' id='word_1_22' title='bbox 1264 501 1667 576; x_wconf 84' lang='lat' dir='ltr'><strong>praedestina·</strong></span> <span class='ocrx_word' id='word_1_23' title='bbox 1730 511 1917 572; x_wconf 82' lang='lat'><strong>1664,</strong></span> <span class='ocrx_word' id='word_1_24' title='bbox 1965 501 2055 565; x_wconf 86' lang='lat' dir='ltr'><strong>ed.</strong></span> <span class='ocrx_word' id='word_1_25' title='bbox 2105 501 2397 578; x_wconf 88' lang='lat' dir='ltr'><strong>insignis;</strong></span> <span class='ocrx_word' id='word_1_26' title='bbox 2472 496 2718 582; x_wconf 85' lang='lat' dir='ltr'><strong>(iterum</strong></span> <span class='ocrx_word' id='word_1_27' title='bbox 2770 501 3003 577; x_wconf 79' lang='lat' dir='ltr'><strong>Lipsiae</strong></span> 
     </span>
     <span class='ocr_line' id='line_1_6' title="bbox 384 585 3001 672; baseline 0.001 -26"><span class='ocrx_word' id='word_1_28' title='bbox 384 588 548 647; x_wconf 85' lang='lat' dir='ltr'><strong>tione</strong></span> <span class='ocrx_word' id='word_1_29' title='bbox 578 588 871 648; x_wconf 91' lang='lat' dir='ltr'><strong>bonorum</strong></span> <span class='ocrx_word' id='word_1_30' title='bbox 903 591 965 647; x_wconf 89' lang='lat' dir='ltr'><strong>et</strong></span> <span class='ocrx_word' id='word_1_31' title='bbox 993 589 1302 659; x_wconf 85' lang='lat' dir='ltr'><strong>malorum,</strong></span> <span class='ocrx_word' id='word_1_32' title='bbox 1336 593 1399 649; x_wconf 90' lang='lat' dir='ltr'><strong>et</strong></span> <span class='ocrx_word' id='word_1_33' title='bbox 1428 590 1502 649; x_wconf 90' lang='lat' dir='ltr'><strong>de</strong></span> <span class='ocrx_word' id='word_1_34' title='bbox 1533 608 1666 650; x_wconf 87' lang='lat' dir='ltr'><strong>san·</strong></span> <span class='ocrx_word' id='word_1_35' title='bbox 1730 602 1755 653; x_wconf 92' lang='grc'>1</span> <span class='ocrx_word' id='word_1_36' title='bbox 1773 601 1889 653; x_wconf 88' lang='grc'><strong>701</strong></span> <span class='ocrx_word' id='word_1_37' title='bbox 1918 612 1932 661; x_wconf 89' lang='lat'><strong>;</strong></span> <span class='ocrx_word' id='word_1_38' title='bbox 1965 591 2332 666; x_wconf 88' lang='lat' dir='ltr'><strong>Antverpiae</strong></span> <span class='ocrx_word' id='word_1_39' title='bbox 2361 585 2585 672; x_wconf 81' lang='grc'>1710);</span> <span class='ocrx_word' id='word_1_40' title='bbox 2618 590 2758 650; x_wconf 90' lang='lat' dir='ltr'><strong>hinc</strong></span> <span class='ocrx_word' id='word_1_41' title='bbox 2776 590 2840 649; x_wconf 89' lang='lat' dir='ltr'><strong>in</strong></span> <span class='ocrx_word' id='word_1_42' title='bbox 2859 590 3001 649; x_wconf 89' lang='lat' dir='ltr'><strong>bibl.</strong></span> 
     </span>
     <span class='ocr_line' id='line_1_7' title="bbox 384 677 3003 757; baseline 0.001 -22"><span class='ocrx_word' id='word_1_43' title='bbox 384 678 566 755; x_wconf 89' lang='lat' dir='ltr'><strong>guine</strong></span> <span class='ocrx_word' id='word_1_44' title='bbox 598 677 817 736; x_wconf 78' lang='lat' dir='ltr'><strong>Christi</strong></span> <span class='ocrx_word' id='word_1_45' title='bbox 863 677 1050 737; x_wconf 85' lang='lat' dir='ltr'><strong>effuso</strong></span> <span class='ocrx_word' id='word_1_46' title='bbox 1094 696 1203 753; x_wconf 92' lang='lat' dir='ltr'><strong>pro</strong></span> <span class='ocrx_word' id='word_1_47' title='bbox 1245 679 1555 738; x_wconf 88' lang='lat' dir='ltr'><strong>omnibus:</strong></span> <span class='ocrx_word' id='word_1_48' title='bbox 1603 680 1668 738; x_wconf 90' lang='lat' dir='ltr'><strong>in</strong></span> <span class='ocrx_word' id='word_1_49' title='bbox 1724 679 1835 738; x_wconf 88' lang='lat' dir='ltr'><strong>PP.</strong></span> <span class='ocrx_word' id='word_1_50' title='bbox 1868 680 2031 756; x_wconf 83' lang='lat' dir='ltr'><strong>lugd.</strong></span> <span class='ocrx_word' id='word_1_51' title='bbox 2063 679 2182 748; x_wconf 88' lang='lat' dir='ltr'><strong>XV,</strong></span> <span class='ocrx_word' id='word_1_52' title='bbox 2227 688 2468 750; x_wconf 79' lang='lat'>1—603</span> <span class='ocrx_word' id='word_1_53' title='bbox 2530 679 2781 757; x_wconf 82' lang='lat' dir='ltr'><strong>Migne</strong></span> <span class='ocrx_word' id='word_1_54' title='bbox 2813 679 3003 749; x_wconf 87' lang='lat' dir='ltr'>CXIX,</span> 
     </span>
     <span class='ocr_line' id='line_1_8' title="bbox 386 763 2807 849; baseline 0.001 -24"><span class='ocrx_word' id='word_1_55' title='bbox 386 785 503 841; x_wconf 89' lang='lat' dir='ltr'><strong>quo</strong></span> <span class='ocrx_word' id='word_1_56' title='bbox 557 783 692 826; x_wconf 92' lang='lat' dir='ltr'><strong>cum</strong></span> <span class='ocrx_word' id='word_1_57' title='bbox 742 766 1068 826; x_wconf 91' lang='lat' dir='ltr'><strong>Prudentio</strong></span> <span class='ocrx_word' id='word_1_58' title='bbox 1118 766 1192 825; x_wconf 87' lang='lat' dir='ltr'><strong>ab</strong></span> <span class='ocrx_word' id='word_1_59' title='bbox 1241 768 1557 828; x_wconf 86' lang='lat' dir='ltr'><strong>Hincmaro</strong></span> <span class='ocrx_word' id='word_1_60' title='bbox 1607 771 1667 828; x_wconf 83' lang='lat' dir='ltr'><strong>et</strong></span> <span class='ocrx_word' id='word_1_61' title='bbox 1725 778 1934 832; x_wconf 87' lang='lat'>423-·</span> <span class='ocrx_word' id='word_1_62' title='bbox 1953 778 2097 832; x_wconf 82' lang='lat'><strong>700.</strong></span> <span class='ocrx_word' id='word_1_63' title='bbox 2161 768 2329 827; x_wconf 88' lang='lat' dir='ltr'><strong>Obiit</strong></span> <span class='ocrx_word' id='word_1_64' title='bbox 2345 763 2390 849; x_wconf 86' lang='lat'><strong>¹)</strong></span> <span class='ocrx_word' id='word_1_65' title='bbox 2422 769 2548 844; x_wconf 90' lang='lat' dir='ltr'><strong>ipse</strong></span> <span class='ocrx_word' id='word_1_66' title='bbox 2580 786 2626 832; x_wconf 86' lang='lat' dir='ltr'><strong>c.</strong></span> <span class='ocrx_word' id='word_1_67' title='bbox 2663 778 2807 833; x_wconf 83' lang='lat'><strong>862.</strong></span> 
     </span>
    </p>
   </div>
   <div class='ocr_carea' id='block_1_5' title="bbox 385 855 1666 1023">
    <p class='ocr_par' dir='ltr' id='par_1_5' title="bbox 385 855 1666 1023">
     <span class='ocr_line' id='line_1_9' title="bbox 385 855 1666 934; baseline 0.002 -20"><span class='ocrx_word' id='word_1_68' title='bbox 385 856 623 915; x_wconf 87' lang='lat' dir='ltr'><strong>Rabano</strong></span> <span class='ocrx_word' id='word_1_69' title='bbox 655 855 950 927; x_wconf 72' lang='lat' dir='ltr'><strong>dissentit,</strong></span> <span class='ocrx_word' id='word_1_70' title='bbox 996 856 1136 916; x_wconf 86' lang='lat' dir='ltr'><strong>stilo</strong></span> <span class='ocrx_word' id='word_1_71' title='bbox 1169 857 1428 934; x_wconf 75' lang='lat' dir='ltr'><strong>eleganti</strong></span> <span class='ocrx_word' id='word_1_72' title='bbox 1464 859 1666 917; x_wconf 87' lang='lat' dir='ltr'><strong>admo-</strong></span> 
     </span>
     <span class='ocr_line' id='line_1_10' title="bbox 386 944 1666 1023; baseline 0.002 -20"><span class='ocrx_word' id='word_1_73' title='bbox 386 946 546 1014; x_wconf 86' lang='lat' dir='ltr'>dum,</span> <span class='ocrx_word' id='word_1_74' title='bbox 578 945 809 1005; x_wconf 88' lang='lat' dir='ltr'><strong>urbano</strong></span> <span class='ocrx_word' id='word_1_75' title='bbox 845 948 908 1004; x_wconf 88' lang='lat' dir='ltr'><strong>et</strong></span> <span class='ocrx_word' id='word_1_76' title='bbox 952 944 1177 1005; x_wconf 87' lang='lat' dir='ltr'><strong>irenico</strong></span> <span class='ocrx_word' id='word_1_77' title='bbox 1205 946 1482 1023; x_wconf 77' lang='lat' dir='ltr'><strong>scriptus·</strong></span> <span class='ocrx_word' id='word_1_78' title='bbox 1516 946 1666 1006; x_wconf 91' lang='lat' dir='ltr'><strong>Sub-</strong></span> 
     </span>
    </p>
   </div>
   <div class='ocr_carea' id='block_1_6' title="bbox 1816 946 3003 1022">
    <p class='ocr_par' dir='ltr' id='par_1_6' title="bbox 1816 946 3003 1022">
     <span class='ocr_line' id='line_1_11' title="bbox 1816 946 3003 1022; baseline -0.005 -12"><span class='ocrx_word' id='word_1_79' title='bbox 1816 956 1959 1010; x_wconf 82' lang='grc'><strong>446.</strong></span> <span class='ocrx_word' id='word_1_80' title='bbox 1991 947 2164 1006; x_wconf 86' lang='lat' dir='ltr'><strong>Alius</strong></span> <span class='ocrx_word' id='word_1_81' title='bbox 2210 946 2439 1006; x_wconf 86' lang='lat' dir='ltr'><strong>celeber</strong></span> <span class='ocrx_word' id='word_1_82' title='bbox 2484 947 2665 1022; x_wconf 84' lang='lat' dir='ltr'><strong>hujus</strong></span> <span class='ocrx_word' id='word_1_83' title='bbox 2715 946 3003 1021; x_wconf 88' lang='lat' dir='ltr'><strong>temporis</strong></span> 
     </span>
    </p>
   </div>
   <div class='ocr_carea' id='block_1_7' title="bbox 378 1031 3005 1288">
    <p class='ocr_par' dir='ltr' id='par_1_7' title="bbox 378 1031 3005 1288">
     <span class='ocr_line' id='line_1_12' title="bbox 378 1031 3005 1113; baseline 0.001 -22"><span class='ocrx_word' id='word_1_84' title='bbox 378 1035 527 1108; x_wconf 88' lang='lat' dir='ltr'><strong>jecit</strong></span> <span class='ocrx_word' id='word_1_85' title='bbox 557 1034 952 1093; x_wconf 78' lang='lat' dir='ltr'><strong>collectaneum</strong></span> <span class='ocrx_word' id='word_1_86' title='bbox 984 1052 1091 1093; x_wconf 91' lang='lat' dir='ltr'><strong>seu</strong></span> <span class='ocrx_word' id='word_1_87' title='bbox 1112 1037 1518 1096; x_wconf 79' lang='lat' dir='ltr'><strong>collectionem</strong></span> <span class='ocrx_word' id='word_1_88' title='bbox 1535 1041 1662 1094; x_wconf 83' lang='lat' dir='ltr'><strong>tex-</strong></span> <span class='ocrx_word' id='word_1_89' title='bbox 1723 1036 2039 1113; x_wconf 89' lang='lat' dir='ltr'><strong>theologus</strong></span> <span class='ocrx_word' id='word_1_90' title='bbox 2071 1035 2189 1094; x_wconf 84' lang='lat' dir='ltr'><strong>suit</strong></span> <span class='ocrx_word' id='word_1_91' title='bbox 2219 1037 2521 1095; x_wconf 81' lang='lat' dir='ltr'><strong>Batram</strong></span> <span class='ocrx_word' id='word_1_92' title='bbox 2539 1055 2638 1094; x_wconf 93' lang='lat' dir='ltr'><strong>nu</strong></span> <span class='ocrx_word' id='word_1_93' title='bbox 2657 1054 2685 1094; x_wconf 91' lang='lat' dir='ltr'><strong>s</strong></span> <span class='ocrx_word' id='word_1_94' title='bbox 2737 1031 3005 1111; x_wconf 87' lang='lat' dir='ltr'><strong>(erronee</strong></span> 
     </span>
     <span class='ocr_line' id='line_1_13' title="bbox 383 1120 3004 1207; baseline 0.001 -26"><span class='ocrx_word' id='word_1_95' title='bbox 383 1126 559 1181; x_wconf 88' lang='lat' dir='ltr'><strong>tuum</strong></span> <span class='ocrx_word' id='word_1_96' title='bbox 590 1126 863 1182; x_wconf 81' lang='lat' dir='ltr'><strong>veterum</strong></span> <span class='ocrx_word' id='word_1_97' title='bbox 893 1127 1135 1200; x_wconf 91' lang='lat' dir='ltr'><strong>patrum</strong></span> <span class='ocrx_word' id='word_1_98' title='bbox 1181 1125 1253 1184; x_wconf 92' lang='lat' dir='ltr'><strong>de</strong></span> <span class='ocrx_word' id='word_1_99' title='bbox 1306 1127 1413 1185; x_wconf 90' lang='lat' dir='ltr'><strong>hoc</strong></span> <span class='ocrx_word' id='word_1_100' title='bbox 1442 1125 1668 1202; x_wconf 88' lang='lat' dir='ltr'><strong>triplici</strong></span> <span class='ocrx_word' id='word_1_101' title='bbox 1721 1120 2535 1207; x_wconf 85' lang='lat' dir='ltr'><strong>Bertramus,Bertramnus),</strong></span> <span class='ocrx_word' id='word_1_102' title='bbox 2568 1126 2638 1183; x_wconf 91' lang='lat' dir='ltr'><strong>de</strong></span> <span class='ocrx_word' id='word_1_103' title='bbox 2671 1124 2842 1200; x_wconf 89' lang='lat' dir='ltr'><strong>cujus</strong></span> <span class='ocrx_word' id='word_1_104' title='bbox 2863 1124 3004 1183; x_wconf 84' lang='lat' dir='ltr'><strong>satis</strong></span> 
     </span>
     <span class='ocr_line' id='line_1_14' title="bbox 384 1212 3004 1288; baseline 0 -17"><span class='ocrx_word' id='word_1_105' title='bbox 384 1224 755 1288; x_wconf 83' lang='lat' dir='ltr'><strong>argumento,</strong></span> <span class='ocrx_word' id='word_1_106' title='bbox 818 1212 1050 1272; x_wconf 89' lang='lat' dir='ltr'><strong>Prodiit</strong></span> <span class='ocrx_word' id='word_1_107' title='bbox 1088 1223 1249 1278; x_wconf 89' lang='grc'>1648</span> <span class='ocrx_word' id='word_1_108' title='bbox 1287 1215 1415 1273; x_wconf 90' lang='lat' dir='ltr'><strong>sine</strong></span> <span class='ocrx_word' id='word_1_109' title='bbox 1445 1215 1575 1274; x_wconf 91' lang='lat' dir='ltr'><strong>loco</strong></span> <span class='ocrx_word' id='word_1_110' title='bbox 1607 1217 1670 1273; x_wconf 88' lang='lat' dir='ltr'><strong>et</strong></span> <span class='ocrx_word' id='word_1_111' title='bbox 1720 1214 1877 1273; x_wconf 88' lang='lat' dir='ltr'><strong>illud</strong></span> <span class='ocrx_word' id='word_1_112' title='bbox 1909 1219 2145 1273; x_wconf 82' lang='lat' dir='ltr'><strong>tantum</strong></span> <span class='ocrx_word' id='word_1_113' title='bbox 2179 1214 2417 1284; x_wconf 89' lang='lat' dir='ltr'><strong>scimus,</strong></span> <span class='ocrx_word' id='word_1_114' title='bbox 2464 1233 2602 1272; x_wconf 90' lang='lat' dir='ltr'><strong>eum</strong></span> <span class='ocrx_word' id='word_1_115' title='bbox 2652 1214 3004 1272; x_wconf 89' lang='lat' dir='ltr'><strong>monachum</strong></span> 
     </span>
    </p>
   </div>
   <div class='ocr_carea' id='block_1_8' title="bbox 383 1301 1670 2269">
    <p class='ocr_par' dir='ltr' id='par_1_8' title="bbox 383 1301 1670 2269">
     <span class='ocr_line' id='line_1_15' title="bbox 384 1301 1666 1379; baseline 0.003 -20"><span class='ocrx_word' id='word_1_116' title='bbox 384 1302 625 1360; x_wconf 90' lang='lat' dir='ltr'><strong>nomine</strong></span> <span class='ocrx_word' id='word_1_117' title='bbox 671 1301 797 1360; x_wconf 88' lang='lat' dir='ltr'><strong>sive</strong></span> <span class='ocrx_word' id='word_1_118' title='bbox 847 1303 1201 1379; x_wconf 76' lang='lat' dir='ltr'><strong>typographi</strong></span> <span class='ocrx_word' id='word_1_119' title='bbox 1236 1303 1361 1363; x_wconf 87' lang='lat' dir='ltr'><strong>sive</strong></span> <span class='ocrx_word' id='word_1_120' title='bbox 1393 1304 1666 1373; x_wconf 90' lang='lat' dir='ltr'><strong>auctoris,</strong></span> 
     </span>
     <span class='ocr_line' id='line_1_16' title="bbox 384 1390 1667 1466; baseline 0.002 -17"><span class='ocrx_word' id='word_1_121' title='bbox 384 1390 491 1466; x_wconf 87' lang='lat' dir='ltr'><strong>qui</strong></span> <span class='ocrx_word' id='word_1_122' title='bbox 510 1391 659 1449; x_wconf 90' lang='lat' dir='ltr'><strong>latet</strong></span> <span class='ocrx_word' id='word_1_123' title='bbox 678 1390 793 1449; x_wconf 92' lang='lat' dir='ltr'><strong>sub</strong></span> <span class='ocrx_word' id='word_1_124' title='bbox 813 1391 1051 1450; x_wconf 89' lang='lat' dir='ltr'><strong>nomine</strong></span> <span class='ocrx_word' id='word_1_125' title='bbox 1083 1392 1133 1450; x_wconf 94' lang='lat' dir='ltr'>D</span> <span class='ocrx_word' id='word_1_126' title='bbox 1150 1394 1361 1452; x_wconf 87' lang='lat' dir='ltr'><strong>onati</strong></span> <span class='ocrx_word' id='word_1_127' title='bbox 1396 1393 1667 1463; x_wconf 87' lang='lat' dir='ltr'><strong>Candidi;</strong></span> 
     </span>
     <span class='ocr_line' id='line_1_17' title="bbox 388 1478 1665 1558; baseline 0.002 -22"><span class='ocrx_word' id='word_1_128' title='bbox 388 1478 454 1537; x_wconf 90' lang='lat' dir='ltr'><strong>in</strong></span> <span class='ocrx_word' id='word_1_129' title='bbox 504 1479 854 1540; x_wconf 80' lang='lat' dir='ltr'><strong>collectione</strong></span> <span class='ocrx_word' id='word_1_130' title='bbox 903 1480 1315 1558; x_wconf 86' lang='lat' dir='ltr'><strong>Mauguini</strong></span> <span class='ocrx_word' id='word_1_131' title='bbox 1376 1491 1539 1545; x_wconf 87' lang='grc'>1650</span> <span class='ocrx_word' id='word_1_132' title='bbox 1590 1481 1665 1552; x_wconf 89' lang='lat'><strong>11,</strong></span> 
     </span>
     <span class='ocr_line' id='line_1_18' title="bbox 390 1569 1667 1642; baseline -0.002 -11"><span class='ocrx_word' id='word_1_133' title='bbox 390 1579 639 1639; x_wconf 77' lang='lat'>9—593</span> <span class='ocrx_word' id='word_1_134' title='bbox 672 1588 815 1628; x_wconf 90' lang='lat' dir='ltr'><strong>cura</strong></span> <span class='ocrx_word' id='word_1_135' title='bbox 846 1569 1237 1629; x_wconf 89' lang='lat' dir='ltr'><strong>Sirmondi</strong></span> <span class='ocrx_word' id='word_1_136' title='bbox 1279 1581 1462 1642; x_wconf 88' lang='grc'>1650,</span> <span class='ocrx_word' id='word_1_137' title='bbox 1496 1572 1667 1630; x_wconf 88' lang='lat' dir='ltr'><strong>etin-</strong></span> 
     </span>
     <span class='ocr_line' id='line_1_19' title="bbox 386 1657 1666 1735; baseline 0.003 -20"><span class='ocrx_word' id='word_1_138' title='bbox 386 1663 481 1716; x_wconf 90' lang='lat' dir='ltr'><strong>ter</strong></span> <span class='ocrx_word' id='word_1_139' title='bbox 529 1659 659 1733; x_wconf 89' lang='lat' dir='ltr'><strong>ejus</strong></span> <span class='ocrx_word' id='word_1_140' title='bbox 707 1676 800 1735; x_wconf 91' lang='lat' dir='ltr'><strong>op.</strong></span> <span class='ocrx_word' id='word_1_141' title='bbox 852 1657 1118 1718; x_wconf 91' lang='lat' dir='ltr'><strong>Venetiis</strong></span> <span class='ocrx_word' id='word_1_142' title='bbox 1180 1669 1342 1724; x_wconf 84' lang='lat'>1728</span> <span class='ocrx_word' id='word_1_143' title='bbox 1396 1663 1440 1718; x_wconf 85' lang='lat' dir='ltr'><strong>t.</strong></span> <span class='ocrx_word' id='word_1_144' title='bbox 1494 1669 1551 1722; x_wconf 88' lang='grc'><strong>2.</strong></span> <span class='ocrx_word' id='word_1_145' title='bbox 1582 1692 1666 1704; x_wconf 93' lang='lat'><strong>--</strong></span> 
     </span>
     <span class='ocr_line' id='line_1_20' title="bbox 383 1746 1667 1824; baseline 0.002 -19"><span class='ocrx_word' id='word_1_146' title='bbox 383 1746 602 1806; x_wconf 84' lang='lat' dir='ltr'><strong>Narrat</strong></span> <span class='ocrx_word' id='word_1_147' title='bbox 646 1747 895 1822; x_wconf 84' lang='lat' dir='ltr'><strong>insuper</strong></span> <span class='ocrx_word' id='word_1_148' title='bbox 940 1750 1118 1807; x_wconf 76' lang='lat' dir='ltr'><strong>vitam</strong></span> <span class='ocrx_word' id='word_1_149' title='bbox 1148 1768 1195 1812; x_wconf 87' lang='lat' dir='ltr'><strong>s.</strong></span> <span class='ocrx_word' id='word_1_150' title='bbox 1228 1750 1545 1808; x_wconf 73' lang='lat' dir='ltr'><strong>Maximini</strong></span> <span class='ocrx_word' id='word_1_151' title='bbox 1575 1768 1667 1824; x_wconf 89' lang='lat' dir='ltr'><strong>ep.</strong></span> 
     </span>
     <span class='ocr_line' id='line_1_21' title="bbox 383 1832 1670 1919; baseline 0.002 -25"><span class='ocrx_word' id='word_1_152' title='bbox 383 1835 730 1895; x_wconf 82' lang='lat' dir='ltr'><strong>trevirensis</strong></span> <span class='ocrx_word' id='word_1_153' title='bbox 766 1832 832 1919; x_wconf 88' lang='lat'><strong>(†</strong></span> <span class='ocrx_word' id='word_1_154' title='bbox 856 1833 1028 1919; x_wconf 85' lang='lat'><strong>349),</strong></span> <span class='ocrx_word' id='word_1_155' title='bbox 1055 1838 1230 1912; x_wconf 83' lang='lat' dir='ltr'><strong>juxta</strong></span> <span class='ocrx_word' id='word_1_156' title='bbox 1259 1838 1670 1916; x_wconf 76' lang='lat' dir='ltr'><strong>biographiam</strong></span> 
     </span>
     <span class='ocr_line' id='line_1_22' title="bbox 385 1924 1668 2002; baseline 0.002 -19"><span class='ocrx_word' id='word_1_157' title='bbox 385 1924 800 2000; x_wconf 79' lang='lat' dir='ltr'><strong>antiquiorem,</strong></span> <span class='ocrx_word' id='word_1_158' title='bbox 865 1946 1086 2002; x_wconf 84' lang='lat' dir='ltr'><strong>,quam</strong></span> <span class='ocrx_word' id='word_1_159' title='bbox 1135 1929 1498 1987; x_wconf 81' lang='lat' dir='ltr'><strong>accuratiore</strong></span> <span class='ocrx_word' id='word_1_160' title='bbox 1545 1946 1668 1986; x_wconf 91' lang='lat' dir='ltr'><strong>ser-</strong></span> 
     </span>
     <span class='ocr_line' id='line_1_23' title="bbox 384 2014 1662 2093; baseline 0.005 -21"><span class='ocrx_word' id='word_1_161' title='bbox 384 2032 558 2074; x_wconf 92' lang='lat' dir='ltr'><strong>mone</strong></span> <span class='ocrx_word' id='word_1_162' title='bbox 588 2014 965 2074; x_wconf 88' lang='lat' dir='ltr'><strong>convenienti</strong></span> <span class='ocrx_word' id='word_1_163' title='bbox 1010 2016 1279 2075; x_wconf 87' lang='lat' dir='ltr'><strong>restituit</strong></span> <span class='ocrx_word' id='word_1_164' title='bbox 1324 2017 1662 2093; x_wconf 75' lang='lat' dir='ltr'><strong>dignitati.‘</strong></span> 
     </span>
     <span class='ocr_line' id='line_1_24' title="bbox 384 2104 1669 2181; baseline 0.002 -20"><span class='ocrx_word' id='word_1_165' title='bbox 384 2105 577 2180; x_wconf 87' lang='lat' dir='ltr'><strong>Aegre</strong></span> <span class='ocrx_word' id='word_1_166' title='bbox 610 2107 808 2163; x_wconf 88' lang='lat' dir='ltr'><strong>autem</strong></span> <span class='ocrx_word' id='word_1_167' title='bbox 844 2104 1087 2175; x_wconf 83' lang='lat' dir='ltr'><strong>serebat,</strong></span> <span class='ocrx_word' id='word_1_168' title='bbox 1124 2105 1280 2180; x_wconf 92' lang='lat' dir='ltr'><strong>quod</strong></span> <span class='ocrx_word' id='word_1_169' title='bbox 1317 2106 1456 2175; x_wconf 83' lang='lat' dir='ltr'><strong>,vix</strong></span> <span class='ocrx_word' id='word_1_170' title='bbox 1490 2125 1669 2181; x_wconf 90' lang='lat' dir='ltr'><strong>parva</strong></span> 
     </span>
     <span class='ocr_line' id='line_1_25' title="bbox 384 2192 1670 2269; baseline 0.002 -18"><span class='ocrx_word' id='word_1_171' title='bbox 384 2195 691 2269; x_wconf 81' lang='lat' dir='ltr'><strong>gestorum</strong></span> <span class='ocrx_word' id='word_1_172' title='bbox 725 2192 892 2252; x_wconf 89' lang='lat' dir='ltr'><strong>illius</strong></span> <span class='ocrx_word' id='word_1_173' title='bbox 926 2193 1291 2253; x_wconf 89' lang='lat' dir='ltr'><strong>monimenta</strong></span> <span class='ocrx_word' id='word_1_174' title='bbox 1321 2198 1575 2267; x_wconf 84' lang='lat' dir='ltr'><strong>exstant,</strong></span> <span class='ocrx_word' id='word_1_175' title='bbox 1607 2199 1670 2254; x_wconf 92' lang='lat' dir='ltr'><strong>et</strong></span> 
     </span>
    </p>
   </div>
   <div class='ocr_carea' id='block_1_9' title="bbox 1722 1301 3005 2269">
    <p class='ocr_par' dir='ltr' id='par_1_9' title="bbox 1722 1301 3005 2269">
     <span class='ocr_line' id='line_1_26' title="bbox 1723 1301 3002 1379; baseline -0.002 -17"><span class='ocrx_word' id='word_1_176' title='bbox 1723 1303 1912 1362; x_wconf 87' lang='lat' dir='ltr'><strong>fuisse</strong></span> <span class='ocrx_word' id='word_1_177' title='bbox 1944 1303 2343 1379; x_wconf 84' lang='lat' dir='ltr'><strong>corbejensem</strong></span> <span class='ocrx_word' id='word_1_178' title='bbox 2374 1303 2439 1361; x_wconf 90' lang='lat' dir='ltr'><strong>in</strong></span> <span class='ocrx_word' id='word_1_179' title='bbox 2470 1301 2738 1361; x_wconf 86' lang='lat' dir='ltr'><strong>Picardia</strong></span> <span class='ocrx_word' id='word_1_180' title='bbox 2757 1302 2895 1365; x_wconf 90' lang='lat' dir='ltr'><strong>O.S.</strong></span> <span class='ocrx_word' id='word_1_181' title='bbox 2918 1303 3002 1372; x_wconf 92' lang='lat' dir='ltr'><strong>B.,</strong></span> 
     </span>
     <span class='ocr_line' id='line_1_27' title="bbox 1722 1391 3003 1467; baseline -0.002 -15"><span class='ocrx_word' id='word_1_182' title='bbox 1722 1410 1831 1452; x_wconf 86' lang='lat' dir='ltr'><strong>nec</strong></span> <span class='ocrx_word' id='word_1_183' title='bbox 1863 1393 2065 1451; x_wconf 91' lang='lat' dir='ltr'><strong>minus</strong></span> <span class='ocrx_word' id='word_1_184' title='bbox 2110 1392 2384 1452; x_wconf 84' lang='lat' dir='ltr'><strong>doctrina</strong></span> <span class='ocrx_word' id='word_1_185' title='bbox 2427 1410 2605 1467; x_wconf 92' lang='lat' dir='ltr'><strong>quam</strong></span> <span class='ocrx_word' id='word_1_186' title='bbox 2657 1391 2783 1450; x_wconf 85' lang='lat' dir='ltr'><strong>vita</strong></span> <span class='ocrx_word' id='word_1_187' title='bbox 2814 1391 3003 1466; x_wconf 90' lang='lat' dir='ltr'><strong>insig-</strong></span> 
     </span>
     <span class='ocr_line' id='line_1_28' title="bbox 1723 1479 3004 1557; baseline -0.002 -17"><span class='ocrx_word' id='word_1_188' title='bbox 1723 1500 1878 1552; x_wconf 89' lang='lat' dir='ltr'><strong>nem,</strong></span> <span class='ocrx_word' id='word_1_189' title='bbox 1901 1482 2006 1557; x_wconf 91' lang='lat' dir='ltr'><strong>qui</strong></span> <span class='ocrx_word' id='word_1_190' title='bbox 2027 1484 2097 1540; x_wconf 89' lang='lat' dir='ltr'><strong>ut</strong></span> <span class='ocrx_word' id='word_1_191' title='bbox 2124 1499 2349 1540; x_wconf 90' lang='lat' dir='ltr'><strong>morem</strong></span> <span class='ocrx_word' id='word_1_192' title='bbox 2378 1483 2610 1557; x_wconf 89' lang='lat' dir='ltr'><strong>gereret</strong></span> <span class='ocrx_word' id='word_1_193' title='bbox 2641 1480 2769 1557; x_wconf 89' lang='lat' dir='ltr'><strong>regi</strong></span> <span class='ocrx_word' id='word_1_194' title='bbox 2801 1479 3004 1538; x_wconf 84' lang='lat' dir='ltr'><strong>Carolo</strong></span> 
     </span>
     <span class='ocr_line' id='line_1_29' title="bbox 1725 1569 3000 1647; baseline 0.001 -18"><span class='ocrx_word' id='word_1_195' title='bbox 1725 1571 1917 1640; x_wconf 88' lang='lat' dir='ltr'><strong>Calvo,</strong></span> <span class='ocrx_word' id='word_1_196' title='bbox 1936 1570 2178 1647; x_wconf 86' lang='lat' dir='ltr'><strong>scripsit</strong></span> <span class='ocrx_word' id='word_1_197' title='bbox 2206 1570 2380 1630; x_wconf 86' lang='lat' dir='ltr'><strong>initio</strong></span> <span class='ocrx_word' id='word_1_198' title='bbox 2411 1569 2844 1629; x_wconf 88' lang='lat' dir='ltr'><strong>controversiae</strong></span> <span class='ocrx_word' id='word_1_199' title='bbox 2876 1570 2938 1627; x_wconf 90' lang='grc'><strong>11.</strong></span> <span class='ocrx_word' id='word_1_200' title='bbox 2967 1577 3000 1630; x_wconf 87' lang='grc'>2</span> 
     </span>
     <span class='ocr_line' id='line_1_30' title="bbox 1724 1655 3003 1735; baseline -0.002 -17"><span class='ocrx_word' id='word_1_201' title='bbox 1724 1662 1794 1718; x_wconf 82' lang='lat' dir='ltr'><strong>de</strong></span> <span class='ocrx_word' id='word_1_202' title='bbox 1816 1655 2356 1734; x_wconf 75' lang='lat' dir='ltr'><strong>praedestinatione</strong></span> <span class='ocrx_word' id='word_1_203' title='bbox 2375 1658 2504 1735; x_wconf 83' lang='lat' dir='ltr'><strong>Dei,</strong></span> <span class='ocrx_word' id='word_1_204' title='bbox 2538 1659 2602 1716; x_wconf 93' lang='lat' dir='ltr'><strong>in</strong></span> <span class='ocrx_word' id='word_1_205' title='bbox 2621 1657 2844 1734; x_wconf 88' lang='lat' dir='ltr'><strong>quibus</strong></span> <span class='ocrx_word' id='word_1_206' title='bbox 2870 1676 3003 1716; x_wconf 91' lang='lat' dir='ltr'><strong>cum</strong></span> 
     </span>
     <span class='ocr_line' id='line_1_31' title="bbox 1725 1748 3003 1816; baseline -0.004 -8"><span class='ocrx_word' id='word_1_207' title='bbox 1725 1749 2134 1809; x_wconf 83' lang='lat' dir='ltr'><strong>Gotteschalco</strong></span> <span class='ocrx_word' id='word_1_208' title='bbox 2145 1748 2286 1807; x_wconf 84' lang='lat' dir='ltr'><strong>facit</strong></span> <span class='ocrx_word' id='word_1_209' title='bbox 2295 1748 2582 1807; x_wconf 85' lang='lat' dir='ltr'><strong>adversus</strong></span> <span class='ocrx_word' id='word_1_210' title='bbox 2598 1748 3003 1816; x_wconf 89' lang='lat' dir='ltr'><strong>Hincmarum,</strong></span> 
     </span>
     <span class='ocr_line' id='line_1_32' title="bbox 1724 1835 3004 1914; baseline -0.003 -17"><span class='ocrx_word' id='word_1_211' title='bbox 1724 1839 1799 1897; x_wconf 91' lang='lat' dir='ltr'><strong>ab</strong></span> <span class='ocrx_word' id='word_1_212' title='bbox 1831 1838 1942 1897; x_wconf 89' lang='lat' dir='ltr'><strong>hoc</strong></span> <span class='ocrx_word' id='word_1_213' title='bbox 1974 1841 2287 1914; x_wconf 87' lang='lat' dir='ltr'><strong>propterea</strong></span> <span class='ocrx_word' id='word_1_214' title='bbox 2303 1837 2693 1914; x_wconf 80' lang='lat' dir='ltr'><strong>impugnatus</strong></span> <span class='ocrx_word' id='word_1_215' title='bbox 2706 1835 2772 1913; x_wconf 59' lang='grc' dir='ltr'><strong>θ),</strong></span> <span class='ocrx_word' id='word_1_216' title='bbox 2805 1836 2878 1893; x_wconf 88' lang='lat' dir='ltr'><strong>ab</strong></span> <span class='ocrx_word' id='word_1_217' title='bbox 2898 1835 3004 1893; x_wconf 92' lang='lat' dir='ltr'><strong>illo</strong></span> 
     </span>
     <span class='ocr_line' id='line_1_33' title="bbox 1724 1924 3002 2003; baseline -0.004 -17"><span class='ocrx_word' id='word_1_218' title='bbox 1724 1945 1865 1986; x_wconf 91' lang='lat' dir='ltr'><strong>vero</strong></span> <span class='ocrx_word' id='word_1_219' title='bbox 1929 1927 2232 1986; x_wconf 86' lang='lat' dir='ltr'><strong>salutatus</strong></span> <span class='ocrx_word' id='word_1_220' title='bbox 2297 1925 2642 2003; x_wconf 83' lang='lat' dir='ltr'><strong>,magister,</strong></span> <span class='ocrx_word' id='word_1_221' title='bbox 2707 1924 3002 1995; x_wconf 89' lang='lat' dir='ltr'><strong>dominus,</strong></span> 
     </span>
     <span class='ocr_line' id='line_1_34' title="bbox 1723 2013 3003 2092; baseline -0.003 -17"><span class='ocrx_word' id='word_1_222' title='bbox 1723 2021 1954 2092; x_wconf 79' lang='lat' dir='ltr'><strong>pater.‘</strong></span> <span class='ocrx_word' id='word_1_223' title='bbox 2019 2016 2088 2074; x_wconf 89' lang='lat' dir='ltr'><strong>In</strong></span> <span class='ocrx_word' id='word_1_224' title='bbox 2119 2015 2305 2091; x_wconf 88' lang='lat' dir='ltr'><strong>priori</strong></span> <span class='ocrx_word' id='word_1_225' title='bbox 2337 2016 2377 2081; x_wconf 86' lang='lat'><strong>1.</strong></span> <span class='ocrx_word' id='word_1_226' title='bbox 2408 2015 2527 2074; x_wconf 86' lang='lat' dir='ltr'><strong>sere</strong></span> <span class='ocrx_word' id='word_1_227' title='bbox 2559 2016 2799 2091; x_wconf 84' lang='lat' dir='ltr'><strong>patrum</strong></span> <span class='ocrx_word' id='word_1_228' title='bbox 2829 2013 3003 2072; x_wconf 88' lang='lat' dir='ltr'><strong>testi-</strong></span> 
     </span>
     <span class='ocr_line' id='line_1_35' title="bbox 1722 2102 3004 2179; baseline -0.003 -15"><span class='ocrx_word' id='word_1_229' title='bbox 1722 2106 1940 2164; x_wconf 87' lang='lat' dir='ltr'><strong>moniis</strong></span> <span class='ocrx_word' id='word_1_230' title='bbox 1973 2105 2171 2164; x_wconf 92' lang='lat' dir='ltr'><strong>utitur</strong></span> <span class='ocrx_word' id='word_1_231' title='bbox 2218 2104 2293 2163; x_wconf 90' lang='lat' dir='ltr'><strong>ad</strong></span> <span class='ocrx_word' id='word_1_232' title='bbox 2343 2103 2760 2163; x_wconf 80' lang='lat' dir='ltr'><strong>illustrandam</strong></span> <span class='ocrx_word' id='word_1_233' title='bbox 2793 2102 3004 2179; x_wconf 88' lang='lat' dir='ltr'><strong>genui-</strong></span> 
     </span>
     <span class='ocr_line' id='line_1_36' title="bbox 1723 2191 3005 2269; baseline -0.003 -17"><span class='ocrx_word' id='word_1_234' title='bbox 1723 2214 1857 2252; x_wconf 90' lang='lat' dir='ltr'><strong>nam</strong></span> <span class='ocrx_word' id='word_1_235' title='bbox 1891 2194 1965 2253; x_wconf 91' lang='lat' dir='ltr'><strong>de</strong></span> <span class='ocrx_word' id='word_1_236' title='bbox 1995 2193 2537 2269; x_wconf 85' lang='lat' dir='ltr'><strong>praedestinatione</strong></span> <span class='ocrx_word' id='word_1_237' title='bbox 2562 2192 2908 2263; x_wconf 84' lang='lat' dir='ltr'><strong>doctrinam,</strong></span> <span class='ocrx_word' id='word_1_238' title='bbox 2941 2191 3005 2248; x_wconf 90' lang='lat' dir='ltr'><strong>in</strong></span> 
     </span>
    </p>
   </div>
   <div class='ocr_carea' id='block_1_10' title="bbox 383 2281 3007 2448">
    <p class='ocr_par' dir='ltr' id='par_1_10' title="bbox 383 2281 3007 2448">
     <span class='ocr_line' id='line_1_37' title="bbox 383 2281 3007 2360; baseline 0 -22"><span class='ocrx_word' id='word_1_239' title='bbox 383 2281 449 2339; x_wconf 91' lang='lat' dir='ltr'><strong>in</strong></span> <span class='ocrx_word' id='word_1_240' title='bbox 464 2281 720 2357; x_wconf 90' lang='lat' dir='ltr'><strong>hisipsis</strong></span> <span class='ocrx_word' id='word_1_241' title='bbox 736 2282 1025 2358; x_wconf 88' lang='lat' dir='ltr'><strong>quaedam</strong></span> <span class='ocrx_word' id='word_1_242' title='bbox 1041 2283 1328 2342; x_wconf 82' lang='lat' dir='ltr'><strong>fabulosis</strong></span> <span class='ocrx_word' id='word_1_243' title='bbox 1349 2284 1666 2344; x_wconf 85' lang='lat' dir='ltr'><strong>inveniun·</strong></span> <span class='ocrx_word' id='word_1_244' title='bbox 1721 2284 1908 2345; x_wconf 85' lang='lat' dir='ltr'><strong>altero</strong></span> <span class='ocrx_word' id='word_1_245' title='bbox 1954 2283 2144 2360; x_wconf 86' lang='lat' dir='ltr'><strong>magis</strong></span> <span class='ocrx_word' id='word_1_246' title='bbox 2184 2282 2588 2342; x_wconf 85' lang='lat' dir='ltr'><strong>ratiocinatur.</strong></span> <span class='ocrx_word' id='word_1_247' title='bbox 2650 2281 3007 2340; x_wconf 87' lang='lat' dir='ltr'><strong>Prodierunt</strong></span> 
     </span>
     <span class='ocr_line' id='line_1_38' title="bbox 384 2369 3002 2448; baseline -0 -20"><span class='ocrx_word' id='word_1_248' title='bbox 384 2370 781 2430; x_wconf 60' lang='lat' dir='ltr'><strong>tursimilia‘</strong></span> <span class='ocrx_word' id='word_1_249' title='bbox 816 2370 1230 2430; x_wconf 85' lang='lat' dir='ltr'><strong>Elocutionem</strong></span> <span class='ocrx_word' id='word_1_250' title='bbox 1255 2373 1565 2431; x_wconf 89' lang='lat' dir='ltr'><strong>barbaram</strong></span> <span class='ocrx_word' id='word_1_251' title='bbox 1582 2374 1668 2432; x_wconf 85' lang='lat' dir='ltr'><strong>ita</strong></span> <span class='ocrx_word' id='word_1_252' title='bbox 1721 2372 1881 2430; x_wconf 85' lang='lat' dir='ltr'><strong>inter</strong></span> <span class='ocrx_word' id='word_1_253' title='bbox 1931 2372 2222 2447; x_wconf 87' lang='lat' dir='ltr'><strong>opuscula</strong></span> <span class='ocrx_word' id='word_1_254' title='bbox 2269 2392 2304 2430; x_wconf 93' lang='lat' dir='ltr'><strong>a</strong></span> <span class='ocrx_word' id='word_1_255' title='bbox 2351 2372 2517 2430; x_wconf 86' lang='lat' dir='ltr'><strong>Mau</strong></span> <span class='ocrx_word' id='word_1_256' title='bbox 2533 2370 2718 2448; x_wconf 89' lang='lat' dir='ltr'><strong>guin</strong></span> <span class='ocrx_word' id='word_1_257' title='bbox 2770 2370 2928 2429; x_wconf 88' lang='lat' dir='ltr'><strong>edita</strong></span> <span class='ocrx_word' id='word_1_258' title='bbox 2958 2369 3002 2440; x_wconf 92' lang='lat'><strong>1,</strong></span> 
     </span>
    </p>
   </div>
   <div class='ocr_carea' id='block_1_11' title="bbox 381 2460 1667 2890">
    <p class='ocr_par' dir='ltr' id='par_1_11' title="bbox 381 2460 1667 2890">
     <span class='ocr_line' id='line_1_39' title="bbox 384 2460 1666 2535; baseline 0.003 -18"><span class='ocrx_word' id='word_1_259' title='bbox 384 2460 738 2530; x_wconf 79' lang='lat' dir='ltr'><strong>emendavit,</strong></span> <span class='ocrx_word' id='word_1_260' title='bbox 772 2462 843 2518; x_wconf 91' lang='lat' dir='ltr'><strong>ut</strong></span> <span class='ocrx_word' id='word_1_261' title='bbox 874 2478 1062 2535; x_wconf 88' lang='lat' dir='ltr'><strong>pauca</strong></span> <span class='ocrx_word' id='word_1_262' title='bbox 1093 2461 1416 2521; x_wconf 88' lang='lat' dir='ltr'><strong>decessoris</strong></span> <span class='ocrx_word' id='word_1_263' title='bbox 1466 2481 1666 2521; x_wconf 88' lang='lat' dir='ltr'><strong>serva-</strong></span> 
     </span>
     <span class='ocr_line' id='line_1_40' title="bbox 383 2547 1664 2618; baseline 0.004 -12"><span class='ocrx_word' id='word_1_264' title='bbox 383 2548 537 2608; x_wconf 87' lang='lat' dir='ltr'><strong>verit</strong></span> <span class='ocrx_word' id='word_1_265' title='bbox 566 2547 763 2612; x_wconf 86' lang='lat' dir='ltr'><strong>verba.</strong></span> <span class='ocrx_word' id='word_1_266' title='bbox 830 2549 961 2618; x_wconf 82' lang='lat' dir='ltr'><strong>,Ad</strong></span> <span class='ocrx_word' id='word_1_267' title='bbox 1013 2550 1320 2611; x_wconf 85' lang='lat' dir='ltr'><strong>historiam</strong></span> <span class='ocrx_word' id='word_1_268' title='bbox 1352 2552 1664 2611; x_wconf 89' lang='lat' dir='ltr'><strong>illustran-</strong></span> 
     </span>
     <span class='ocr_line' id='line_1_41' title="bbox 384 2638 1667 2716; baseline 0.003 -20"><span class='ocrx_word' id='word_1_269' title='bbox 384 2638 520 2696; x_wconf 92' lang='lat' dir='ltr'><strong>dam</strong></span> <span class='ocrx_word' id='word_1_270' title='bbox 552 2638 706 2697; x_wconf 89' lang='lat' dir='ltr'><strong>nihil</strong></span> <span class='ocrx_word' id='word_1_271' title='bbox 737 2638 877 2697; x_wconf 86' lang='lat' dir='ltr'><strong>facit</strong></span> <span class='ocrx_word' id='word_1_272' title='bbox 896 2639 1052 2716; x_wconf 91' lang='lat' dir='ltr'><strong>Lupi</strong></span> <span class='ocrx_word' id='word_1_273' title='bbox 1082 2640 1139 2709; x_wconf 87' lang='grc'><strong>1.,</strong></span> <span class='ocrx_word' id='word_1_274' title='bbox 1172 2643 1373 2700; x_wconf 87' lang='lat' dir='ltr'><strong>tamen</strong></span> <span class='ocrx_word' id='word_1_275' title='bbox 1404 2641 1667 2700; x_wconf 88' lang='lat' dir='ltr'><strong>edendus</strong></span> 
     </span>
     <span class='ocr_line' id='line_1_42' title="bbox 383 2727 1663 2806; baseline 0.003 -22"><span class='ocrx_word' id='word_1_276' title='bbox 383 2729 527 2797; x_wconf 88' lang='lat' dir='ltr'><strong>erat,</strong></span> <span class='ocrx_word' id='word_1_277' title='bbox 562 2727 764 2802; x_wconf 89' lang='lat' dir='ltr'><strong>inquit</strong></span> <span class='ocrx_word' id='word_1_278' title='bbox 813 2729 1116 2788; x_wconf 91' lang='lat' dir='ltr'><strong>Krusch</strong></span> <span class='ocrx_word' id='word_1_279' title='bbox 1168 2728 1234 2787; x_wconf 92' lang='lat' dir='ltr'><strong>in</strong></span> <span class='ocrx_word' id='word_1_280' title='bbox 1280 2731 1510 2806; x_wconf 89' lang='lat' dir='ltr'><strong>optima</strong></span> <span class='ocrx_word' id='word_1_281' title='bbox 1553 2731 1663 2802; x_wconf 90' lang='lat' dir='ltr'><strong>ed.,</strong></span> 
     </span>
     <span class='ocr_line' id='line_1_43' title="bbox 381 2817 1665 2890; baseline 0.006 -16"><span class='ocrx_word' id='word_1_282' title='bbox 381 2835 560 2890; x_wconf 88' lang='lat' dir='ltr'><strong>quam</strong></span> <span class='ocrx_word' id='word_1_283' title='bbox 594 2817 826 2875; x_wconf 87' lang='lat' dir='ltr'><strong>curavit</strong></span> <span class='ocrx_word' id='word_1_284' title='bbox 870 2817 931 2875; x_wconf 92' lang='lat' dir='ltr'><strong>in</strong></span> <span class='ocrx_word' id='word_1_285' title='bbox 976 2819 1103 2881; x_wconf 71' lang='grc' dir='ltr'><strong>ΜΘ.</strong></span> <span class='ocrx_word' id='word_1_286' title='bbox 1151 2818 1248 2876; x_wconf 86' lang='grc'><strong>88.</strong></span> <span class='ocrx_word' id='word_1_287' title='bbox 1294 2837 1407 2877; x_wconf 90' lang='lat' dir='ltr'><strong>rer.</strong></span> <span class='ocrx_word' id='word_1_288' title='bbox 1448 2838 1665 2882; x_wconf 85' lang='lat' dir='ltr'><strong>merov.</strong></span> 
     </span>
    </p>
   </div>
   <div class='ocr_carea' id='block_1_12' title="bbox 1722 2459 3007 2890">
    <p class='ocr_par' dir='ltr' id='par_1_12' title="bbox 1722 2459 3007 2890">
     <span class='ocr_line' id='line_1_44' title="bbox 1729 2459 3005 2537; baseline -0.002 -14"><span class='ocrx_word' id='word_1_289' title='bbox 1729 2470 2063 2530; x_wconf 83' lang='lat'>27—102;</span> <span class='ocrx_word' id='word_1_290' title='bbox 2112 2461 2257 2520; x_wconf 87' lang='lat' dir='ltr'><strong>bibl.</strong></span> <span class='ocrx_word' id='word_1_291' title='bbox 2291 2460 2402 2518; x_wconf 86' lang='lat' dir='ltr'><strong>PP.</strong></span> <span class='ocrx_word' id='word_1_292' title='bbox 2436 2460 2600 2537; x_wconf 88' lang='lat' dir='ltr'><strong>lugd,</strong></span> <span class='ocrx_word' id='word_1_293' title='bbox 2634 2459 2751 2531; x_wconf 87' lang='lat' dir='ltr'><strong>XV,</strong></span> <span class='ocrx_word' id='word_1_294' title='bbox 2790 2468 3005 2520; x_wconf 68' lang='lat'>442-—</span> 
     </span>
     <span class='ocr_line' id='line_1_45' title="bbox 1726 2548 3007 2616; baseline -0.005 -3"><span class='ocrx_word' id='word_1_295' title='bbox 1726 2559 1871 2616; x_wconf 88' lang='grc'><strong>467.</strong></span> <span class='ocrx_word' id='word_1_296' title='bbox 1937 2550 2082 2610; x_wconf 84' lang='lat' dir='ltr'><strong>Cum</strong></span> <span class='ocrx_word' id='word_1_297' title='bbox 2130 2550 2411 2610; x_wconf 87' lang='lat' dir='ltr'><strong>Nicolaus</strong></span> <span class='ocrx_word' id='word_1_298' title='bbox 2461 2550 2488 2607; x_wconf 96' lang='lat' dir='ltr'>I</span> <span class='ocrx_word' id='word_1_299' title='bbox 2538 2548 2732 2608; x_wconf 89' lang='lat' dir='ltr'><strong>literis</strong></span> <span class='ocrx_word' id='word_1_300' title='bbox 2784 2548 3007 2607; x_wconf 85' lang='lat' dir='ltr'><strong>Galliae</strong></span> 
     </span>
     <span class='ocr_line' id='line_1_46' title="bbox 1722 2639 3004 2716; baseline -0.002 -18"><span class='ocrx_word' id='word_1_301' title='bbox 1722 2641 2187 2700; x_wconf 88' lang='lat' dir='ltr'><strong>commonuisset</strong></span> <span class='ocrx_word' id='word_1_302' title='bbox 2201 2641 2523 2716; x_wconf 76' lang='lat' dir='ltr'><strong>episcopoS,</strong></span> <span class='ocrx_word' id='word_1_303' title='bbox 2540 2643 2611 2698; x_wconf 92' lang='lat' dir='ltr'><strong>ut</strong></span> <span class='ocrx_word' id='word_1_304' title='bbox 2628 2639 3004 2708; x_wconf 87' lang='lat' dir='ltr'><strong>Graecorum,</strong></span> 
     </span>
     <span class='ocr_line' id='line_1_47' title="bbox 1722 2727 3006 2802; baseline -0.004 -14"><span class='ocrx_word' id='word_1_305' title='bbox 1722 2747 1995 2788; x_wconf 90' lang='lat' dir='ltr'><strong>romanae</strong></span> <span class='ocrx_word' id='word_1_306' title='bbox 2032 2729 2190 2788; x_wconf 89' lang='lat' dir='ltr'><strong>sedis</strong></span> <span class='ocrx_word' id='word_1_307' title='bbox 2222 2728 2709 2798; x_wconf 87' lang='lat' dir='ltr'><strong>adversariorum,</strong></span> <span class='ocrx_word' id='word_1_308' title='bbox 2757 2727 3006 2802; x_wconf 84' lang='lat' dir='ltr'><strong>objectis</strong></span> 
     </span>
     <span class='ocr_line' id='line_1_48' title="bbox 1724 2815 3003 2890; baseline -0.003 -14"><span class='ocrx_word' id='word_1_309' title='bbox 1724 2820 2115 2889; x_wconf 87' lang='lat' dir='ltr'><strong>occurrerent,</strong></span> <span class='ocrx_word' id='word_1_310' title='bbox 2148 2818 2506 2876; x_wconf 81' lang='lat' dir='ltr'><strong>Batramnus</strong></span> <span class='ocrx_word' id='word_1_311' title='bbox 2521 2815 2761 2874; x_wconf 89' lang='lat' dir='ltr'><strong>nomine</strong></span> <span class='ocrx_word' id='word_1_312' title='bbox 2778 2815 3003 2890; x_wconf 89' lang='lat' dir='ltr'><strong>episco-</strong></span> 
     </span>
    </p>
   </div>
   <div class='ocr_carea' id='block_1_13' title="bbox 381 2903 3006 4585">
    <p class='ocr_par' dir='ltr' id='par_1_13' title="bbox 381 2903 3006 4585">
     <span class='ocr_line' id='line_1_49' title="bbox 382 2903 3006 2983; baseline 0 -22"><span class='ocrx_word' id='word_1_313' title='bbox 382 2904 488 2974; x_wconf 90' lang='grc' dir='ltr'>ΙΙΙ,</span> <span class='ocrx_word' id='word_1_314' title='bbox 527 2915 746 2975; x_wconf 88' lang='grc'>71-83,</span> <span class='ocrx_word' id='word_1_315' title='bbox 780 2910 1026 2982; x_wconf 89' lang='lat' dir='ltr'><strong>propter</strong></span> <span class='ocrx_word' id='word_1_316' title='bbox 1056 2908 1470 2966; x_wconf 82' lang='lat' dir='ltr'><strong>auctoritatem</strong></span> <span class='ocrx_word' id='word_1_317' title='bbox 1523 2908 1665 2967; x_wconf 90' lang='lat' dir='ltr'><strong>scri·</strong></span> <span class='ocrx_word' id='word_1_318' title='bbox 1722 2925 1938 2982; x_wconf 87' lang='lat' dir='ltr'><strong>porum</strong></span> <span class='ocrx_word' id='word_1_319' title='bbox 1968 2907 2163 2983; x_wconf 90' lang='lat' dir='ltr'><strong>Belgii</strong></span> <span class='ocrx_word' id='word_1_320' title='bbox 2198 2905 2461 2976; x_wconf 90' lang='lat' dir='ltr'><strong>secundi,</strong></span> <span class='ocrx_word' id='word_1_321' title='bbox 2484 2909 2556 2963; x_wconf 88' lang='lat' dir='ltr'><strong>ut</strong></span> <span class='ocrx_word' id='word_1_322' title='bbox 2574 2903 2872 2981; x_wconf 88' lang='lat' dir='ltr'><strong>pontificis</strong></span> <span class='ocrx_word' id='word_1_323' title='bbox 2905 2922 3006 2962; x_wconf 92' lang='lat' dir='ltr'><strong>vo-</strong></span> 
     </span>
     <span class='ocr_line' id='line_1_50' title="bbox 381 2993 3005 3072; baseline -0.001 -20"><span class='ocrx_word' id='word_1_324' title='bbox 381 2994 571 3070; x_wconf 88' lang='lat' dir='ltr'><strong>ptoris</strong></span> <span class='ocrx_word' id='word_1_325' title='bbox 623 2996 1119 3070; x_wconf 81' lang='lat' dir='ltr'><strong>praestantissimi</strong></span> <span class='ocrx_word' id='word_1_326' title='bbox 1142 3045 1145 3048; x_wconf 61' lang='grc'>,</span> <span class='ocrx_word' id='word_1_327' title='bbox 1168 2998 1666 3072; x_wconf 83' lang='lat' dir='ltr'><strong>severitatemque</strong></span> <span class='ocrx_word' id='word_1_328' title='bbox 1722 2996 1803 3053; x_wconf 90' lang='lat' dir='ltr'><strong>tis</strong></span> <span class='ocrx_word' id='word_1_329' title='bbox 1839 2995 2176 3064; x_wconf 86' lang='lat' dir='ltr'><strong>satisfieret,</strong></span> <span class='ocrx_word' id='word_1_330' title='bbox 2211 2996 2273 3053; x_wconf 88' lang='lat' dir='ltr'><strong>id</strong></span> <span class='ocrx_word' id='word_1_331' title='bbox 2322 2993 2588 3053; x_wconf 90' lang='lat' dir='ltr'><strong>muneris</strong></span> <span class='ocrx_word' id='word_1_332' title='bbox 2621 2994 2683 3051; x_wconf 92' lang='lat' dir='ltr'><strong>in</strong></span> <span class='ocrx_word' id='word_1_333' title='bbox 2716 3011 2779 3051; x_wconf 90' lang='lat' dir='ltr'><strong>se</strong></span> <span class='ocrx_word' id='word_1_334' title='bbox 2810 3010 3005 3051; x_wconf 85' lang='lat' dir='ltr'><strong>susce-</strong></span> 
     </span>
     <span class='ocr_line' id='line_1_51' title="bbox 383 3081 3005 3160; baseline -0.001 -18"><span class='ocrx_word' id='word_1_335' title='bbox 383 3084 727 3155; x_wconf 88' lang='lat' dir='ltr'><strong>censoriam,</strong></span> <span class='ocrx_word' id='word_1_336' title='bbox 745 3103 865 3159; x_wconf 89' lang='lat' dir='ltr'><strong>qua</strong></span> <span class='ocrx_word' id='word_1_337' title='bbox 883 3085 1109 3143; x_wconf 88' lang='lat' dir='ltr'><strong>ordinis</strong></span> <span class='ocrx_word' id='word_1_338' title='bbox 1127 3085 1505 3144; x_wconf 83' lang='lat' dir='ltr'><strong>ecclesiastici</strong></span> <span class='ocrx_word' id='word_1_339' title='bbox 1521 3086 1669 3145; x_wconf 89' lang='lat' dir='ltr'><strong>vitia</strong></span> <span class='ocrx_word' id='word_1_340' title='bbox 1722 3084 1832 3160; x_wconf 83' lang='lat' dir='ltr'><strong>pit,</strong></span> <span class='ocrx_word' id='word_1_341' title='bbox 1866 3087 1929 3142; x_wconf 90' lang='lat' dir='ltr'><strong>et</strong></span> <span class='ocrx_word' id='word_1_342' title='bbox 1958 3087 2244 3154; x_wconf 86' lang='lat' dir='ltr'><strong>accurate,</strong></span> <span class='ocrx_word' id='word_1_343' title='bbox 2266 3085 2585 3160; x_wconf 89' lang='lat' dir='ltr'><strong>eleganter,</strong></span> <span class='ocrx_word' id='word_1_344' title='bbox 2608 3081 2860 3151; x_wconf 90' lang='lat' dir='ltr'><strong>erudite,</strong></span> <span class='ocrx_word' id='word_1_345' title='bbox 2882 3101 3005 3140; x_wconf 92' lang='lat' dir='ltr'><strong>me-</strong></span> 
     </span>
     <span class='ocr_line' id='line_1_52' title="bbox 384 3165 3004 3252; baseline -0.001 -22"><span class='ocrx_word' id='word_1_346' title='bbox 384 3174 486 3230; x_wconf 91' lang='lat' dir='ltr'><strong>ille</strong></span> <span class='ocrx_word' id='word_1_347' title='bbox 517 3173 835 3250; x_wconf 86' lang='lat' dir='ltr'><strong>castigavit</strong></span> <span class='ocrx_word' id='word_1_348' title='bbox 864 3174 1038 3233; x_wconf 92' lang='lat' dir='ltr'><strong>homo</strong></span> <span class='ocrx_word' id='word_1_349' title='bbox 1084 3175 1443 3251; x_wconf 78' lang='lat' dir='ltr'><strong>ingenuus.‘</strong></span> <span class='ocrx_word' id='word_1_350' title='bbox 1509 3175 1665 3234; x_wconf 89' lang='lat' dir='ltr'><strong>Haec</strong></span> <span class='ocrx_word' id='word_1_351' title='bbox 1723 3174 1842 3232; x_wconf 91' lang='lat' dir='ltr'><strong>lius</strong></span> <span class='ocrx_word' id='word_1_352' title='bbox 1894 3176 2093 3232; x_wconf 85' lang='lat' dir='ltr'><strong>Aenea</strong></span> <span class='ocrx_word' id='word_1_353' title='bbox 2124 3174 2301 3249; x_wconf 90' lang='lat' dir='ltr'><strong>paris.</strong></span> <span class='ocrx_word' id='word_1_354' title='bbox 2354 3172 2450 3250; x_wconf 90' lang='lat' dir='ltr'><strong>(cf.</strong></span> <span class='ocrx_word' id='word_1_355' title='bbox 2501 3192 2555 3247; x_wconf 90' lang='lat' dir='ltr'><strong>p.</strong></span> <span class='ocrx_word' id='word_1_356' title='bbox 2593 3165 2746 3252; x_wconf 84' lang='grc'>786)</span> <span class='ocrx_word' id='word_1_357' title='bbox 2799 3177 3004 3229; x_wconf 79' lang='lat' dir='ltr'><strong>contra</strong></span> 
     </span>
     <span class='ocr_line' id='line_1_53' title="bbox 382 3259 3002 3345; baseline -0.001 -26"><span class='ocrx_word' id='word_1_358' title='bbox 382 3262 507 3321; x_wconf 88' lang='lat' dir='ltr'><strong>vita</strong></span> <span class='ocrx_word' id='word_1_359' title='bbox 537 3263 830 3321; x_wconf 89' lang='lat' dir='ltr'><strong>tribuitur</strong></span> <span class='ocrx_word' id='word_1_360' title='bbox 876 3263 948 3320; x_wconf 91' lang='lat' dir='ltr'><strong>ab</strong></span> <span class='ocrx_word' id='word_1_361' title='bbox 994 3263 1129 3322; x_wconf 90' lang='lat' dir='ltr'><strong>aliis</strong></span> <span class='ocrx_word' id='word_1_362' title='bbox 1177 3261 1307 3345; x_wconf 89' lang='lat' dir='ltr'><strong>(sed</strong></span> <span class='ocrx_word' id='word_1_363' title='bbox 1342 3259 1665 3345; x_wconf 90' lang='lat' dir='ltr'><strong>immerito)</strong></span> <span class='ocrx_word' id='word_1_364' title='bbox 1725 3263 2084 3321; x_wconf 80' lang='lat' dir='ltr'><strong>Graecorum</strong></span> <span class='ocrx_word' id='word_1_365' title='bbox 2117 3264 2382 3340; x_wconf 79' lang='lat' dir='ltr'><strong>opposita</strong></span> <span class='ocrx_word' id='word_1_366' title='bbox 2401 3281 2545 3320; x_wconf 89' lang='lat' dir='ltr'><strong>rom.</strong></span> <span class='ocrx_word' id='word_1_367' title='bbox 2568 3259 2890 3319; x_wconf 87' lang='lat' dir='ltr'><strong>Ecclesiam</strong></span> <span class='ocrx_word' id='word_1_368' title='bbox 2910 3259 3002 3317; x_wconf 92' lang='lat' dir='ltr'><strong>in-</strong></span> 
     </span>
     <span class='ocr_line' id='line_1_54' title="bbox 382 3350 3006 3427; baseline -0.001 -19"><span class='ocrx_word' id='word_1_369' title='bbox 382 3351 592 3426; x_wconf 91' lang='lat' dir='ltr'><strong>Lupo</strong></span> <span class='ocrx_word' id='word_1_370' title='bbox 653 3351 922 3427; x_wconf 89' lang='lat' dir='ltr'><strong>episcopo</strong></span> <span class='ocrx_word' id='word_1_371' title='bbox 984 3353 1406 3422; x_wconf 87' lang='lat' dir='ltr'><strong>catalaunensi,</strong></span> <span class='ocrx_word' id='word_1_372' title='bbox 1464 3356 1665 3412; x_wconf 88' lang='lat' dir='ltr'><strong>nostro</strong></span> <span class='ocrx_word' id='word_1_373' title='bbox 1722 3350 2075 3410; x_wconf 85' lang='lat' dir='ltr'><strong>famantium</strong></span> <span class='ocrx_word' id='word_1_374' title='bbox 2133 3352 2194 3411; x_wconf 84' lang='grc'><strong>11.</strong></span> <span class='ocrx_word' id='word_1_375' title='bbox 2250 3361 2285 3412; x_wconf 87' lang='grc'>4</span> <span class='ocrx_word' id='word_1_376' title='bbox 2351 3350 2696 3426; x_wconf 88' lang='lat' dir='ltr'><strong>composuit,</strong></span> <span class='ocrx_word' id='word_1_377' title='bbox 2749 3366 3006 3423; x_wconf 90' lang='lat' dir='ltr'><strong>quorum</strong></span> 
     </span>
     <span class='ocr_line' id='line_1_55' title="bbox 381 3435 3004 3522; baseline -0.001 -25"><span class='ocrx_word' id='word_1_378' title='bbox 381 3440 618 3515; x_wconf 86' lang='lat' dir='ltr'><strong>aequali</strong></span> <span class='ocrx_word' id='word_1_379' title='bbox 654 3435 717 3522; x_wconf 92' lang='lat'><strong>(†</strong></span> <span class='ocrx_word' id='word_1_380' title='bbox 750 3458 796 3499; x_wconf 89' lang='lat' dir='ltr'><strong>c.</strong></span> <span class='ocrx_word' id='word_1_381' title='bbox 834 3436 1007 3519; x_wconf 85' lang='grc'>857).</span> <span class='ocrx_word' id='word_1_382' title='bbox 1067 3443 1284 3500; x_wconf 88' lang='lat' dir='ltr'><strong>Narrat</strong></span> <span class='ocrx_word' id='word_1_383' title='bbox 1317 3445 1378 3499; x_wconf 88' lang='lat' dir='ltr'><strong>et</strong></span> <span class='ocrx_word' id='word_1_384' title='bbox 1408 3444 1586 3501; x_wconf 81' lang='lat' dir='ltr'><strong>vitam</strong></span> <span class='ocrx_word' id='word_1_385' title='bbox 1616 3460 1661 3501; x_wconf 81' lang='lat' dir='ltr'><strong>s.</strong></span> <span class='ocrx_word' id='word_1_386' title='bbox 1722 3440 1920 3499; x_wconf 87' lang='lat' dir='ltr'><strong>tribus</strong></span> <span class='ocrx_word' id='word_1_387' title='bbox 1953 3440 2252 3515; x_wconf 90' lang='lat' dir='ltr'><strong>prioribus</strong></span> <span class='ocrx_word' id='word_1_388' title='bbox 2285 3442 2504 3499; x_wconf 88' lang='lat' dir='ltr'><strong>tractat</strong></span> <span class='ocrx_word' id='word_1_389' title='bbox 2535 3439 2606 3497; x_wconf 86' lang='lat' dir='ltr'><strong>de</strong></span> <span class='ocrx_word' id='word_1_390' title='bbox 2631 3437 3004 3513; x_wconf 89' lang='lat' dir='ltr'><strong>processione</strong></span> 
     </span>
     <span class='ocr_line' id='line_1_56' title="bbox 398 3525 3004 3612; baseline -0.001 -26"><span class='ocrx_word' id='word_1_391' title='bbox 398 3528 670 3605; x_wconf 73' lang='lat' dir='ltr'><strong>Wiqberti</strong></span> <span class='ocrx_word' id='word_1_392' title='bbox 699 3529 790 3587; x_wconf 89' lang='lat' dir='ltr'><strong>ab.</strong></span> <span class='ocrx_word' id='word_1_393' title='bbox 810 3529 1225 3589; x_wconf 88' lang='lat' dir='ltr'><strong>Fritzlarensis</strong></span> <span class='ocrx_word' id='word_1_394' title='bbox 1262 3526 1323 3612; x_wconf 91' lang='lat'><strong>(†</strong></span> <span class='ocrx_word' id='word_1_395' title='bbox 1348 3535 1498 3605; x_wconf 84' lang='grc'>747)</span> <span class='ocrx_word' id='word_1_396' title='bbox 1532 3549 1663 3590; x_wconf 89' lang='lat' dir='ltr'><strong>suc·</strong></span> <span class='ocrx_word' id='word_1_397' title='bbox 1724 3528 1985 3604; x_wconf 89' lang='lat' dir='ltr'><strong>Spiritus</strong></span> <span class='ocrx_word' id='word_1_398' title='bbox 2035 3547 2113 3600; x_wconf 92' lang='lat' dir='ltr'><strong>s.;</strong></span> <span class='ocrx_word' id='word_1_399' title='bbox 2166 3529 2229 3587; x_wconf 89' lang='lat' dir='ltr'><strong>in</strong></span> <span class='ocrx_word' id='word_1_400' title='bbox 2282 3540 2338 3591; x_wconf 90' lang='lat'><strong>4.</strong></span> <span class='ocrx_word' id='word_1_401' title='bbox 2389 3529 2461 3587; x_wconf 93' lang='lat' dir='ltr'><strong>de</strong></span> <span class='ocrx_word' id='word_1_402' title='bbox 2510 3527 2772 3604; x_wconf 87' lang='lat' dir='ltr'><strong>primatu</strong></span> <span class='ocrx_word' id='word_1_403' title='bbox 2820 3529 2882 3585; x_wconf 89' lang='lat' dir='ltr'><strong>et</strong></span> <span class='ocrx_word' id='word_1_404' title='bbox 2930 3525 3004 3584; x_wconf 88' lang='lat' dir='ltr'><strong>de</strong></span> 
     </span>
     <span class='ocr_line' id='line_1_57' title="bbox 383 3615 3003 3695; baseline -0.001 -20"><span class='ocrx_word' id='word_1_405' title='bbox 383 3617 575 3677; x_wconf 77' lang='lat' dir='ltr'><strong>cincta</strong></span> <span class='ocrx_word' id='word_1_406' title='bbox 607 3621 669 3677; x_wconf 89' lang='lat' dir='ltr'><strong>et</strong></span> <span class='ocrx_word' id='word_1_407' title='bbox 698 3617 882 3695; x_wconf 89' lang='lat' dir='ltr'><strong>polite</strong></span> <span class='ocrx_word' id='word_1_408' title='bbox 903 3637 1038 3678; x_wconf 90' lang='lat' dir='ltr'><strong>cum</strong></span> <span class='ocrx_word' id='word_1_409' title='bbox 1062 3619 1295 3679; x_wconf 88' lang='lat' dir='ltr'><strong>duabus</strong></span> <span class='ocrx_word' id='word_1_410' title='bbox 1317 3620 1580 3678; x_wconf 91' lang='lat' dir='ltr'><strong>homiliis</strong></span> <span class='ocrx_word' id='word_1_411' title='bbox 1606 3622 1667 3678; x_wconf 89' lang='lat' dir='ltr'><strong>et</strong></span> <span class='ocrx_word' id='word_1_412' title='bbox 1724 3617 2073 3693; x_wconf 79' lang='lat' dir='ltr'><strong>disciplinae</strong></span> <span class='ocrx_word' id='word_1_413' title='bbox 2104 3618 2418 3694; x_wconf 79' lang='lat' dir='ltr'><strong>capitibus.</strong></span> <span class='ocrx_word' id='word_1_414' title='bbox 2451 3617 2692 3693; x_wconf 85' lang='lat' dir='ltr'><strong>Reperit</strong></span> <span class='ocrx_word' id='word_1_415' title='bbox 2721 3616 2858 3675; x_wconf 88' lang='lat' dir='ltr'><strong>illos</strong></span> <span class='ocrx_word' id='word_1_416' title='bbox 2878 3615 3003 3674; x_wconf 89' lang='lat' dir='ltr'><strong>edi-</strong></span> 
     </span>
     <span class='ocr_line' id='line_1_58' title="bbox 386 3706 3000 3783; baseline -0 -18"><span class='ocrx_word' id='word_1_417' title='bbox 386 3707 604 3783; x_wconf 80' lang='lat' dir='ltr'><strong>hymno</strong></span> <span class='ocrx_word' id='word_1_418' title='bbox 636 3707 698 3765; x_wconf 88' lang='lat' dir='ltr'><strong>in</strong></span> <span class='ocrx_word' id='word_1_419' title='bbox 731 3708 859 3783; x_wconf 85' lang='lat' dir='ltr'><strong>ejus</strong></span> <span class='ocrx_word' id='word_1_420' title='bbox 879 3708 1289 3767; x_wconf 89' lang='lat' dir='ltr'><strong>solemnitate:</strong></span> <span class='ocrx_word' id='word_1_421' title='bbox 1324 3709 1387 3767; x_wconf 92' lang='lat' dir='ltr'><strong>in</strong></span> <span class='ocrx_word' id='word_1_422' title='bbox 1420 3712 1531 3767; x_wconf 85' lang='lat' dir='ltr'><strong>act.</strong></span> <span class='ocrx_word' id='word_1_423' title='bbox 1566 3708 1664 3771; x_wconf 88' lang='grc'><strong>88.</strong></span> <span class='ocrx_word' id='word_1_424' title='bbox 1723 3706 1933 3782; x_wconf 87' lang='lat' dir='ltr'><strong>ditque</strong></span> <span class='ocrx_word' id='word_1_425' title='bbox 1986 3706 2338 3765; x_wconf 79' lang='lat' dir='ltr'><strong>D&#39;Acheri</strong></span> <span class='ocrx_word' id='word_1_426' title='bbox 2386 3707 2584 3783; x_wconf 90' lang='lat' dir='ltr'><strong>Spicil.</strong></span> <span class='ocrx_word' id='word_1_427' title='bbox 2631 3706 2704 3775; x_wconf 90' lang='grc' dir='ltr'><strong>ΙΙ,</strong></span> <span class='ocrx_word' id='word_1_428' title='bbox 2747 3715 3000 3768; x_wconf 79' lang='grc'>1-159</span> 
     </span>
     <span class='ocr_line' id='line_1_59' title="bbox 382 3791 3003 3877; baseline -0.002 -23"><span class='ocrx_word' id='word_1_429' title='bbox 382 3797 537 3872; x_wconf 85' lang='lat' dir='ltr'><strong>Aug.</strong></span> <span class='ocrx_word' id='word_1_430' title='bbox 569 3797 672 3866; x_wconf 91' lang='lat'><strong>111,</strong></span> <span class='ocrx_word' id='word_1_431' title='bbox 715 3805 1033 3866; x_wconf 80' lang='lat'><strong>133-1373</strong></span> <span class='ocrx_word' id='word_1_432' title='bbox 1067 3797 1128 3855; x_wconf 89' lang='lat' dir='ltr'><strong>in</strong></span> <span class='ocrx_word' id='word_1_433' title='bbox 1161 3798 1315 3858; x_wconf 89' lang='lat' dir='ltr'><strong>Mon.</strong></span> <span class='ocrx_word' id='word_1_434' title='bbox 1350 3798 1417 3862; x_wconf 80' lang='lat' dir='ltr'><strong>G.</strong></span> <span class='ocrx_word' id='word_1_435' title='bbox 1450 3797 1665 3873; x_wconf 88' lang='lat' dir='ltr'><strong>Script.</strong></span> <span class='ocrx_word' id='word_1_436' title='bbox 1724 3791 1843 3877; x_wconf 86' lang='lat' dir='ltr'><strong>(ed.</strong></span> <span class='ocrx_word' id='word_1_437' title='bbox 1866 3805 1898 3857; x_wconf 89' lang='grc'><strong>2</strong></span> <span class='ocrx_word' id='word_1_438' title='bbox 1918 3795 1964 3866; x_wconf 95' lang='lat' dir='ltr'><strong>I,</strong></span> <span class='ocrx_word' id='word_1_439' title='bbox 1986 3805 2065 3859; x_wconf 90' lang='grc'><strong>63</strong></span> <span class='ocrx_word' id='word_1_440' title='bbox 2086 3792 2210 3876; x_wconf 70' lang='lat' dir='ltr'><strong>ss).</strong></span> <span class='ocrx_word' id='word_1_441' title='bbox 2245 3829 2330 3839; x_wconf 92' lang='lat'>—</span> <span class='ocrx_word' id='word_1_442' title='bbox 2362 3795 2446 3853; x_wconf 90' lang='lat' dir='ltr'><strong>De</strong></span> <span class='ocrx_word' id='word_1_443' title='bbox 2466 3813 2534 3854; x_wconf 90' lang='lat' dir='ltr'><strong>eo</strong></span> <span class='ocrx_word' id='word_1_444' title='bbox 2555 3794 2712 3870; x_wconf 90' lang='lat' dir='ltr'><strong>quod</strong></span> <span class='ocrx_word' id='word_1_445' title='bbox 2734 3794 3003 3853; x_wconf 87' lang='lat' dir='ltr'><strong>Christus</strong></span> 
     </span>
     <span class='ocr_line' id='line_1_60' title="bbox 384 3883 3003 3963; baseline 0 -21"><span class='ocrx_word' id='word_1_446' title='bbox 384 3884 504 3954; x_wconf 89' lang='lat' dir='ltr'><strong>XV,</strong></span> <span class='ocrx_word' id='word_1_447' title='bbox 530 3894 785 3948; x_wconf 82' lang='grc'>37-43</span> <span class='ocrx_word' id='word_1_448' title='bbox 809 3889 917 3944; x_wconf 88' lang='lat' dir='ltr'><strong>etc.</strong></span> <span class='ocrx_word' id='word_1_449' title='bbox 938 3919 1024 3930; x_wconf 89' lang='lat'>—</span> <span class='ocrx_word' id='word_1_450' title='bbox 1048 3886 1180 3944; x_wconf 90' lang='lat' dir='ltr'><strong>Alia</strong></span> <span class='ocrx_word' id='word_1_451' title='bbox 1200 3886 1470 3962; x_wconf 88' lang='lat' dir='ltr'><strong>ejusdem</strong></span> <span class='ocrx_word' id='word_1_452' title='bbox 1490 3905 1667 3963; x_wconf 89' lang='lat' dir='ltr'><strong>opera</strong></span> <span class='ocrx_word' id='word_1_453' title='bbox 1722 3904 1792 3943; x_wconf 83' lang='lat' dir='ltr'><strong>ex</strong></span> <span class='ocrx_word' id='word_1_454' title='bbox 1828 3884 2069 3960; x_wconf 88' lang='lat' dir='ltr'><strong>Virgine</strong></span> <span class='ocrx_word' id='word_1_455' title='bbox 2100 3889 2280 3943; x_wconf 89' lang='lat' dir='ltr'><strong>natus</strong></span> <span class='ocrx_word' id='word_1_456' title='bbox 2327 3887 2421 3943; x_wconf 87' lang='lat' dir='ltr'><strong>est</strong></span> <span class='ocrx_word' id='word_1_457' title='bbox 2451 3885 2508 3952; x_wconf 87' lang='grc'><strong>1.,</strong></span> <span class='ocrx_word' id='word_1_458' title='bbox 2557 3902 2663 3942; x_wconf 89' lang='lat' dir='ltr'><strong>seu</strong></span> <span class='ocrx_word' id='word_1_459' title='bbox 2695 3883 2933 3942; x_wconf 87' lang='lat' dir='ltr'><strong>brevius</strong></span> <span class='ocrx_word' id='word_1_460' title='bbox 2966 3883 3003 3942; x_wconf 92' lang='lat' dir='ltr'><strong>l.</strong></span> 
     </span>
     <span class='ocr_line' id='line_1_61' title="bbox 383 3972 3001 4049; baseline -0.001 -18"><span class='ocrx_word' id='word_1_461' title='bbox 383 3973 692 4049; x_wconf 89' lang='lat' dir='ltr'><strong>perierunt</strong></span> <span class='ocrx_word' id='word_1_462' title='bbox 707 3975 802 4034; x_wconf 89' lang='lat' dir='ltr'><strong>vel</strong></span> <span class='ocrx_word' id='word_1_463' title='bbox 817 3974 1007 4033; x_wconf 89' lang='lat' dir='ltr'><strong>adhuc</strong></span> <span class='ocrx_word' id='word_1_464' title='bbox 1023 3975 1088 4032; x_wconf 90' lang='lat' dir='ltr'><strong>in</strong></span> <span class='ocrx_word' id='word_1_465' title='bbox 1102 3976 1269 4034; x_wconf 89' lang='lat' dir='ltr'><strong>codd.</strong></span> <span class='ocrx_word' id='word_1_466' title='bbox 1291 3993 1432 4034; x_wconf 89' lang='lat' dir='ltr'><strong>msc.</strong></span> <span class='ocrx_word' id='word_1_467' title='bbox 1455 3976 1663 4035; x_wconf 87' lang='lat' dir='ltr'><strong>latent.</strong></span> <span class='ocrx_word' id='word_1_468' title='bbox 1721 3975 1791 4032; x_wconf 83' lang='lat' dir='ltr'><strong>de</strong></span> <span class='ocrx_word' id='word_1_469' title='bbox 1821 3975 2115 4032; x_wconf 72' lang='lat' dir='ltr'><strong>nativitate</strong></span> <span class='ocrx_word' id='word_1_470' title='bbox 2151 3973 2385 4032; x_wconf 81' lang='lat' dir='ltr'><strong>Christi.</strong></span> <span class='ocrx_word' id='word_1_471' title='bbox 2447 3973 2667 4031; x_wconf 86' lang='lat' dir='ltr'><strong>Fuerat</strong></span> <span class='ocrx_word' id='word_1_472' title='bbox 2709 3975 2855 4030; x_wconf 89' lang='lat' dir='ltr'><strong>tunc</strong></span> <span class='ocrx_word' id='word_1_473' title='bbox 2894 3972 3001 4029; x_wconf 88' lang='lat' dir='ltr'><strong>ali·</strong></span> 
     </span>
     <span class='ocr_line' id='line_1_62' title="bbox 384 4060 3002 4140; baseline 0 -22"><span class='ocrx_word' id='word_1_474' title='bbox 384 4062 549 4121; x_wconf 89' lang='lat' dir='ltr'><strong>Inter</strong></span> <span class='ocrx_word' id='word_1_475' title='bbox 581 4082 734 4137; x_wconf 89' lang='lat' dir='ltr'><strong>quae</strong></span> <span class='ocrx_word' id='word_1_476' title='bbox 764 4063 965 4123; x_wconf 91' lang='lat' dir='ltr'><strong>brevis</strong></span> <span class='ocrx_word' id='word_1_477' title='bbox 997 4064 1428 4140; x_wconf 87' lang='lat' dir='ltr'><strong>imperatorum</strong></span> <span class='ocrx_word' id='word_1_478' title='bbox 1472 4082 1665 4123; x_wconf 91' lang='lat' dir='ltr'><strong>roma-</strong></span> <span class='ocrx_word' id='word_1_479' title='bbox 1724 4082 1843 4138; x_wconf 92' lang='lat' dir='ltr'><strong>qua</strong></span> <span class='ocrx_word' id='word_1_480' title='bbox 1875 4063 2291 4133; x_wconf 89' lang='lat' dir='ltr'><strong>controversia,</strong></span> <span class='ocrx_word' id='word_1_481' title='bbox 2339 4062 2411 4119; x_wconf 91' lang='lat' dir='ltr'><strong>de</strong></span> <span class='ocrx_word' id='word_1_482' title='bbox 2457 4060 2627 4119; x_wconf 85' lang='lat' dir='ltr'><strong>modo</strong></span> <span class='ocrx_word' id='word_1_483' title='bbox 2675 4079 2793 4134; x_wconf 93' lang='lat' dir='ltr'><strong>quo</strong></span> <span class='ocrx_word' id='word_1_484' title='bbox 2825 4063 3002 4118; x_wconf 87' lang='lat' dir='ltr'><strong>natus</strong></span> 
     </span>
     <span class='ocr_line' id='line_1_63' title="bbox 383 4149 3001 4230; baseline -0.001 -21"><span class='ocrx_word' id='word_1_485' title='bbox 383 4169 601 4210; x_wconf 91' lang='lat' dir='ltr'><strong>norum</strong></span> <span class='ocrx_word' id='word_1_486' title='bbox 632 4152 900 4222; x_wconf 88' lang='lat' dir='ltr'><strong>historia,</strong></span> <span class='ocrx_word' id='word_1_487' title='bbox 934 4171 1069 4211; x_wconf 88' lang='lat' dir='ltr'><strong>nam</strong></span> <span class='ocrx_word' id='word_1_488' title='bbox 1103 4152 1191 4212; x_wconf 89' lang='lat' dir='ltr'><strong>ita</strong></span> <span class='ocrx_word' id='word_1_489' title='bbox 1221 4153 1433 4212; x_wconf 87' lang='lat' dir='ltr'><strong>scribit</strong></span> <span class='ocrx_word' id='word_1_490' title='bbox 1463 4172 1553 4230; x_wconf 89' lang='lat' dir='ltr'><strong>ep.</strong></span> <span class='ocrx_word' id='word_1_491' title='bbox 1583 4164 1660 4216; x_wconf 85' lang='grc'><strong>76</strong></span> <span class='ocrx_word' id='word_1_492' title='bbox 1722 4154 1816 4210; x_wconf 86' lang='lat' dir='ltr'><strong>est</strong></span> <span class='ocrx_word' id='word_1_493' title='bbox 1848 4150 2137 4213; x_wconf 61' lang='lat' dir='ltr'><strong>Christus</strong></span> <span class='ocrx_word' id='word_1_494' title='bbox 2198 4151 2376 4209; x_wconf 84' lang='lat' dir='ltr'><strong>Fama</strong></span> <span class='ocrx_word' id='word_1_495' title='bbox 2420 4149 2581 4208; x_wconf 89' lang='lat' dir='ltr'><strong>enim</strong></span> <span class='ocrx_word' id='word_1_496' title='bbox 2627 4152 2774 4220; x_wconf 89' lang='lat' dir='ltr'><strong>erat,</strong></span> <span class='ocrx_word' id='word_1_497' title='bbox 2822 4167 3001 4224; x_wconf 89' lang='lat' dir='ltr'><strong>quos·</strong></span> 
     </span>
     <span class='ocr_line' id='line_1_64' title="bbox 384 4240 1665 4318; baseline 0.002 -20"><span class='ocrx_word' id='word_1_498' title='bbox 384 4240 456 4298; x_wconf 88' lang='lat' dir='ltr'><strong>ad</strong></span> <span class='ocrx_word' id='word_1_499' title='bbox 508 4241 780 4300; x_wconf 90' lang='lat' dir='ltr'><strong>Carolum</strong></span> <span class='ocrx_word' id='word_1_500' title='bbox 835 4242 1108 4301; x_wconf 87' lang='lat' dir='ltr'><strong>Calvum:</strong></span> <span class='ocrx_word' id='word_1_501' title='bbox 1188 4244 1665 4318; x_wconf 84' lang='lat' dir='ltr'><strong>,Imperatorum</strong></span> 
     </span>
     <span class='ocr_line' id='line_1_65' title="bbox 384 4331 3001 4429; baseline 0 -40"><span class='ocrx_word' id='word_1_502' title='bbox 384 4333 556 4407; x_wconf 85' lang='lat' dir='ltr'><strong>gesta</strong></span> <span class='ocrx_word' id='word_1_503' title='bbox 582 4331 932 4390; x_wconf 90' lang='lat' dir='ltr'><strong>brevissime</strong></span> <span class='ocrx_word' id='word_1_504' title='bbox 966 4332 1388 4406; x_wconf 89' lang='lat' dir='ltr'><strong>comprehensa</strong></span> <span class='ocrx_word' id='word_1_505' title='bbox 1437 4333 1665 4391; x_wconf 88' lang='lat' dir='ltr'><strong>vestrae</strong></span> <span class='ocrx_word' id='word_1_506' title='bbox 1801 4361 1836 4429; x_wconf 75' lang='grc' dir='ltr'><strong>ι)</strong></span> <span class='ocrx_word' id='word_1_507' title='bbox 1865 4355 1947 4411; x_wconf 48' lang='lat' dir='ltr'><strong>cf·</strong></span> <span class='ocrx_word' id='word_1_508' title='bbox 1977 4355 2122 4410; x_wconf 50' lang='grc' dir='ltr'><strong>ΗΜ,</strong></span> <span class='ocrx_word' id='word_1_509' title='bbox 2163 4355 2248 4411; x_wconf 48' lang='lat'><strong>152·</strong></span> <span class='ocrx_word' id='word_1_510' title='bbox 2278 4354 2345 4419; x_wconf 64' lang='lat' dir='ltr'><strong>V⁹</strong></span> <span class='ocrx_word' id='word_1_511' title='bbox 2373 4360 2686 4412; x_wconf 82' lang='lat'>255—272;</span> <span class='ocrx_word' id='word_1_512' title='bbox 2739 4354 2788 4405; x_wconf 78' lang='grc' dir='ltr'><strong>Η</strong></span> <span class='ocrx_word' id='word_1_513' title='bbox 2808 4353 3001 4408; x_wconf 65' lang='lat' dir='ltr'><strong>efele</strong></span> 
     </span>
     <span class='ocr_line' id='line_1_66' title="bbox 384 4419 3004 4498; baseline 0.002 -22"><span class='ocrx_word' id='word_1_514' title='bbox 384 4419 685 4495; x_wconf 85' lang='lat' dir='ltr'><strong>majestati</strong></span> <span class='ocrx_word' id='word_1_515' title='bbox 717 4420 1014 4479; x_wconf 84' lang='lat' dir='ltr'><strong>offerenda</strong></span> <span class='ocrx_word' id='word_1_516' title='bbox 1045 4420 1263 4490; x_wconf 90' lang='lat' dir='ltr'><strong>curavi,</strong></span> <span class='ocrx_word' id='word_1_517' title='bbox 1298 4423 1369 4479; x_wconf 94' lang='lat' dir='ltr'><strong>ut</strong></span> <span class='ocrx_word' id='word_1_518' title='bbox 1400 4419 1569 4478; x_wconf 86' lang='lat' dir='ltr'><strong>facile</strong></span> <span class='ocrx_word' id='word_1_519' title='bbox 1601 4421 1666 4478; x_wconf 90' lang='lat' dir='ltr'><strong>in</strong></span> <span class='ocrx_word' id='word_1_520' title='bbox 1720 4428 1799 4482; x_wconf 88' lang='lat' dir='ltr'><strong>IV</strong></span> <span class='ocrx_word' id='word_1_521' title='bbox 1844 4429 2031 4494; x_wconf 74' lang='lat'>§447;</span> <span class='ocrx_word' id='word_1_522' title='bbox 2082 4427 2118 4480; x_wconf 92' lang='lat' dir='ltr'>Z</span> <span class='ocrx_word' id='word_1_523' title='bbox 2138 4427 2588 4498; x_wconf 82' lang='lat' dir='ltr'><strong>iegelbauer</strong></span> <span class='ocrx_word' id='word_1_524' title='bbox 2634 4425 2782 4481; x_wconf 70' lang='lat' dir='ltr'><strong>Hist.</strong></span> <span class='ocrx_word' id='word_1_525' title='bbox 2807 4425 2891 4479; x_wconf 88' lang='lat' dir='ltr'><strong>rei</strong></span> <span class='ocrx_word' id='word_1_526' title='bbox 2914 4424 3004 4480; x_wconf 88' lang='lat' dir='ltr'><strong>lit.</strong></span> 
     </span>
     <span class='ocr_line' id='line_1_67' title="bbox 384 4494 3001 4585; baseline 0 -20"><span class='ocrx_word' id='word_1_527' title='bbox 384 4507 478 4566; x_wconf 89' lang='lat' dir='ltr'><strong>his</strong></span> <span class='ocrx_word' id='word_1_528' title='bbox 511 4508 865 4584; x_wconf 88' lang='lat' dir='ltr'><strong>inspiciatis,</strong></span> <span class='ocrx_word' id='word_1_529' title='bbox 901 4527 1051 4585; x_wconf 89' lang='lat' dir='ltr'><strong>quae</strong></span> <span class='ocrx_word' id='word_1_530' title='bbox 1070 4508 1240 4568; x_wconf 90' lang='lat' dir='ltr'><strong>vobis</strong></span> <span class='ocrx_word' id='word_1_531' title='bbox 1258 4510 1351 4568; x_wconf 83' lang='lat' dir='ltr'><strong>vel</strong></span> <span class='ocrx_word' id='word_1_532' title='bbox 1377 4508 1666 4567; x_wconf 86' lang='lat' dir='ltr'><strong>imitanda</strong></span> <span class='ocrx_word' id='word_1_533' title='bbox 1720 4501 1784 4555; x_wconf 85' lang='grc' dir='ltr'><strong>Ο·</strong></span> <span class='ocrx_word' id='word_1_534' title='bbox 1813 4499 1864 4553; x_wconf 79' lang='lat' dir='ltr'><strong>S·</strong></span> <span class='ocrx_word' id='word_1_535' title='bbox 1893 4500 1955 4555; x_wconf 83' lang='lat' dir='ltr'><strong>B·</strong></span> <span class='ocrx_word' id='word_1_536' title='bbox 1985 4501 2061 4553; x_wconf 81' lang='grc' dir='ltr'><strong>ΠΙ</strong></span> <span class='ocrx_word' id='word_1_537' title='bbox 2102 4508 2129 4566; x_wconf 70' lang='lat'><strong>5</strong></span> <span class='ocrx_word' id='word_1_538' title='bbox 2159 4505 2254 4557; x_wconf 77' lang='grc' dir='ltr'><strong>1οῑ</strong></span> <span class='ocrx_word' id='word_1_539' title='bbox 2306 4497 2444 4551; x_wconf 67' lang='lat' dir='ltr'><strong>Bra</strong></span> <span class='ocrx_word' id='word_1_540' title='bbox 2464 4515 2498 4550; x_wconf 77' lang='lat'><strong>¹¹</strong></span> <span class='ocrx_word' id='word_1_541' title='bbox 2517 4515 2554 4549; x_wconf 74' lang='grc' dir='ltr'><strong>Π</strong></span> <span class='ocrx_word' id='word_1_542' title='bbox 2573 4496 2846 4551; x_wconf 69' lang='lat' dir='ltr'><strong>mflller</strong></span> <span class='ocrx_word' id='word_1_543' title='bbox 2890 4494 3001 4549; x_wconf 66' lang='grc' dir='ltr'><strong>ΚΒ·</strong></span> 
     </span>
    </p>
   </div>
   <div class='ocr_carea' id='block_1_14' title="bbox 386 4567 3002 4710">
    <p class='ocr_par' dir='ltr' id='par_1_14' title="bbox 386 4567 3002 4710">
     <span class='ocr_line' id='line_1_68' title="bbox 386 4567 3002 4710; baseline -0.007 -55"><span class='ocrx_word' id='word_1_544' title='bbox 386 4597 508 4656; x_wconf 89' lang='lat' dir='ltr'><strong>sint</strong></span> <span class='ocrx_word' id='word_1_545' title='bbox 553 4598 649 4656; x_wconf 90' lang='lat' dir='ltr'><strong>vel</strong></span> <span class='ocrx_word' id='word_1_546' title='bbox 694 4597 1014 4658; x_wconf 76' lang='lat' dir='ltr'><strong>cavenda.‘</strong></span> <span class='ocrx_word' id='word_1_547' title='bbox 1070 4597 1334 4674; x_wconf 83' lang='lat' dir='ltr'><strong>Scriptor</strong></span> <span class='ocrx_word' id='word_1_548' title='bbox 1381 4597 1667 4656; x_wconf 84' lang='lat' dir='ltr'><strong>utebatur</strong></span> <span class='ocrx_word' id='word_1_549' title='bbox 1720 4570 2476 4710; x_wconf 47' lang='grc' dir='ltr'><strong>ἕὲἑῙΆξᾶῙΒ-Ξῖῗῗᾙῖξὲθθ</strong></span> <span class='ocrx_word' id='word_1_550' title='bbox 2494 4571 2609 4694; x_wconf 52' lang='grc' dir='ltr'><strong>ξὲἓ</strong></span> <span class='ocrx_word' id='word_1_551' title='bbox 2639 4567 2757 4702; x_wconf 50' lang='grc' dir='ltr'><strong>ἓξῡ</strong></span> <span class='ocrx_word' id='word_1_552' title='bbox 2801 4567 3002 4638; x_wconf 57' lang='lat' dir='ltr'><strong>saphi&amp;</strong></span> 
     </span>
    </p>
   </div>
   <div class='ocr_carea' id='block_1_15' title="bbox 386 4686 2693 4856">
    <p class='ocr_par' dir='ltr' id='par_1_15' title="bbox 386 4686 2693 4856">
     <span class='ocr_line' id='line_1_69' title="bbox 386 4686 2693 4783; baseline 0.001 -38"><span class='ocrx_word' id='word_1_553' title='bbox 386 4686 527 4746; x_wconf 90' lang='lat' dir='ltr'><strong>stilo</strong></span> <span class='ocrx_word' id='word_1_554' title='bbox 589 4705 728 4762; x_wconf 87' lang='lat' dir='ltr'><strong>prae</strong></span> <span class='ocrx_word' id='word_1_555' title='bbox 793 4687 1003 4746; x_wconf 85' lang='lat' dir='ltr'><strong>ceteris</strong></span> <span class='ocrx_word' id='word_1_556' title='bbox 1072 4704 1214 4746; x_wconf 88' lang='lat' dir='ltr'><strong>suae</strong></span> <span class='ocrx_word' id='word_1_557' title='bbox 1260 4687 1476 4746; x_wconf 88' lang='lat' dir='ltr'><strong>aetatis</strong></span> <span class='ocrx_word' id='word_1_558' title='bbox 1525 4704 1662 4745; x_wconf 90' lang='lat' dir='ltr'><strong>auc·</strong></span> <span class='ocrx_word' id='word_1_559' title='bbox 1722 4715 1870 4783; x_wconf 64' lang='lat' dir='ltr'><strong>burg</strong></span> <span class='ocrx_word' id='word_1_560' title='bbox 1904 4721 2065 4773; x_wconf 77' lang='lat'>1880:</span> <span class='ocrx_word' id='word_1_561' title='bbox 2095 4712 2323 4767; x_wconf 58' lang='lat' dir='ltr'><strong>fibert</strong></span> <span class='ocrx_word' id='word_1_562' title='bbox 2349 4711 2480 4764; x_wconf 89' lang='lat'><strong>11.1.</strong></span> <span class='ocrx_word' id='word_1_563' title='bbox 2510 4721 2540 4767; x_wconf 88' lang='lat'>5</span> <span class='ocrx_word' id='word_1_564' title='bbox 2569 4728 2614 4765; x_wconf 60' lang='grc' dir='ltr'><strong>ο,</strong></span> <span class='ocrx_word' id='word_1_565' title='bbox 2643 4713 2693 4767; x_wconf 51' lang='lat'><strong>7,</strong></span> 
     </span>
     <span class='ocr_line' id='line_1_70' title="bbox 386 4775 2551 4856; baseline 0.001 -24"><span class='ocrx_word' id='word_1_566' title='bbox 386 4775 619 4834; x_wconf 82' lang='lat' dir='ltr'><strong>toribus</strong></span> <span class='ocrx_word' id='word_1_567' title='bbox 650 4776 840 4853; x_wconf 88' lang='lat' dir='ltr'><strong>magis</strong></span> <span class='ocrx_word' id='word_1_568' title='bbox 872 4777 1076 4852; x_wconf 91' lang='lat' dir='ltr'><strong>polito.</strong></span> <span class='ocrx_word' id='word_1_569' title='bbox 1141 4776 1331 4852; x_wconf 91' lang='lat' dir='ltr'><strong>Opera</strong></span> <span class='ocrx_word' id='word_1_570' title='bbox 1379 4777 1509 4852; x_wconf 92' lang='lat' dir='ltr'><strong>ejus</strong></span> <span class='ocrx_word' id='word_1_571' title='bbox 1544 4776 1663 4834; x_wconf 88' lang='lat' dir='ltr'><strong>col·</strong></span> <span class='ocrx_word' id='word_1_572' title='bbox 1794 4788 1836 4856; x_wconf 75' lang='lat'><strong>2)</strong></span> <span class='ocrx_word' id='word_1_573' title='bbox 1865 4783 1948 4839; x_wconf 85' lang='lat' dir='ltr'><strong>Cf.</strong></span> <span class='ocrx_word' id='word_1_574' title='bbox 1980 4784 2125 4838; x_wconf 83' lang='lat' dir='ltr'><strong>Hef</strong></span> <span class='ocrx_word' id='word_1_575' title='bbox 2134 4784 2244 4838; x_wconf 86' lang='lat' dir='ltr'><strong>ele</strong></span> <span class='ocrx_word' id='word_1_576' title='bbox 2273 4782 2348 4836; x_wconf 91' lang='lat' dir='ltr'><strong>IV</strong></span> <span class='ocrx_word' id='word_1_577' title='bbox 2376 4793 2402 4849; x_wconf 68' lang='grc' dir='ltr'><strong>ς</strong></span> <span class='ocrx_word' id='word_1_578' title='bbox 2429 4787 2551 4840; x_wconf 80' lang='grc'><strong>447.</strong></span> 
     </span>
    </p>
   </div>
   <div class='ocr_carea' id='block_1_16' title="bbox 1719 4289 2041 4300">
    <p class='ocr_par' dir='ltr' id='par_1_16' title="bbox 1719 4289 2041 4300">
     <span class='ocr_line' id='line_1_71' title="bbox 1719 4289 2041 4300; baseline 0 0"><span class='ocrx_word' id='word_1_579' title='bbox 1719 4289 2041 4300; x_wconf 95' lang='lat' dir='ltr'><strong> </strong></span> 
     </span>
    </p>
   </div>
   <div class='ocr_carea' id='block_1_17' title="bbox 2811 4655 3002 4709">
    <p class='ocr_par' dir='ltr' id='par_1_17' title="bbox 2811 4655 3002 4709">
     <span class='ocr_line' id='line_1_72' title="bbox 2811 4655 3002 4709; baseline -0.005 -17"><span class='ocrx_word' id='word_1_580' title='bbox 2811 4655 3002 4709; x_wconf 85' lang='lat' dir='ltr'><strong>egens·</strong></span> 
     </span>
    </p>
   </div>
  </div>
 </body>
</html>
