<?xml version="1.0" encoding="UTF-8"?>
<!DOCTYPE html PUBLIC "-//W3C//DTD XHTML 1.0 Transitional//EN"
    "http://www.w3.org/TR/xhtml1/DTD/xhtml1-transitional.dtd">
<html xmlns="http://www.w3.org/1999/xhtml" xml:lang="en" lang="en">
 <head>
  <title>
</title>
<meta http-equiv="Content-Type" content="text/html;charset=utf-8" />
  <meta name='ocr-system' content='tesseract 3.04.00' />
  <meta name='ocr-capabilities' content='ocr_page ocr_carea ocr_par ocr_line ocrx_word'/>
</head>
<body>
  <div class='ocr_page' id='page_1' title='image "./nomenclatorlite09hurtgoog_0149.png"; bbox 0 0 3505 5161; ppageno 0'>
   <div class='ocr_carea' id='block_1_1' title="bbox 1234 210 2124 280">
    <p class='ocr_par' dir='ltr' id='par_1_1' title="bbox 1234 210 2124 280">
     <span class='ocr_line' id='line_1_1' title="bbox 1234 210 2124 280; baseline 0 -13"><span class='ocrx_word' id='word_1_1' title='bbox 1234 213 1287 267; x_wconf 88' lang='lat' dir='ltr'><strong>S.</strong></span> <span class='ocrx_word' id='word_1_2' title='bbox 1313 210 1650 280; x_wconf 78' lang='lat' dir='ltr'>Hieronymi</span> <span class='ocrx_word' id='word_1_3' title='bbox 1676 210 1869 265; x_wconf 85' lang='lat' dir='ltr'><strong>studia</strong></span> <span class='ocrx_word' id='word_1_4' title='bbox 1896 212 2124 267; x_wconf 83' lang='lat' dir='ltr'><strong>biblica.</strong></span> 
     </span>
    </p>
   </div>
   <div class='ocr_carea' id='block_1_2' title="bbox 371 229 2983 285">
    <p class='ocr_par' dir='ltr' id='par_1_2' title="bbox 371 229 2983 285">
     <span class='ocr_line' id='line_1_2' title="bbox 371 229 2983 285; baseline 0.001 -3"><span class='ocrx_word' id='word_1_5' title='bbox 371 229 493 283; x_wconf 74' lang='lat'><strong>257</strong></span> <span class='ocrx_word' id='word_1_6' title='bbox 2862 230 2983 285; x_wconf 85' lang='lat'><strong>258</strong></span> 
     </span>
    </p>
   </div>
   <div class='ocr_carea' id='block_1_3' title="bbox 367 393 2989 1277">
    <p class='ocr_par' dir='ltr' id='par_1_3' title="bbox 367 393 2989 1277">
     <span class='ocr_line' id='line_1_3' title="bbox 367 393 2984 478; baseline 0 -21"><span class='ocrx_word' id='word_1_7' title='bbox 367 400 520 474; x_wconf 83' lang='lat' dir='ltr'><strong>quot</strong></span> <span class='ocrx_word' id='word_1_8' title='bbox 548 397 819 473; x_wconf 84' lang='lat' dir='ltr'><strong>ejusdem</strong></span> <span class='ocrx_word' id='word_1_9' title='bbox 853 396 1074 473; x_wconf 82' lang='lat' dir='ltr'><strong>script-a</strong></span> <span class='ocrx_word' id='word_1_10' title='bbox 1103 397 1289 457; x_wconf 87' lang='lat' dir='ltr'><strong>latine</strong></span> <span class='ocrx_word' id='word_1_11' title='bbox 1308 400 1570 457; x_wconf 84' lang='lat' dir='ltr'><strong>verterat</strong></span> <span class='ocrx_word' id='word_1_12' title='bbox 1585 393 1649 478; x_wconf 84' lang='lat'><strong>¹),</strong></span> <span class='ocrx_word' id='word_1_13' title='bbox 1704 398 1966 457; x_wconf 79' lang='lat' dir='ltr'><strong>Ecclesia</strong></span> <span class='ocrx_word' id='word_1_14' title='bbox 1998 398 2343 457; x_wconf 89' lang='lat' dir='ltr'><strong>occidentali</strong></span> <span class='ocrx_word' id='word_1_15' title='bbox 2377 398 2441 456; x_wconf 91' lang='lat' dir='ltr'><strong>in</strong></span> <span class='ocrx_word' id='word_1_16' title='bbox 2488 418 2606 458; x_wconf 87' lang='lat' dir='ltr'><strong>usu</strong></span> <span class='ocrx_word' id='word_1_17' title='bbox 2641 404 2736 458; x_wconf 91' lang='lat' dir='ltr'><strong>est</strong></span> <span class='ocrx_word' id='word_1_18' title='bbox 2791 399 2984 458; x_wconf 80' lang='lat' dir='ltr'><strong>Versio</strong></span> 
     </span>
     <span class='ocr_line' id='line_1_4' title="bbox 370 483 2988 569; baseline 0 -23"><span class='ocrx_word' id='word_1_19' title='bbox 370 488 473 546; x_wconf 90' lang='lat' dir='ltr'><strong>sed</strong></span> <span class='ocrx_word' id='word_1_20' title='bbox 532 486 853 563; x_wconf 89' lang='lat' dir='ltr'><strong>Epiphanii</strong></span> <span class='ocrx_word' id='word_1_21' title='bbox 916 487 1271 546; x_wconf 86' lang='lat' dir='ltr'><strong>auctoritate</strong></span> <span class='ocrx_word' id='word_1_22' title='bbox 1346 490 1649 564; x_wconf 91' lang='lat' dir='ltr'><strong>permotus</strong></span> <span class='ocrx_word' id='word_1_23' title='bbox 1722 487 1983 565; x_wconf 75' lang='lat' dir='ltr'><strong>Vulyata‚</strong></span> <span class='ocrx_word' id='word_1_24' title='bbox 2019 487 2104 546; x_wconf 89' lang='lat' dir='ltr'><strong>ita</strong></span> <span class='ocrx_word' id='word_1_25' title='bbox 2134 488 2428 563; x_wconf 84' lang='lat' dir='ltr'><strong>appellata</strong></span> <span class='ocrx_word' id='word_1_26' title='bbox 2454 483 2515 569; x_wconf 89' lang='lat' dir='ltr'><strong>(a</strong></span> <span class='ocrx_word' id='word_1_27' title='bbox 2535 506 2647 547; x_wconf 88' lang='lat' dir='ltr'><strong>sec.</strong></span> <span class='ocrx_word' id='word_1_28' title='bbox 2667 483 2822 569; x_wconf 87' lang='lat' dir='ltr'>XII.)</span> <span class='ocrx_word' id='word_1_29' title='bbox 2845 490 2988 564; x_wconf 88' lang='lat' dir='ltr'><strong>quia</strong></span> 
     </span>
     <span class='ocr_line' id='line_1_5' title="bbox 371 576 2986 653; baseline 0 -18"><span class='ocrx_word' id='word_1_30' title='bbox 371 595 526 646; x_wconf 86' lang='lat' dir='ltr'><strong>eum,</strong></span> <span class='ocrx_word' id='word_1_31' title='bbox 560 576 912 635; x_wconf 84' lang='lat' dir='ltr'><strong>nominatim</strong></span> <span class='ocrx_word' id='word_1_32' title='bbox 943 576 1073 651; x_wconf 89' lang='lat' dir='ltr'><strong>ejus</strong></span> <span class='ocrx_word' id='word_1_33' title='bbox 1091 577 1305 635; x_wconf 88' lang='lat' dir='ltr'><strong>asselas</strong></span> <span class='ocrx_word' id='word_1_34' title='bbox 1324 576 1650 636; x_wconf 87' lang='lat' dir='ltr'><strong>insectatus</strong></span> <span class='ocrx_word' id='word_1_35' title='bbox 1705 576 1999 653; x_wconf 80' lang='lat' dir='ltr'><strong>gradatim</strong></span> <span class='ocrx_word' id='word_1_36' title='bbox 2032 597 2065 635; x_wconf 86' lang='lat' dir='ltr'><strong>a</strong></span> <span class='ocrx_word' id='word_1_37' title='bbox 2099 595 2210 635; x_wconf 92' lang='lat' dir='ltr'><strong>sec.</strong></span> <span class='ocrx_word' id='word_1_38' title='bbox 2245 577 2308 634; x_wconf 90' lang='lat' dir='ltr'><strong>V.</strong></span> <span class='ocrx_word' id='word_1_39' title='bbox 2348 596 2452 653; x_wconf 90' lang='lat' dir='ltr'><strong>per</strong></span> <span class='ocrx_word' id='word_1_40' title='bbox 2485 577 2860 637; x_wconf 73' lang='lat' dir='ltr'><strong>Occidentem</strong></span> <span class='ocrx_word' id='word_1_41' title='bbox 2893 579 2986 635; x_wconf 90' lang='lat' dir='ltr'><strong>in-</strong></span> 
     </span>
     <span class='ocr_line' id='line_1_6' title="bbox 372 664 2987 743; baseline 0 -19"><span class='ocrx_word' id='word_1_42' title='bbox 372 669 480 735; x_wconf 88' lang='lat' dir='ltr'><strong>est,</strong></span> <span class='ocrx_word' id='word_1_43' title='bbox 514 683 809 740; x_wconf 86' lang='lat' dir='ltr'><strong>suumque</strong></span> <span class='ocrx_word' id='word_1_44' title='bbox 839 665 903 723; x_wconf 91' lang='lat' dir='ltr'><strong>in</strong></span> <span class='ocrx_word' id='word_1_45' title='bbox 924 664 1239 743; x_wconf 87' lang='lat' dir='ltr'><strong>Origenem</strong></span> <span class='ocrx_word' id='word_1_46' title='bbox 1266 666 1536 725; x_wconf 92' lang='lat' dir='ltr'><strong>studium</strong></span> <span class='ocrx_word' id='word_1_47' title='bbox 1569 667 1653 724; x_wconf 81' lang='lat' dir='ltr'><strong>ita</strong></span> <span class='ocrx_word' id='word_1_48' title='bbox 1706 665 1899 724; x_wconf 86' lang='lat' dir='ltr'><strong>valuit</strong></span> <span class='ocrx_word' id='word_1_49' title='bbox 1930 668 1991 725; x_wconf 91' lang='lat' dir='ltr'><strong>et</strong></span> <span class='ocrx_word' id='word_1_50' title='bbox 2023 665 2239 725; x_wconf 86' lang='lat' dir='ltr'><strong>diffusa</strong></span> <span class='ocrx_word' id='word_1_51' title='bbox 2270 671 2376 730; x_wconf 80' lang='lat' dir='ltr'><strong>est.</strong></span> <span class='ocrx_word' id='word_1_52' title='bbox 2437 666 2522 724; x_wconf 92' lang='lat' dir='ltr'><strong>Ea</strong></span> <span class='ocrx_word' id='word_1_53' title='bbox 2571 667 2987 743; x_wconf 81' lang='lat' dir='ltr'><strong>complectitur</strong></span> 
     </span>
     <span class='ocr_line' id='line_1_7' title="bbox 371 754 2986 831; baseline 0 -18"><span class='ocrx_word' id='word_1_54' title='bbox 371 754 541 830; x_wconf 85' lang='lat' dir='ltr'><strong>quasi</strong></span> <span class='ocrx_word' id='word_1_55' title='bbox 575 772 858 813; x_wconf 81' lang='lat' dir='ltr'><strong>excusans</strong></span> <span class='ocrx_word' id='word_1_56' title='bbox 891 773 980 830; x_wconf 90' lang='lat' dir='ltr'><strong>ep.</strong></span> <span class='ocrx_word' id='word_1_57' title='bbox 1015 763 1096 819; x_wconf 84' lang='lat'><strong>84</strong></span> <span class='ocrx_word' id='word_1_58' title='bbox 1130 774 1188 814; x_wconf 91' lang='lat' dir='ltr'><strong>n.</strong></span> <span class='ocrx_word' id='word_1_59' title='bbox 1225 764 1292 816; x_wconf 84' lang='lat'><strong>2:</strong></span> <span class='ocrx_word' id='word_1_60' title='bbox 1347 755 1651 825; x_wconf 86' lang='lat' dir='ltr'><strong>,Laudavi</strong></span> <span class='ocrx_word' id='word_1_61' title='bbox 1707 773 1990 813; x_wconf 89' lang='lat' dir='ltr'><strong>canonem</strong></span> <span class='ocrx_word' id='word_1_62' title='bbox 2011 754 2314 813; x_wconf 79' lang='lat' dir='ltr'><strong>hebraicae</strong></span> <span class='ocrx_word' id='word_1_63' title='bbox 2345 756 2631 828; x_wconf 80' lang='lat' dir='ltr'><strong>veritatiS,</strong></span> <span class='ocrx_word' id='word_1_64' title='bbox 2663 757 2845 831; x_wconf 86' lang='lat' dir='ltr'><strong>prout</strong></span> <span class='ocrx_word' id='word_1_65' title='bbox 2876 776 2909 813; x_wconf 93' lang='lat' dir='ltr'><strong>a</strong></span> <span class='ocrx_word' id='word_1_66' title='bbox 2940 773 2986 813; x_wconf 90' lang='lat' dir='ltr'><strong>s.</strong></span> 
     </span>
     <span class='ocr_line' id='line_1_8' title="bbox 371 844 2987 921; baseline 0 -20"><span class='ocrx_word' id='word_1_67' title='bbox 371 844 777 919; x_wconf 82' lang='lat' dir='ltr'><strong>interpretem,</strong></span> <span class='ocrx_word' id='word_1_68' title='bbox 810 844 1026 918; x_wconf 84' lang='lat' dir='ltr'><strong>inquit,</strong></span> <span class='ocrx_word' id='word_1_69' title='bbox 1060 862 1180 902; x_wconf 91' lang='lat' dir='ltr'><strong>non</strong></span> <span class='ocrx_word' id='word_1_70' title='bbox 1231 844 1649 921; x_wconf 77' lang='lat' dir='ltr'><strong>dogmatisten,</strong></span> <span class='ocrx_word' id='word_1_71' title='bbox 1707 844 2065 920; x_wconf 85' lang='lat' dir='ltr'><strong>Hieronymo</strong></span> <span class='ocrx_word' id='word_1_72' title='bbox 2088 845 2413 903; x_wconf 79' lang='lat' dir='ltr'><strong>translatus</strong></span> <span class='ocrx_word' id='word_1_73' title='bbox 2443 848 2537 903; x_wconf 92' lang='lat' dir='ltr'><strong>est</strong></span> <span class='ocrx_word' id='word_1_74' title='bbox 2556 847 2680 904; x_wconf 91' lang='lat' dir='ltr'><strong>solo</strong></span> <span class='ocrx_word' id='word_1_75' title='bbox 2700 845 2987 903; x_wconf 86' lang='lat' dir='ltr'><strong>Psalterio</strong></span> 
     </span>
     <span class='ocr_line' id='line_1_9' title="bbox 371 932 2986 1010; baseline 0 -20"><span class='ocrx_word' id='word_1_76' title='bbox 371 933 841 1010; x_wconf 88' lang='lat' dir='ltr'><strong>ingenium‚non</strong></span> <span class='ocrx_word' id='word_1_77' title='bbox 862 932 1054 1004; x_wconf 88' lang='lat' dir='ltr'><strong>fidem,</strong></span> <span class='ocrx_word' id='word_1_78' title='bbox 1072 933 1509 1010; x_wconf 91' lang='lat' dir='ltr'><strong>philosophum,</strong></span> <span class='ocrx_word' id='word_1_79' title='bbox 1532 952 1652 993; x_wconf 90' lang='lat' dir='ltr'><strong>non</strong></span> <span class='ocrx_word' id='word_1_80' title='bbox 1706 936 1966 1009; x_wconf 80' lang='lat' dir='ltr'><strong>excepte,</strong></span> <span class='ocrx_word' id='word_1_81' title='bbox 2006 952 2113 1008; x_wconf 88' lang='lat' dir='ltr'><strong>pro</strong></span> <span class='ocrx_word' id='word_1_82' title='bbox 2146 952 2265 1008; x_wconf 88' lang='lat' dir='ltr'><strong>quo</strong></span> <span class='ocrx_word' id='word_1_83' title='bbox 2295 936 2603 1009; x_wconf 89' lang='lat' dir='ltr'><strong>receptum</strong></span> <span class='ocrx_word' id='word_1_84' title='bbox 2633 938 2726 993; x_wconf 90' lang='lat' dir='ltr'><strong>est</strong></span> <span class='ocrx_word' id='word_1_85' title='bbox 2756 934 2986 992; x_wconf 83' lang='lat' dir='ltr'><strong>Psalte-</strong></span> 
     </span>
     <span class='ocr_line' id='line_1_10' title="bbox 371 1022 2989 1099; baseline -0 -19"><span class='ocrx_word' id='word_1_86' title='bbox 371 1023 769 1096; x_wconf 81' lang='lat' dir='ltr'><strong>apostolmn.‘</strong></span> <span class='ocrx_word' id='word_1_87' title='bbox 836 1022 1139 1098; x_wconf 84' lang='lat' dir='ltr'><strong>Pelagiani</strong></span> <span class='ocrx_word' id='word_1_88' title='bbox 1170 1041 1326 1092; x_wconf 89' lang='lat' dir='ltr'><strong>vero,</strong></span> <span class='ocrx_word' id='word_1_89' title='bbox 1368 1041 1517 1098; x_wconf 88' lang='lat' dir='ltr'><strong>quos</strong></span> <span class='ocrx_word' id='word_1_90' title='bbox 1549 1042 1652 1098; x_wconf 88' lang='lat' dir='ltr'><strong>pa·</strong></span> <span class='ocrx_word' id='word_1_91' title='bbox 1707 1022 1866 1080; x_wconf 90' lang='lat' dir='ltr'><strong>rium</strong></span> <span class='ocrx_word' id='word_1_92' title='bbox 1897 1022 2273 1098; x_wconf 87' lang='lat' dir='ltr'><strong>gallicanum,</strong></span> <span class='ocrx_word' id='word_1_93' title='bbox 2306 1023 2476 1099; x_wconf 85' lang='lat' dir='ltr'><strong>cujus</strong></span> <span class='ocrx_word' id='word_1_94' title='bbox 2508 1040 2689 1099; x_wconf 86' lang='lat' dir='ltr'><strong>supra</strong></span> <span class='ocrx_word' id='word_1_95' title='bbox 2717 1022 2989 1081; x_wconf 91' lang='lat' dir='ltr'><strong>memini-</strong></span> 
     </span>
     <span class='ocr_line' id='line_1_11' title="bbox 369 1110 2989 1188; baseline 0 -19"><span class='ocrx_word' id='word_1_96' title='bbox 369 1110 519 1169; x_wconf 82' lang='lat' dir='ltr'><strong>riter</strong></span> <span class='ocrx_word' id='word_1_97' title='bbox 548 1111 877 1170; x_wconf 84' lang='lat' dir='ltr'><strong>insectatus</strong></span> <span class='ocrx_word' id='word_1_98' title='bbox 924 1114 1068 1181; x_wconf 76' lang='lat' dir='ltr'><strong>erat,</strong></span> <span class='ocrx_word' id='word_1_99' title='bbox 1122 1111 1456 1188; x_wconf 76' lang='lat' dir='ltr'><strong>irruptione</strong></span> <span class='ocrx_word' id='word_1_100' title='bbox 1501 1111 1654 1170; x_wconf 84' lang='lat' dir='ltr'><strong>sacta</strong></span> <span class='ocrx_word' id='word_1_101' title='bbox 1708 1129 1875 1183; x_wconf 88' lang='lat' dir='ltr'><strong>mus;</strong></span> <span class='ocrx_word' id='word_1_102' title='bbox 1909 1111 1969 1169; x_wconf 93' lang='lat' dir='ltr'><strong>ll.</strong></span> <span class='ocrx_word' id='word_1_103' title='bbox 2002 1111 2216 1169; x_wconf 85' lang='lat' dir='ltr'><strong>Tobiae</strong></span> <span class='ocrx_word' id='word_1_104' title='bbox 2249 1117 2310 1169; x_wconf 89' lang='lat' dir='ltr'><strong>et</strong></span> <span class='ocrx_word' id='word_1_105' title='bbox 2341 1112 2380 1170; x_wconf 85' lang='lat' dir='ltr'>J</span> <span class='ocrx_word' id='word_1_106' title='bbox 2383 1112 2557 1170; x_wconf 86' lang='lat' dir='ltr'><strong>udith</strong></span> <span class='ocrx_word' id='word_1_107' title='bbox 2588 1132 2658 1171; x_wconf 85' lang='lat' dir='ltr'><strong>ex</strong></span> <span class='ocrx_word' id='word_1_108' title='bbox 2690 1111 2989 1171; x_wconf 88' lang='lat' dir='ltr'><strong>chaldaico</strong></span> 
     </span>
     <span class='ocr_line' id='line_1_12' title="bbox 371 1199 2989 1277; baseline 0 -20"><span class='ocrx_word' id='word_1_109' title='bbox 371 1200 577 1275; x_wconf 85' lang='lat' dir='ltr'><strong>plures</strong></span> <span class='ocrx_word' id='word_1_110' title='bbox 608 1199 715 1258; x_wconf 90' lang='lat' dir='ltr'><strong>Dei</strong></span> <span class='ocrx_word' id='word_1_111' title='bbox 750 1217 947 1258; x_wconf 87' lang='lat' dir='ltr'><strong>servos</strong></span> <span class='ocrx_word' id='word_1_112' title='bbox 980 1203 1041 1258; x_wconf 91' lang='lat' dir='ltr'><strong>et</strong></span> <span class='ocrx_word' id='word_1_113' title='bbox 1084 1200 1344 1271; x_wconf 65' lang='lat' dir='ltr'><strong>ancillata,</strong></span> <span class='ocrx_word' id='word_1_114' title='bbox 1397 1218 1653 1276; x_wconf 90' lang='lat' dir='ltr'><strong>quorum</strong></span> <span class='ocrx_word' id='word_1_115' title='bbox 1707 1219 1742 1257; x_wconf 92' lang='lat' dir='ltr'><strong>a</strong></span> <span class='ocrx_word' id='word_1_116' title='bbox 1802 1218 1845 1257; x_wconf 92' lang='lat' dir='ltr'><strong>s.</strong></span> <span class='ocrx_word' id='word_1_117' title='bbox 1909 1200 2146 1259; x_wconf 88' lang='lat' dir='ltr'><strong>doctore</strong></span> <span class='ocrx_word' id='word_1_118' title='bbox 2196 1218 2529 1272; x_wconf 88' lang='lat' dir='ltr'><strong>conversos,</strong></span> <span class='ocrx_word' id='word_1_119' title='bbox 2594 1205 2654 1259; x_wconf 92' lang='lat' dir='ltr'><strong>et</strong></span> <span class='ocrx_word' id='word_1_120' title='bbox 2703 1200 2989 1277; x_wconf 88' lang='lat' dir='ltr'><strong>quasdam</strong></span> 
     </span>
    </p>
   </div>
   <div class='ocr_carea' id='block_1_4' title="bbox 370 1288 2990 1366">
    <p class='ocr_par' dir='ltr' id='par_1_4' title="bbox 370 1288 2990 1366">
     <span class='ocr_line' id='line_1_13' title="bbox 370 1288 2990 1366; baseline 0 -19"><span class='ocrx_word' id='word_1_121' title='bbox 370 1289 785 1347; x_wconf 83' lang='lat' dir='ltr'><strong>curaminsuis</strong></span> <span class='ocrx_word' id='word_1_122' title='bbox 799 1288 1046 1366; x_wconf 82' lang='lat' dir='ltr'><strong>gerebat</strong></span> <span class='ocrx_word' id='word_1_123' title='bbox 1063 1289 1459 1359; x_wconf 77' lang='lat' dir='ltr'><strong>monasteriiS,</strong></span> <span class='ocrx_word' id='word_1_124' title='bbox 1481 1289 1653 1347; x_wconf 91' lang='lat' dir='ltr'><strong>caede</strong></span> <span class='ocrx_word' id='word_1_125' title='bbox 1708 1291 1910 1363; x_wconf 88' lang='lat' dir='ltr'><strong>partes</strong></span> <span class='ocrx_word' id='word_1_126' title='bbox 1942 1289 2206 1347; x_wconf 85' lang='lat' dir='ltr'><strong>Danielis</strong></span> <span class='ocrx_word' id='word_1_127' title='bbox 2239 1292 2300 1347; x_wconf 90' lang='lat' dir='ltr'><strong>et</strong></span> <span class='ocrx_word' id='word_1_128' title='bbox 2329 1290 2545 1348; x_wconf 86' lang='lat' dir='ltr'><strong>Esther</strong></span> <span class='ocrx_word' id='word_1_129' title='bbox 2587 1308 2618 1347; x_wconf 88' lang='lat' dir='ltr'><strong>e</strong></span> <span class='ocrx_word' id='word_1_130' title='bbox 2663 1308 2870 1366; x_wconf 88' lang='lat' dir='ltr'><strong>graeco</strong></span> <span class='ocrx_word' id='word_1_131' title='bbox 2917 1290 2990 1347; x_wconf 90' lang='lat' dir='ltr'><strong>ab</strong></span> 
     </span>
    </p>
   </div>
   <div class='ocr_carea' id='block_1_5' title="bbox 369 1376 1659 2165">
    <p class='ocr_par' dir='ltr' id='par_1_5' title="bbox 369 1376 1659 2165">
     <span class='ocr_line' id='line_1_14' title="bbox 370 1376 1650 1448; baseline 0.001 -13"><span class='ocrx_word' id='word_1_132' title='bbox 370 1378 714 1448; x_wconf 86' lang='lat' dir='ltr'><strong>affecerunt,</strong></span> <span class='ocrx_word' id='word_1_133' title='bbox 766 1376 1027 1436; x_wconf 87' lang='lat' dir='ltr'><strong>aedificia</strong></span> <span class='ocrx_word' id='word_1_134' title='bbox 1062 1377 1460 1437; x_wconf 89' lang='lat' dir='ltr'><strong>incenderunt</strong></span> <span class='ocrx_word' id='word_1_135' title='bbox 1490 1378 1650 1447; x_wconf 89' lang='lat' dir='ltr'><strong>ade0‚</strong></span> 
     </span>
     <span class='ocr_line' id='line_1_15' title="bbox 369 1466 1652 1544; baseline 0.002 -21"><span class='ocrx_word' id='word_1_136' title='bbox 369 1469 443 1524; x_wconf 91' lang='lat' dir='ltr'><strong>ut</strong></span> <span class='ocrx_word' id='word_1_137' title='bbox 474 1467 603 1542; x_wconf 91' lang='lat' dir='ltr'><strong>ipse</strong></span> <span class='ocrx_word' id='word_1_138' title='bbox 623 1470 868 1524; x_wconf 87' lang='lat' dir='ltr'><strong>sanctus</strong></span> <span class='ocrx_word' id='word_1_139' title='bbox 901 1466 994 1524; x_wconf 86' lang='lat' dir='ltr'><strong>vir</strong></span> <span class='ocrx_word' id='word_1_140' title='bbox 1026 1466 1121 1524; x_wconf 82' lang='lat' dir='ltr'><strong>vix</strong></span> <span class='ocrx_word' id='word_1_141' title='bbox 1153 1466 1297 1544; x_wconf 87' lang='lat' dir='ltr'><strong>fuga</strong></span> <span class='ocrx_word' id='word_1_142' title='bbox 1317 1467 1472 1525; x_wconf 83' lang='lat' dir='ltr'><strong>vitae</strong></span> <span class='ocrx_word' id='word_1_143' title='bbox 1495 1467 1652 1541; x_wconf 89' lang='lat' dir='ltr'><strong>peri-</strong></span> 
     </span>
     <span class='ocr_line' id='line_1_16' title="bbox 371 1555 1656 1631; baseline 0.001 -19"><span class='ocrx_word' id='word_1_144' title='bbox 371 1555 577 1613; x_wconf 89' lang='lat' dir='ltr'><strong>culum</strong></span> <span class='ocrx_word' id='word_1_145' title='bbox 612 1555 693 1621; x_wconf 85' lang='lat' dir='ltr'><strong>sit</strong></span> <span class='ocrx_word' id='word_1_146' title='bbox 724 1556 981 1630; x_wconf 69' lang='lat' dir='ltr'><strong>elapsus’.</strong></span> <span class='ocrx_word' id='word_1_147' title='bbox 1030 1556 1167 1631; x_wconf 85' lang='lat' dir='ltr'><strong>Ipsa</strong></span> <span class='ocrx_word' id='word_1_148' title='bbox 1198 1556 1376 1614; x_wconf 91' lang='lat' dir='ltr'><strong>etiam</strong></span> <span class='ocrx_word' id='word_1_149' title='bbox 1396 1555 1656 1614; x_wconf 88' lang='lat' dir='ltr'><strong>amicitia</strong></span> 
     </span>
     <span class='ocr_line' id='line_1_17' title="bbox 370 1644 1656 1720; baseline -0.001 -17"><span class='ocrx_word' id='word_1_150' title='bbox 370 1662 509 1703; x_wconf 90' lang='lat' dir='ltr'><strong>cum</strong></span> <span class='ocrx_word' id='word_1_151' title='bbox 556 1662 602 1705; x_wconf 84' lang='lat' dir='ltr'><strong>s,</strong></span> <span class='ocrx_word' id='word_1_152' title='bbox 650 1644 992 1720; x_wconf 83' lang='lat' dir='ltr'><strong>Augustino</strong></span> <span class='ocrx_word' id='word_1_153' title='bbox 1036 1645 1411 1703; x_wconf 81' lang='lat' dir='ltr'><strong>vehementia</strong></span> <span class='ocrx_word' id='word_1_154' title='bbox 1454 1644 1656 1702; x_wconf 88' lang='lat' dir='ltr'><strong>chara-</strong></span> 
     </span>
     <span class='ocr_line' id='line_1_18' title="bbox 370 1732 1654 1811; baseline -0.001 -20"><span class='ocrx_word' id='word_1_155' title='bbox 370 1732 549 1793; x_wconf 83' lang='lat' dir='ltr'><strong>cteris</strong></span> <span class='ocrx_word' id='word_1_156' title='bbox 572 1734 668 1791; x_wconf 89' lang='lat' dir='ltr'><strong>sui</strong></span> <span class='ocrx_word' id='word_1_157' title='bbox 686 1733 961 1791; x_wconf 89' lang='lat' dir='ltr'><strong>nonnihil</strong></span> <span class='ocrx_word' id='word_1_158' title='bbox 981 1733 1225 1792; x_wconf 86' lang='lat' dir='ltr'><strong>turbata</strong></span> <span class='ocrx_word' id='word_1_159' title='bbox 1243 1733 1361 1792; x_wconf 86' lang='lat' dir='ltr'><strong>fuit</strong></span> <span class='ocrx_word' id='word_1_160' title='bbox 1371 1733 1439 1811; x_wconf 69' lang='grc' dir='ltr'><strong>Β).</strong></span> <span class='ocrx_word' id='word_1_161' title='bbox 1465 1734 1654 1791; x_wconf 86' lang='lat' dir='ltr'><strong>Morte</strong></span> 
     </span>
     <span class='ocr_line' id='line_1_19' title="bbox 369 1822 1655 1899; baseline -0.001 -18"><span class='ocrx_word' id='word_1_162' title='bbox 369 1822 761 1881; x_wconf 82' lang='lat' dir='ltr'><strong>commutavit</strong></span> <span class='ocrx_word' id='word_1_163' title='bbox 789 1822 972 1881; x_wconf 89' lang='lat' dir='ltr'><strong>vitam</strong></span> <span class='ocrx_word' id='word_1_164' title='bbox 992 1822 1446 1899; x_wconf 84' lang='lat' dir='ltr'><strong>agitatissimam</strong></span> <span class='ocrx_word' id='word_1_165' title='bbox 1478 1841 1655 1881; x_wconf 81' lang='lat' dir='ltr'><strong>senex</strong></span> 
     </span>
     <span class='ocr_line' id='line_1_20' title="bbox 370 1911 1655 1987; baseline 0.001 -18"><span class='ocrx_word' id='word_1_166' title='bbox 370 1911 747 1969; x_wconf 85' lang='lat' dir='ltr'><strong>venerandus</strong></span> <span class='ocrx_word' id='word_1_167' title='bbox 778 1911 1104 1970; x_wconf 87' lang='lat' dir='ltr'><strong>virtutibus</strong></span> <span class='ocrx_word' id='word_1_168' title='bbox 1124 1912 1499 1987; x_wconf 90' lang='lat' dir='ltr'><strong>conspicuus,</strong></span> <span class='ocrx_word' id='word_1_169' title='bbox 1533 1930 1655 1970; x_wconf 91' lang='lat' dir='ltr'><strong>me-</strong></span> 
     </span>
     <span class='ocr_line' id='line_1_21' title="bbox 370 2000 1659 2075; baseline 0 -18"><span class='ocrx_word' id='word_1_170' title='bbox 370 2000 507 2059; x_wconf 86' lang='lat' dir='ltr'><strong>ritis</strong></span> <span class='ocrx_word' id='word_1_171' title='bbox 554 2001 786 2075; x_wconf 78' lang='lat' dir='ltr'><strong>plenuS,</strong></span> <span class='ocrx_word' id='word_1_172' title='bbox 839 2000 1210 2075; x_wconf 87' lang='lat' dir='ltr'><strong>poenitentia</strong></span> <span class='ocrx_word' id='word_1_173' title='bbox 1261 2000 1576 2060; x_wconf 89' lang='lat' dir='ltr'><strong>durissima</strong></span> <span class='ocrx_word' id='word_1_174' title='bbox 1624 2020 1659 2057; x_wconf 88' lang='lat' dir='ltr'><strong>a</strong></span> 
     </span>
     <span class='ocr_line' id='line_1_22' title="bbox 370 2089 1412 2165; baseline 0 -17"><span class='ocrx_word' id='word_1_175' title='bbox 370 2089 578 2148; x_wconf 86' lang='lat' dir='ltr'><strong>naevis</strong></span> <span class='ocrx_word' id='word_1_176' title='bbox 611 2092 900 2165; x_wconf 87' lang='lat' dir='ltr'><strong>purgatus</strong></span> <span class='ocrx_word' id='word_1_177' title='bbox 936 2100 1033 2154; x_wconf 88' lang='lat'><strong>30.</strong></span> <span class='ocrx_word' id='word_1_178' title='bbox 1069 2089 1230 2165; x_wconf 86' lang='lat' dir='ltr'><strong>Sept.</strong></span> <span class='ocrx_word' id='word_1_179' title='bbox 1266 2099 1412 2152; x_wconf 87' lang='lat'><strong>420.</strong></span> 
     </span>
    </p>
   </div>
   <div class='ocr_carea' id='block_1_6' title="bbox 350 2266 1660 4033">
    <p class='ocr_par' dir='ltr' id='par_1_6' title="bbox 350 2266 1660 4033">
     <span class='ocr_line' id='line_1_23' title="bbox 472 2266 1654 2343; baseline -0.002 -16"><span class='ocrx_word' id='word_1_180' title='bbox 472 2276 613 2330; x_wconf 86' lang='lat'><strong>141.</strong></span> <span class='ocrx_word' id='word_1_181' title='bbox 645 2266 1037 2342; x_wconf 88' lang='lat' dir='ltr'><strong>Praecipuum</strong></span> <span class='ocrx_word' id='word_1_182' title='bbox 1069 2286 1114 2325; x_wconf 92' lang='lat' dir='ltr'><strong>s.</strong></span> <span class='ocrx_word' id='word_1_183' title='bbox 1145 2267 1497 2343; x_wconf 86' lang='lat' dir='ltr'><strong>Hieronymi</strong></span> <span class='ocrx_word' id='word_1_184' title='bbox 1526 2268 1654 2325; x_wconf 92' lang='lat' dir='ltr'><strong>stu-</strong></span> 
     </span>
     <span class='ocr_line' id='line_1_24' title="bbox 358 2355 1654 2432; baseline 0 -20"><span class='ocrx_word' id='word_1_185' title='bbox 358 2355 543 2429; x_wconf 21' lang='lat' dir='ltr'><strong>,dium</strong></span> <span class='ocrx_word' id='word_1_186' title='bbox 576 2355 923 2415; x_wconf 84' lang='lat' dir='ltr'><strong>versabatur</strong></span> <span class='ocrx_word' id='word_1_187' title='bbox 954 2356 1108 2414; x_wconf 90' lang='lat' dir='ltr'><strong>circa</strong></span> <span class='ocrx_word' id='word_1_188' title='bbox 1139 2374 1183 2415; x_wconf 94' lang='lat' dir='ltr'><strong>s.</strong></span> <span class='ocrx_word' id='word_1_189' title='bbox 1207 2356 1654 2432; x_wconf 89' lang='lat' dir='ltr'><strong>Scripturam</strong></span> 
     </span>
     <span class='ocr_line' id='line_1_25' title="bbox 372 2444 1656 2521; baseline 0 -19"><span class='ocrx_word' id='word_1_190' title='bbox 372 2448 557 2520; x_wconf 85' lang='lat' dir='ltr'><strong>atque</strong></span> <span class='ocrx_word' id='word_1_191' title='bbox 587 2444 667 2515; x_wconf 84' lang='lat' dir='ltr'><strong>tri</strong></span> <span class='ocrx_word' id='word_1_192' title='bbox 712 2445 805 2503; x_wconf 81' lang='lat' dir='ltr'><strong>lex</strong></span> <span class='ocrx_word' id='word_1_193' title='bbox 838 2445 1128 2521; x_wconf 85' lang='lat' dir='ltr'><strong>distingui</strong></span> <span class='ocrx_word' id='word_1_194' title='bbox 1160 2448 1377 2521; x_wconf 83' lang='lat' dir='ltr'><strong>potest,</strong></span> <span class='ocrx_word' id='word_1_195' title='bbox 1412 2464 1550 2503; x_wconf 92' lang='lat' dir='ltr'><strong>nam</strong></span> <span class='ocrx_word' id='word_1_196' title='bbox 1580 2445 1656 2502; x_wconf 89' lang='lat' dir='ltr'><strong>li-</strong></span> 
     </span>
     <span class='ocr_line' id='line_1_26' title="bbox 372 2533 1654 2610; baseline -0.001 -18"><span class='ocrx_word' id='word_1_197' title='bbox 372 2534 516 2593; x_wconf 89' lang='lat' dir='ltr'><strong>bros</strong></span> <span class='ocrx_word' id='word_1_198' title='bbox 551 2533 617 2599; x_wconf 81' lang='lat' dir='ltr'><strong>V.</strong></span> <span class='ocrx_word' id='word_1_199' title='bbox 699 2550 713 2592; x_wconf 85' lang='grc'>;</span> <span class='ocrx_word' id='word_1_200' title='bbox 736 2535 912 2610; x_wconf 84' lang='lat' dir='ltr'><strong>juxta</strong></span> <span class='ocrx_word' id='word_1_201' title='bbox 930 2534 1333 2595; x_wconf 86' lang='lat' dir='ltr'><strong>Hebraeorum</strong></span> <span class='ocrx_word' id='word_1_202' title='bbox 1353 2551 1654 2604; x_wconf 90' lang='lat' dir='ltr'><strong>canonem,</strong></span> 
     </span>
     <span class='ocr_line' id='line_1_27' title="bbox 373 2624 1657 2700; baseline -0.001 -19"><span class='ocrx_word' id='word_1_203' title='bbox 373 2627 692 2700; x_wconf 86' lang='lat' dir='ltr'><strong>postquam</strong></span> <span class='ocrx_word' id='word_1_204' title='bbox 754 2642 960 2682; x_wconf 88' lang='lat' dir='ltr'><strong>eorum</strong></span> <span class='ocrx_word' id='word_1_205' title='bbox 1020 2624 1350 2683; x_wconf 81' lang='lat' dir='ltr'><strong>versionem</strong></span> <span class='ocrx_word' id='word_1_206' title='bbox 1411 2624 1657 2682; x_wconf 87' lang='lat' dir='ltr'><strong>latinam</strong></span> 
     </span>
     <span class='ocr_line' id='line_1_28' title="bbox 366 2712 1655 2788; baseline 0 -18"><span class='ocrx_word' id='word_1_207' title='bbox 366 2714 542 2788; x_wconf 83' lang='lat' dir='ltr'><strong>juxta</strong></span> <span class='ocrx_word' id='word_1_208' title='bbox 591 2712 921 2771; x_wconf 84' lang='lat' dir='ltr'><strong>versionem</strong></span> <span class='ocrx_word' id='word_1_209' title='bbox 982 2713 1421 2772; x_wconf 86' lang='lat' dir='ltr'><strong>alexandrinam</strong></span> <span class='ocrx_word' id='word_1_210' title='bbox 1482 2714 1655 2770; x_wconf 83' lang='lat' dir='ltr'><strong>hexa-</strong></span> 
     </span>
     <span class='ocr_line' id='line_1_29' title="bbox 376 2802 1656 2877; baseline 0 -19"><span class='ocrx_word' id='word_1_211' title='bbox 376 2802 603 2877; x_wconf 85' lang='lat' dir='ltr'><strong>plarem</strong></span> <span class='ocrx_word' id='word_1_212' title='bbox 653 2804 1077 2861; x_wconf 85' lang='lat' dir='ltr'><strong>retractaverat</strong></span> <span class='ocrx_word' id='word_1_213' title='bbox 1136 2806 1316 2877; x_wconf 89' lang='lat' dir='ltr'><strong>atque</strong></span> <span class='ocrx_word' id='word_1_214' title='bbox 1376 2802 1656 2860; x_wconf 87' lang='lat' dir='ltr'><strong>reforma-</strong></span> 
     </span>
     <span class='ocr_line' id='line_1_30' title="bbox 375 2891 1657 2965; baseline -0.002 -16"><span class='ocrx_word' id='word_1_215' title='bbox 375 2892 544 2949; x_wconf 84' lang='lat' dir='ltr'><strong>verat</strong></span> <span class='ocrx_word' id='word_1_216' title='bbox 562 2908 811 2965; x_wconf 90' lang='lat' dir='ltr'><strong>eamque</strong></span> <span class='ocrx_word' id='word_1_217' title='bbox 830 2891 1158 2950; x_wconf 86' lang='lat' dir='ltr'><strong>versionem</strong></span> <span class='ocrx_word' id='word_1_218' title='bbox 1189 2892 1272 2949; x_wconf 90' lang='lat' dir='ltr'><strong>ita</strong></span> <span class='ocrx_word' id='word_1_219' title='bbox 1290 2891 1657 2949; x_wconf 91' lang='lat' dir='ltr'><strong>emendatam</strong></span> 
     </span>
     <span class='ocr_line' id='line_1_31' title="bbox 374 2978 1660 3056; baseline -0.001 -19"><span class='ocrx_word' id='word_1_220' title='bbox 374 2978 583 3038; x_wconf 79' lang='lat' dir='ltr'><strong>fraude</strong></span> <span class='ocrx_word' id='word_1_221' title='bbox 628 2978 940 3056; x_wconf 86' lang='lat' dir='ltr'><strong>cujusdam</strong></span> <span class='ocrx_word' id='word_1_222' title='bbox 985 2980 1279 3051; x_wconf 88' lang='lat' dir='ltr'><strong>amiserat,</strong></span> <span class='ocrx_word' id='word_1_223' title='bbox 1332 2980 1384 3037; x_wconf 91' lang='lat' dir='ltr'><strong>si</strong></span> <span class='ocrx_word' id='word_1_224' title='bbox 1431 2980 1548 3038; x_wconf 87' lang='lat' dir='ltr'><strong>Job</strong></span> <span class='ocrx_word' id='word_1_225' title='bbox 1597 2982 1660 3038; x_wconf 91' lang='lat' dir='ltr'><strong>et</strong></span> 
     </span>
     <span class='ocr_line' id='line_1_32' title="bbox 375 3066 1656 3145; baseline 0 -20"><span class='ocrx_word' id='word_1_226' title='bbox 375 3068 731 3143; x_wconf 87' lang='lat' dir='ltr'><strong>psalterium</strong></span> <span class='ocrx_word' id='word_1_227' title='bbox 764 3066 1269 3145; x_wconf 87' lang='lat' dir='ltr'><strong>(gallicanum</strong></span> <span class='ocrx_word' id='word_1_228' title='bbox 1315 3071 1522 3145; x_wconf 87' lang='lat' dir='ltr'><strong>postea</strong></span> <span class='ocrx_word' id='word_1_229' title='bbox 1567 3068 1656 3126; x_wconf 92' lang='lat' dir='ltr'><strong>di-</strong></span> 
     </span>
     <span class='ocr_line' id='line_1_33' title="bbox 382 3152 1656 3234; baseline -0.001 -19"><span class='ocrx_word' id='word_1_230' title='bbox 382 3152 572 3234; x_wconf 87' lang='lat' dir='ltr'><strong>ctum)</strong></span> <span class='ocrx_word' id='word_1_231' title='bbox 613 3157 885 3232; x_wconf 82' lang='lat' dir='ltr'><strong>excipias,</strong></span> <span class='ocrx_word' id='word_1_232' title='bbox 934 3176 1000 3215; x_wconf 82' lang='lat' dir='ltr'><strong>ex</strong></span> <span class='ocrx_word' id='word_1_233' title='bbox 1044 3157 1195 3233; x_wconf 91' lang='lat' dir='ltr'><strong>ipsis</strong></span> <span class='ocrx_word' id='word_1_234' title='bbox 1241 3157 1508 3216; x_wconf 88' lang='lat' dir='ltr'><strong>fontibus</strong></span> <span class='ocrx_word' id='word_1_235' title='bbox 1555 3158 1656 3215; x_wconf 92' lang='lat' dir='ltr'><strong>he-</strong></span> 
     </span>
     <span class='ocr_line' id='line_1_34' title="bbox 374 3245 1658 3313; baseline 0 -11"><span class='ocrx_word' id='word_1_236' title='bbox 374 3245 593 3304; x_wconf 89' lang='lat' dir='ltr'><strong>braicis</strong></span> <span class='ocrx_word' id='word_1_237' title='bbox 624 3246 963 3313; x_wconf 84' lang='lat' dir='ltr'><strong>transtulit;</strong></span> <span class='ocrx_word' id='word_1_238' title='bbox 996 3245 1242 3305; x_wconf 87' lang='lat' dir='ltr'><strong>Librum</strong></span> <span class='ocrx_word' id='word_1_239' title='bbox 1275 3265 1413 3305; x_wconf 90' lang='lat' dir='ltr'><strong>vero</strong></span> <span class='ocrx_word' id='word_1_240' title='bbox 1443 3246 1658 3304; x_wconf 84' lang='lat' dir='ltr'><strong>Tobiae</strong></span> 
     </span>
     <span class='ocr_line' id='line_1_35' title="bbox 377 3333 1657 3394; baseline 0 -2"><span class='ocrx_word' id='word_1_241' title='bbox 377 3338 440 3392; x_wconf 91' lang='lat' dir='ltr'><strong>et</strong></span> <span class='ocrx_word' id='word_1_242' title='bbox 471 3335 509 3392; x_wconf 94' lang='lat' dir='ltr'><strong>l.</strong></span> <span class='ocrx_word' id='word_1_243' title='bbox 543 3333 582 3392; x_wconf 88' lang='lat' dir='ltr'><strong>J</strong></span> <span class='ocrx_word' id='word_1_244' title='bbox 586 3334 757 3392; x_wconf 87' lang='lat' dir='ltr'><strong>udith</strong></span> <span class='ocrx_word' id='word_1_245' title='bbox 791 3353 859 3392; x_wconf 84' lang='lat' dir='ltr'><strong>ex</strong></span> <span class='ocrx_word' id='word_1_246' title='bbox 894 3335 1190 3393; x_wconf 87' lang='lat' dir='ltr'><strong>chaldaico</strong></span> <span class='ocrx_word' id='word_1_247' title='bbox 1222 3354 1490 3394; x_wconf 87' lang='lat' dir='ltr'><strong>sermone</strong></span> <span class='ocrx_word' id='word_1_248' title='bbox 1521 3352 1657 3393; x_wconf 88' lang='lat' dir='ltr'><strong>con-</strong></span> 
     </span>
     <span class='ocr_line' id='line_1_36' title="bbox 377 3423 1659 3484; baseline -0.001 -2"><span class='ocrx_word' id='word_1_249' title='bbox 377 3423 575 3482; x_wconf 78' lang='lat' dir='ltr'><strong>vertit.</strong></span> <span class='ocrx_word' id='word_1_250' title='bbox 655 3423 970 3481; x_wconf 89' lang='lat' dir='ltr'><strong>Librorum</strong></span> <span class='ocrx_word' id='word_1_251' title='bbox 1014 3443 1154 3483; x_wconf 89' lang='lat' dir='ltr'><strong>vero</strong></span> <span class='ocrx_word' id='word_1_252' title='bbox 1204 3425 1275 3482; x_wconf 88' lang='lat' dir='ltr'><strong>N.</strong></span> <span class='ocrx_word' id='word_1_253' title='bbox 1327 3424 1388 3484; x_wconf 88' lang='grc' dir='ltr'><strong>Τ.</strong></span> <span class='ocrx_word' id='word_1_254' title='bbox 1439 3424 1659 3482; x_wconf 88' lang='lat' dir='ltr'><strong>versio-</strong></span> 
     </span>
     <span class='ocr_line' id='line_1_37' title="bbox 378 3512 1660 3588; baseline -0.001 -18"><span class='ocrx_word' id='word_1_255' title='bbox 378 3531 516 3570; x_wconf 90' lang='lat' dir='ltr'><strong>nem</strong></span> <span class='ocrx_word' id='word_1_256' title='bbox 560 3512 743 3586; x_wconf 83' lang='lat' dir='ltr'><strong>jussu</strong></span> <span class='ocrx_word' id='word_1_257' title='bbox 775 3512 1010 3571; x_wconf 85' lang='lat' dir='ltr'><strong>Damasi</strong></span> <span class='ocrx_word' id='word_1_258' title='bbox 1042 3514 1341 3588; x_wconf 84' lang='lat' dir='ltr'><strong>pontificis</strong></span> <span class='ocrx_word' id='word_1_259' title='bbox 1388 3515 1660 3571; x_wconf 85' lang='lat' dir='ltr'><strong>accurata</strong></span> 
     </span>
     <span class='ocr_line' id='line_1_38' title="bbox 379 3601 1659 3677; baseline -0.002 -17"><span class='ocrx_word' id='word_1_260' title='bbox 379 3601 742 3660; x_wconf 86' lang='lat' dir='ltr'><strong>correctione</strong></span> <span class='ocrx_word' id='word_1_261' title='bbox 774 3619 1012 3677; x_wconf 83' lang='lat' dir='ltr'><strong>graecae</strong></span> <span class='ocrx_word' id='word_1_262' title='bbox 1044 3602 1178 3659; x_wconf 91' lang='lat' dir='ltr'><strong>fidei</strong></span> <span class='ocrx_word' id='word_1_263' title='bbox 1211 3601 1487 3663; x_wconf 88' lang='lat' dir='ltr'><strong>reddidit.</strong></span> <span class='ocrx_word' id='word_1_264' title='bbox 1539 3601 1659 3658; x_wconf 89' lang='lat' dir='ltr'><strong>Has</strong></span> 
     </span>
     <span class='ocr_line' id='line_1_39' title="bbox 378 3690 1659 3750; baseline -0.001 -1"><span class='ocrx_word' id='word_1_265' title='bbox 378 3690 682 3749; x_wconf 80' lang='lat' dir='ltr'><strong>versiones</strong></span> <span class='ocrx_word' id='word_1_266' title='bbox 713 3691 811 3748; x_wconf 87' lang='lat' dir='ltr'><strong>vel</strong></span> <span class='ocrx_word' id='word_1_267' title='bbox 841 3690 1178 3750; x_wconf 88' lang='lat' dir='ltr'><strong>versionum</strong></span> <span class='ocrx_word' id='word_1_268' title='bbox 1208 3690 1659 3748; x_wconf 86' lang='lat' dir='ltr'><strong>retractationes</strong></span> 
     </span>
     <span class='ocr_line' id='line_1_40' title="bbox 378 3779 1658 3854; baseline -0.002 -17"><span class='ocrx_word' id='word_1_269' title='bbox 378 3779 800 3854; x_wconf 85' lang='lat' dir='ltr'><strong>complectitur</strong></span> <span class='ocrx_word' id='word_1_270' title='bbox 859 3780 989 3853; x_wconf 85' lang='lat' dir='ltr'><strong>ejus</strong></span> <span class='ocrx_word' id='word_1_271' title='bbox 1040 3779 1390 3838; x_wconf 72' lang='lat' dir='ltr'><strong>Bibliotheca</strong></span> <span class='ocrx_word' id='word_1_272' title='bbox 1441 3781 1658 3854; x_wconf 74' lang='lat' dir='ltr'><strong>divina,</strong></span> 
     </span>
     <span class='ocr_line' id='line_1_41' title="bbox 381 3866 1660 3944; baseline -0.002 -18"><span class='ocrx_word' id='word_1_273' title='bbox 381 3887 559 3943; x_wconf 88' lang='lat' dir='ltr'><strong>quam</strong></span> <span class='ocrx_word' id='word_1_274' title='bbox 593 3866 777 3926; x_wconf 88' lang='lat' dir='ltr'><strong>habes</strong></span> <span class='ocrx_word' id='word_1_275' title='bbox 809 3867 873 3925; x_wconf 92' lang='lat' dir='ltr'><strong>in</strong></span> <span class='ocrx_word' id='word_1_276' title='bbox 905 3868 997 3925; x_wconf 84' lang='lat' dir='ltr'><strong>Mi</strong></span> <span class='ocrx_word' id='word_1_277' title='bbox 1014 3887 1156 3944; x_wconf 88' lang='lat' dir='ltr'><strong>gne</strong></span> <span class='ocrx_word' id='word_1_278' title='bbox 1189 3869 1249 3928; x_wconf 92' lang='lat' dir='ltr'><strong>P.</strong></span> <span class='ocrx_word' id='word_1_279' title='bbox 1272 3869 1331 3926; x_wconf 94' lang='lat' dir='ltr'><strong>L.</strong></span> <span class='ocrx_word' id='word_1_280' title='bbox 1352 3871 1395 3925; x_wconf 88' lang='lat' dir='ltr'><strong>t.</strong></span> <span class='ocrx_word' id='word_1_281' title='bbox 1415 3867 1660 3926; x_wconf 81' lang='lat' dir='ltr'>XXVIII</span> 
     </span>
     <span class='ocr_line' id='line_1_42' title="bbox 350 3956 1659 4033; baseline 0 -20"><span class='ocrx_word' id='word_1_282' title='bbox 350 3960 442 4014; x_wconf 84' lang='lat' dir='ltr'><strong>.et</strong></span> <span class='ocrx_word' id='word_1_283' title='bbox 470 3956 675 4018; x_wconf 85' lang='lat' dir='ltr'><strong>XXIX.</strong></span> <span class='ocrx_word' id='word_1_284' title='bbox 739 3956 884 4014; x_wconf 90' lang='lat' dir='ltr'><strong>Inde</strong></span> <span class='ocrx_word' id='word_1_285' title='bbox 916 3957 1196 4032; x_wconf 80' lang='lat' dir='ltr'><strong>profluxit</strong></span> <span class='ocrx_word' id='word_1_286' title='bbox 1226 3976 1376 4033; x_wconf 86' lang='lat' dir='ltr'><strong>quae</strong></span> <span class='ocrx_word' id='word_1_287' title='bbox 1408 3975 1567 4015; x_wconf 87' lang='lat' dir='ltr'><strong>nunc</strong></span> <span class='ocrx_word' id='word_1_288' title='bbox 1598 3957 1659 4013; x_wconf 90' lang='lat' dir='ltr'><strong>in</strong></span> 
     </span>
    </p>
   </div>
   <div class='ocr_carea' id='block_1_7' title="bbox 386 4113 706 4123">
    <p class='ocr_par' dir='ltr' id='par_1_7' title="bbox 386 4113 706 4123">
     <span class='ocr_line' id='line_1_43' title="bbox 386 4113 706 4123; baseline 0 0"><span class='ocrx_word' id='word_1_289' title='bbox 386 4113 706 4123; x_wconf 95' lang='lat' dir='ltr'><strong> </strong></span> 
     </span>
    </p>
   </div>
   <div class='ocr_carea' id='block_1_8' title="bbox 377 4195 1665 4408">
    <p class='ocr_par' dir='ltr' id='par_1_8' title="bbox 377 4195 1665 4408">
     <span class='ocr_line' id='line_1_44' title="bbox 459 4195 1665 4267; baseline 0.001 -20"><span class='ocrx_word' id='word_1_290' title='bbox 459 4199 495 4267; x_wconf 91' lang='lat'><strong>¹)</strong></span> <span class='ocrx_word' id='word_1_291' title='bbox 521 4196 678 4248; x_wconf 71' lang='lat' dir='ltr'><strong>[nter</strong></span> <span class='ocrx_word' id='word_1_292' title='bbox 704 4195 844 4248; x_wconf 90' lang='lat' dir='ltr'><strong>haec</strong></span> <span class='ocrx_word' id='word_1_293' title='bbox 870 4197 958 4250; x_wconf 85' lang='lat' dir='ltr'><strong>est</strong></span> <span class='ocrx_word' id='word_1_294' title='bbox 980 4199 1204 4266; x_wconf 83' lang='lat' dir='ltr'><strong>praeter</strong></span> <span class='ocrx_word' id='word_1_295' title='bbox 1229 4213 1311 4261; x_wconf 86' lang='lat' dir='ltr'><strong>ea,</strong></span> <span class='ocrx_word' id='word_1_296' title='bbox 1341 4212 1486 4264; x_wconf 87' lang='lat' dir='ltr'><strong>quae</strong></span> <span class='ocrx_word' id='word_1_297' title='bbox 1513 4195 1665 4249; x_wconf 83' lang='lat' dir='ltr'><strong>infra</strong></span> 
     </span>
     <span class='ocr_line' id='line_1_45' title="bbox 377 4265 1664 4337; baseline 0 -17"><span class='ocrx_word' id='word_1_298' title='bbox 377 4265 815 4331; x_wconf 74' lang='lat' dir='ltr'><strong>recencebimu8‚</strong></span> <span class='ocrx_word' id='word_1_299' title='bbox 843 4284 989 4336; x_wconf 91' lang='lat' dir='ltr'><strong>opus</strong></span> <span class='ocrx_word' id='word_1_300' title='bbox 1008 4267 1271 4337; x_wconf 88' lang='lat' dir='ltr'><strong>Origenis</strong></span> <span class='ocrx_word' id='word_1_301' title='bbox 1292 4267 1664 4337; x_wconf 80' lang='lat' dir='ltr'><strong>praecipuum</strong></span> 
     </span>
     <span class='ocr_line' id='line_1_46' title="bbox 380 4338 1663 4408; baseline 0 -16"><span class='ocrx_word' id='word_1_302' title='bbox 380 4341 442 4392; x_wconf 81' lang='lat' dir='ltr'><strong>de</strong></span> <span class='ocrx_word' id='word_1_303' title='bbox 452 4342 759 4408; x_wconf 75' lang='lat' dir='ltr'><strong>principiis,</strong></span> <span class='ocrx_word' id='word_1_304' title='bbox 780 4338 935 4405; x_wconf 89' lang='lat' dir='ltr'><strong>quod</strong></span> <span class='ocrx_word' id='word_1_305' title='bbox 952 4342 1144 4392; x_wconf 83' lang='lat' dir='ltr'><strong>tamen</strong></span> <span class='ocrx_word' id='word_1_306' title='bbox 1161 4338 1348 4408; x_wconf 87' lang='lat' dir='ltr'><strong>periit.</strong></span> <span class='ocrx_word' id='word_1_307' title='bbox 1370 4339 1451 4392; x_wconf 83' lang='lat' dir='ltr'><strong>Cf.</strong></span> <span class='ocrx_word' id='word_1_308' title='bbox 1471 4342 1663 4393; x_wconf 79' lang='lat' dir='ltr'><strong>tamen</strong></span> 
     </span>
    </p>
   </div>
   <div class='ocr_carea' id='block_1_9' title="bbox 1708 1377 3084 2882">
    <p class='ocr_par' dir='ltr' id='par_1_9' title="bbox 1708 1377 3084 2882">
     <span class='ocr_line' id='line_1_47' title="bbox 1708 1377 2989 1453; baseline 0.001 -19"><span class='ocrx_word' id='word_1_309' title='bbox 1708 1379 1839 1453; x_wconf 91' lang='lat' dir='ltr'><strong>ipso</strong></span> <span class='ocrx_word' id='word_1_310' title='bbox 1871 1395 2087 1437; x_wconf 86' lang='lat' dir='ltr'><strong>versas.</strong></span> <span class='ocrx_word' id='word_1_311' title='bbox 2133 1377 2298 1435; x_wconf 87' lang='lat' dir='ltr'><strong>Libri</strong></span> <span class='ocrx_word' id='word_1_312' title='bbox 2329 1378 2843 1437; x_wconf 87' lang='lat' dir='ltr'><strong>deuterocanonici</strong></span> <span class='ocrx_word' id='word_1_313' title='bbox 2874 1379 2989 1436; x_wconf 87' lang='lat' dir='ltr'><strong>Ba-</strong></span> 
     </span>
     <span class='ocr_line' id='line_1_48' title="bbox 1709 1466 2990 1542; baseline 0.002 -19"><span class='ocrx_word' id='word_1_314' title='bbox 1709 1466 1876 1536; x_wconf 90' lang='lat' dir='ltr'><strong>ruch,</strong></span> <span class='ocrx_word' id='word_1_315' title='bbox 1914 1466 2236 1542; x_wconf 85' lang='lat' dir='ltr'><strong>Sapientia,</strong></span> <span class='ocrx_word' id='word_1_316' title='bbox 2270 1467 2720 1526; x_wconf 87' lang='lat' dir='ltr'><strong>Ecclesiasticus</strong></span> <span class='ocrx_word' id='word_1_317' title='bbox 2768 1470 2828 1525; x_wconf 90' lang='lat' dir='ltr'><strong>et</strong></span> <span class='ocrx_word' id='word_1_318' title='bbox 2870 1466 2990 1525; x_wconf 88' lang='lat' dir='ltr'><strong>duo</strong></span> 
     </span>
     <span class='ocr_line' id='line_1_49' title="bbox 1709 1555 2992 1615; baseline 0 -2"><span class='ocrx_word' id='word_1_319' title='bbox 1709 1556 1771 1614; x_wconf 93' lang='lat' dir='ltr'><strong>ll.</strong></span> <span class='ocrx_word' id='word_1_320' title='bbox 1804 1556 2291 1614; x_wconf 85' lang='lat' dir='ltr'><strong>Machabaeorum</strong></span> <span class='ocrx_word' id='word_1_321' title='bbox 2344 1556 2417 1614; x_wconf 88' lang='lat' dir='ltr'><strong>ab</strong></span> <span class='ocrx_word' id='word_1_322' title='bbox 2464 1575 2532 1615; x_wconf 90' lang='lat' dir='ltr'><strong>eo</strong></span> <span class='ocrx_word' id='word_1_323' title='bbox 2564 1575 2684 1614; x_wconf 87' lang='lat' dir='ltr'><strong>non</strong></span> <span class='ocrx_word' id='word_1_324' title='bbox 2715 1555 2992 1614; x_wconf 87' lang='lat' dir='ltr'><strong>translati</strong></span> 
     </span>
     <span class='ocr_line' id='line_1_50' title="bbox 1709 1644 2992 1721; baseline 0 -19"><span class='ocrx_word' id='word_1_325' title='bbox 1709 1663 1781 1702; x_wconf 83' lang='lat' dir='ltr'><strong>ex</strong></span> <span class='ocrx_word' id='word_1_326' title='bbox 1840 1646 2041 1703; x_wconf 85' lang='lat' dir='ltr'><strong>vetere</strong></span> <span class='ocrx_word' id='word_1_327' title='bbox 2103 1644 2373 1703; x_wconf 89' lang='lat' dir='ltr'><strong>versione</strong></span> <span class='ocrx_word' id='word_1_328' title='bbox 2430 1664 2722 1721; x_wconf 88' lang='lat' dir='ltr'><strong>anonyma</strong></span> <span class='ocrx_word' id='word_1_329' title='bbox 2770 1644 2992 1704; x_wconf 85' lang='lat' dir='ltr'><strong>retenti</strong></span> 
     </span>
     <span class='ocr_line' id='line_1_51' title="bbox 1711 1733 2990 1793; baseline 0 -2"><span class='ocrx_word' id='word_1_330' title='bbox 1711 1736 1871 1792; x_wconf 92' lang='lat' dir='ltr'><strong>sunt.</strong></span> <span class='ocrx_word' id='word_1_331' title='bbox 1933 1734 2169 1792; x_wconf 88' lang='lat' dir='ltr'><strong>Novum</strong></span> <span class='ocrx_word' id='word_1_332' title='bbox 2219 1752 2357 1793; x_wconf 86' lang='lat' dir='ltr'><strong>vero</strong></span> <span class='ocrx_word' id='word_1_333' title='bbox 2408 1734 2471 1792; x_wconf 90' lang='grc' dir='ltr'><strong>Τ.</strong></span> <span class='ocrx_word' id='word_1_334' title='bbox 2518 1734 2796 1793; x_wconf 89' lang='lat' dir='ltr'><strong>editionis</strong></span> <span class='ocrx_word' id='word_1_335' title='bbox 2843 1733 2990 1792; x_wconf 84' lang='lat' dir='ltr'><strong>vul-</strong></span> 
     </span>
     <span class='ocr_line' id='line_1_52' title="bbox 1710 1822 2991 1900; baseline -0.001 -20"><span class='ocrx_word' id='word_1_336' title='bbox 1710 1825 1881 1899; x_wconf 85' lang='lat' dir='ltr'><strong>gatae</strong></span> <span class='ocrx_word' id='word_1_337' title='bbox 1912 1822 2215 1900; x_wconf 88' lang='lat' dir='ltr'><strong>integrum</strong></span> <span class='ocrx_word' id='word_1_338' title='bbox 2246 1826 2353 1882; x_wconf 90' lang='lat' dir='ltr'><strong>aut</strong></span> <span class='ocrx_word' id='word_1_339' title='bbox 2383 1844 2417 1882; x_wconf 88' lang='lat' dir='ltr'><strong>a</strong></span> <span class='ocrx_word' id='word_1_340' title='bbox 2448 1842 2493 1882; x_wconf 92' lang='lat' dir='ltr'><strong>s.</strong></span> <span class='ocrx_word' id='word_1_341' title='bbox 2526 1824 2887 1900; x_wconf 84' lang='lat' dir='ltr'><strong>Hieronymo</strong></span> <span class='ocrx_word' id='word_1_342' title='bbox 2919 1824 2991 1880; x_wconf 91' lang='lat' dir='ltr'><strong>de</strong></span> 
     </span>
     <span class='ocr_line' id='line_1_53' title="bbox 1710 1913 2991 1971; baseline -0.001 -1"><span class='ocrx_word' id='word_1_343' title='bbox 1710 1930 1866 1970; x_wconf 90' lang='lat' dir='ltr'><strong>novo</strong></span> <span class='ocrx_word' id='word_1_344' title='bbox 1890 1913 2248 1970; x_wconf 83' lang='lat' dir='ltr'><strong>translatum</strong></span> <span class='ocrx_word' id='word_1_345' title='bbox 2282 1916 2386 1971; x_wconf 80' lang='lat' dir='ltr'><strong>aut</strong></span> <span class='ocrx_word' id='word_1_346' title='bbox 2418 1914 2628 1971; x_wconf 86' lang='lat' dir='ltr'><strong>saltem</strong></span> <span class='ocrx_word' id='word_1_347' title='bbox 2662 1914 2991 1970; x_wconf 89' lang='lat' dir='ltr'><strong>correctum</strong></span> 
     </span>
     <span class='ocr_line' id='line_1_54' title="bbox 1711 1997 2992 2083; baseline -0.002 -24"><span class='ocrx_word' id='word_1_348' title='bbox 1711 2005 1804 2059; x_wconf 88' lang='lat' dir='ltr'><strong>est</strong></span> <span class='ocrx_word' id='word_1_349' title='bbox 1817 1997 1886 2083; x_wconf 85' lang='lat' dir='ltr'><strong>l).</strong></span> <span class='ocrx_word' id='word_1_350' title='bbox 1949 2001 2024 2058; x_wconf 91' lang='lat' dir='ltr'><strong>N.</strong></span> <span class='ocrx_word' id='word_1_351' title='bbox 2094 2003 2154 2059; x_wconf 88' lang='grc' dir='ltr'><strong>Τ.</strong></span> <span class='ocrx_word' id='word_1_352' title='bbox 2214 2003 2528 2059; x_wconf 78' lang='lat' dir='ltr'><strong>secundum</strong></span> <span class='ocrx_word' id='word_1_353' title='bbox 2590 2002 2890 2059; x_wconf 78' lang='lat' dir='ltr'><strong>editionem</strong></span> <span class='ocrx_word' id='word_1_354' title='bbox 2946 2018 2992 2057; x_wconf 78' lang='lat' dir='ltr'><strong>s.</strong></span> 
     </span>
     <span class='ocr_line' id='line_1_55' title="bbox 1715 2089 2993 2166; baseline 0 -20"><span class='ocrx_word' id='word_1_355' title='bbox 1715 2089 2057 2166; x_wconf 81' lang='lat' dir='ltr'><strong>Hieronymi</strong></span> <span class='ocrx_word' id='word_1_356' title='bbox 2101 2091 2172 2147; x_wconf 85' lang='lat' dir='ltr'><strong>ad</strong></span> <span class='ocrx_word' id='word_1_357' title='bbox 2212 2090 2375 2149; x_wconf 88' lang='lat' dir='ltr'><strong>codd.</strong></span> <span class='ocrx_word' id='word_1_358' title='bbox 2408 2108 2546 2150; x_wconf 90' lang='lat' dir='ltr'><strong>msc.</strong></span> <span class='ocrx_word' id='word_1_359' title='bbox 2584 2089 2759 2149; x_wconf 90' lang='lat' dir='ltr'><strong>fidem</strong></span> <span class='ocrx_word' id='word_1_360' title='bbox 2792 2089 2993 2147; x_wconf 88' lang='lat' dir='ltr'><strong>edide-</strong></span> 
     </span>
     <span class='ocr_line' id='line_1_56' title="bbox 1711 2177 2994 2238; baseline 0 -2"><span class='ocrx_word' id='word_1_361' title='bbox 1711 2177 2480 2238; x_wconf 83' lang='lat' dir='ltr'><strong>runtJ.Wordsworth</strong></span> <span class='ocrx_word' id='word_1_362' title='bbox 2510 2184 2570 2237; x_wconf 84' lang='lat' dir='ltr'><strong>et</strong></span> <span class='ocrx_word' id='word_1_363' title='bbox 2590 2180 2662 2237; x_wconf 91' lang='lat' dir='ltr'><strong>H.</strong></span> <span class='ocrx_word' id='word_1_364' title='bbox 2682 2178 2994 2237; x_wconf 88' lang='lat' dir='ltr'><strong>J.White</strong></span> 
     </span>
     <span class='ocr_line' id='line_1_57' title="bbox 1713 2267 2992 2344; baseline 0 -20"><span class='ocrx_word' id='word_1_365' title='bbox 1713 2287 1769 2342; x_wconf 89' lang='lat' dir='ltr'><strong>p.</strong></span> <span class='ocrx_word' id='word_1_366' title='bbox 1803 2267 1847 2324; x_wconf 93' lang='lat'><strong>1.</strong></span> <span class='ocrx_word' id='word_1_367' title='bbox 1880 2269 2273 2342; x_wconf 89' lang='lat' dir='ltr'><strong>complectens</strong></span> <span class='ocrx_word' id='word_1_368' title='bbox 2307 2267 2386 2325; x_wconf 91' lang='lat' dir='ltr'><strong>IV</strong></span> <span class='ocrx_word' id='word_1_369' title='bbox 2423 2268 2746 2344; x_wconf 83' lang='lat' dir='ltr'><strong>Evangelia</strong></span> <span class='ocrx_word' id='word_1_370' title='bbox 2779 2267 2992 2325; x_wconf 78' lang='lat' dir='ltr'><strong>Oxonii</strong></span> 
     </span>
     <span class='ocr_line' id='line_1_58' title="bbox 1719 2354 2994 2419; baseline -0.005 0"><span class='ocrx_word' id='word_1_371' title='bbox 1719 2365 2115 2419; x_wconf 78' lang='lat'><strong>1889-1898.</strong></span> <span class='ocrx_word' id='word_1_372' title='bbox 2133 2389 2218 2399; x_wconf 94' lang='lat'><strong>·—</strong></span> <span class='ocrx_word' id='word_1_373' title='bbox 2236 2356 2347 2414; x_wconf 92' lang='lat' dir='ltr'><strong>Sed</strong></span> <span class='ocrx_word' id='word_1_374' title='bbox 2368 2376 2486 2415; x_wconf 90' lang='lat' dir='ltr'><strong>non</strong></span> <span class='ocrx_word' id='word_1_375' title='bbox 2507 2357 2699 2415; x_wconf 89' lang='lat' dir='ltr'><strong>solum</strong></span> <span class='ocrx_word' id='word_1_376' title='bbox 2717 2358 2787 2415; x_wconf 89' lang='lat' dir='ltr'><strong>de</strong></span> <span class='ocrx_word' id='word_1_377' title='bbox 2819 2376 2857 2413; x_wconf 92' lang='lat' dir='ltr'><strong>v</strong></span> <span class='ocrx_word' id='word_1_378' title='bbox 2873 2375 2951 2414; x_wconf 90' lang='lat' dir='ltr'><strong>er</strong></span> <span class='ocrx_word' id='word_1_379' title='bbox 2968 2354 2994 2399; x_wconf 72' lang='lat'><strong>&#39;-</strong></span> 
     </span>
     <span class='ocr_line' id='line_1_59' title="bbox 1712 2445 2994 2520; baseline 0 -17"><span class='ocrx_word' id='word_1_380' title='bbox 1712 2445 1949 2503; x_wconf 86' lang='lat' dir='ltr'><strong>tenda</strong></span> <span class='ocrx_word' id='word_1_381' title='bbox 1999 2463 2044 2503; x_wconf 91' lang='lat' dir='ltr'><strong>s.</strong></span> <span class='ocrx_word' id='word_1_382' title='bbox 2092 2445 2397 2520; x_wconf 89' lang='lat' dir='ltr'><strong>Scriptura</strong></span> <span class='ocrx_word' id='word_1_383' title='bbox 2443 2445 2739 2504; x_wconf 88' lang='lat' dir='ltr'><strong>sollicitus</strong></span> <span class='ocrx_word' id='word_1_384' title='bbox 2785 2445 2903 2503; x_wconf 85' lang='lat' dir='ltr'><strong>fuit</strong></span> <span class='ocrx_word' id='word_1_385' title='bbox 2949 2464 2994 2503; x_wconf 92' lang='lat' dir='ltr'><strong>s.</strong></span> 
     </span>
     <span class='ocr_line' id='line_1_60' title="bbox 1713 2532 3084 2614; baseline 0.001 -23"><span class='ocrx_word' id='word_1_386' title='bbox 1713 2534 1934 2604; x_wconf 89' lang='lat' dir='ltr'><strong>doctor,</strong></span> <span class='ocrx_word' id='word_1_387' title='bbox 1988 2532 2091 2593; x_wconf 90' lang='lat' dir='ltr'><strong>sed</strong></span> <span class='ocrx_word' id='word_1_388' title='bbox 2141 2534 2321 2593; x_wconf 83' lang='lat' dir='ltr'><strong>etiam</strong></span> <span class='ocrx_word' id='word_1_389' title='bbox 2366 2534 2438 2593; x_wconf 90' lang='lat' dir='ltr'><strong>de</strong></span> <span class='ocrx_word' id='word_1_390' title='bbox 2483 2553 2551 2593; x_wconf 88' lang='lat' dir='ltr'><strong>ea</strong></span> <span class='ocrx_word' id='word_1_391' title='bbox 2593 2534 2996 2610; x_wconf 86' lang='lat' dir='ltr'><strong>interpre—</strong></span> <span class='ocrx_word' id='word_1_392' title='bbox 3081 2613 3084 2614; x_wconf 15' lang='lat'><em>⁷</em></span> 
     </span>
     <span class='ocr_line' id='line_1_61' title="bbox 1713 2624 2996 2699; baseline 0 -18"><span class='ocrx_word' id='word_1_393' title='bbox 1713 2624 1895 2682; x_wconf 82' lang='lat' dir='ltr'><strong>tend</strong></span> <span class='ocrx_word' id='word_1_394' title='bbox 1914 2644 1976 2682; x_wconf 85' lang='lat' dir='ltr'><strong>a:</strong></span> <span class='ocrx_word' id='word_1_395' title='bbox 2040 2627 2219 2698; x_wconf 87' lang='lat' dir='ltr'><strong>atque</strong></span> <span class='ocrx_word' id='word_1_396' title='bbox 2281 2624 2455 2682; x_wconf 90' lang='lat' dir='ltr'><strong>initio</strong></span> <span class='ocrx_word' id='word_1_397' title='bbox 2515 2624 2757 2699; x_wconf 88' lang='lat' dir='ltr'><strong>quidem</strong></span> <span class='ocrx_word' id='word_1_398' title='bbox 2811 2625 2996 2682; x_wconf 86' lang='lat' dir='ltr'><strong>latine</strong></span> 
     </span>
     <span class='ocr_line' id='line_1_62' title="bbox 1715 2709 2998 2793; baseline 0 -22"><span class='ocrx_word' id='word_1_399' title='bbox 1715 2713 1898 2771; x_wconf 88' lang='lat' dir='ltr'><strong>vertit</strong></span> <span class='ocrx_word' id='word_1_400' title='bbox 1934 2714 2200 2770; x_wconf 79' lang='lat' dir='ltr'><strong>homilias</strong></span> <span class='ocrx_word' id='word_1_401' title='bbox 2238 2712 2503 2789; x_wconf 78' lang='lat' dir='ltr'><strong>Oriqenis</strong></span> <span class='ocrx_word' id='word_1_402' title='bbox 2536 2709 2671 2793; x_wconf 89' lang='lat'>(14)</span> <span class='ocrx_word' id='word_1_403' title='bbox 2719 2715 2782 2771; x_wconf 94' lang='lat' dir='ltr'><strong>in</strong></span> <span class='ocrx_word' id='word_1_404' title='bbox 2828 2712 2998 2771; x_wconf 88' lang='lat' dir='ltr'><strong>Jere—</strong></span> 
     </span>
     <span class='ocr_line' id='line_1_63' title="bbox 1713 2797 2998 2882; baseline 0 -23"><span class='ocrx_word' id='word_1_405' title='bbox 1713 2802 1910 2872; x_wconf 92' lang='lat' dir='ltr'><strong>miam,</strong></span> <span class='ocrx_word' id='word_1_406' title='bbox 1957 2801 2021 2859; x_wconf 90' lang='lat' dir='ltr'><strong>in</strong></span> <span class='ocrx_word' id='word_1_407' title='bbox 2065 2801 2424 2860; x_wconf 87' lang='lat' dir='ltr'><strong>Ezechielem</strong></span> <span class='ocrx_word' id='word_1_408' title='bbox 2462 2797 2618 2882; x_wconf 86' lang='lat'><strong>(14),</strong></span> <span class='ocrx_word' id='word_1_409' title='bbox 2671 2802 2732 2859; x_wconf 90' lang='lat' dir='ltr'><strong>in</strong></span> <span class='ocrx_word' id='word_1_410' title='bbox 2782 2802 2998 2860; x_wconf 87' lang='lat' dir='ltr'><strong>Isaiam</strong></span> 
     </span>
    </p>
   </div>
   <div class='ocr_carea' id='block_1_10' title="bbox 1716 2924 2035 2934">
    <p class='ocr_par' dir='ltr' id='par_1_10' title="bbox 1716 2924 2035 2934">
     <span class='ocr_line' id='line_1_64' title="bbox 1716 2924 2035 2934; baseline 0 2227"><span class='ocrx_word' id='word_1_411' title='bbox 1716 2924 2035 2934; x_wconf 95' lang='lat' dir='ltr'><strong> </strong></span> 
     </span>
    </p>
   </div>
   <div class='ocr_carea' id='block_1_11' title="bbox 1711 2987 3008 4393">
    <p class='ocr_par' dir='ltr' id='par_1_11' title="bbox 1793 2987 2998 3059">
     <span class='ocr_line' id='line_1_65' title="bbox 1793 2987 2998 3059; baseline 0.001 -19"><span class='ocrx_word' id='word_1_412' title='bbox 1793 2990 1829 3058; x_wconf 81' lang='lat'><strong>¹)</strong></span> <span class='ocrx_word' id='word_1_413' title='bbox 1858 2987 1940 3041; x_wconf 81' lang='lat' dir='ltr'><strong>cf.</strong></span> <span class='ocrx_word' id='word_1_414' title='bbox 1981 2987 2759 3059; x_wconf 74' lang='lat' dir='ltr'><strong>Fessler-Jungmann</strong></span> <span class='ocrx_word' id='word_1_415' title='bbox 2804 2997 2830 3055; x_wconf 69' lang='grc' dir='ltr'><strong>ς</strong></span> <span class='ocrx_word' id='word_1_416' title='bbox 2879 2995 2998 3045; x_wconf 84' lang='grc'>149.</span> 
     </span>
    </p>

    <p class='ocr_par' dir='ltr' id='par_1_12' title="bbox 1711 3058 3008 4393">
     <span class='ocr_line' id='line_1_66' title="bbox 1714 3058 2999 3127; baseline 0.001 -16"><span class='ocrx_word' id='word_1_417' title='bbox 1714 3059 1758 3111; x_wconf 90' lang='grc' dir='ltr'>Τ</span> <span class='ocrx_word' id='word_1_418' title='bbox 1775 3077 1803 3112; x_wconf 90' lang='grc' dir='ltr'><strong>ι·</strong></span> <span class='ocrx_word' id='word_1_419' title='bbox 1819 3058 1838 3112; x_wconf 94' lang='lat' dir='ltr'><strong>i</strong></span> <span class='ocrx_word' id='word_1_420' title='bbox 1854 3078 1891 3127; x_wconf 90' lang='lat' dir='ltr'><strong>p</strong></span> <span class='ocrx_word' id='word_1_421' title='bbox 1909 3061 1972 3113; x_wconf 90' lang='lat' dir='ltr'><strong>le</strong></span> <span class='ocrx_word' id='word_1_422' title='bbox 1989 3076 2024 3111; x_wconf 85' lang='lat' dir='ltr'><strong>x</strong></span> <span class='ocrx_word' id='word_1_423' title='bbox 2070 3058 2218 3113; x_wconf 88' lang='lat' dir='ltr'><strong>circa</strong></span> <span class='ocrx_word' id='word_1_424' title='bbox 2243 3063 2562 3114; x_wconf 78' lang='lat' dir='ltr'><strong>Psalterium</strong></span> <span class='ocrx_word' id='word_1_425' title='bbox 2590 3077 2630 3113; x_wconf 91' lang='lat' dir='ltr'><strong>s.</strong></span> <span class='ocrx_word' id='word_1_426' title='bbox 2660 3058 2999 3127; x_wconf 88' lang='lat' dir='ltr'><strong>Hieronymi</strong></span> 
     </span>
     <span class='ocr_line' id='line_1_67' title="bbox 1711 3127 3002 3200; baseline -0.001 -17"><span class='ocrx_word' id='word_1_427' title='bbox 1711 3130 1875 3183; x_wconf 85' lang='lat' dir='ltr'><strong>labor</strong></span> <span class='ocrx_word' id='word_1_428' title='bbox 1900 3129 2181 3200; x_wconf 84' lang='lat' dir='ltr'><strong>distingui</strong></span> <span class='ocrx_word' id='word_1_429' title='bbox 2197 3130 2384 3183; x_wconf 90' lang='lat' dir='ltr'><strong>debet.</strong></span> <span class='ocrx_word' id='word_1_430' title='bbox 2411 3130 2599 3184; x_wconf 89' lang='lat' dir='ltr'><strong>Primo</strong></span> <span class='ocrx_word' id='word_1_431' title='bbox 2617 3130 2824 3183; x_wconf 89' lang='lat' dir='ltr'><strong>cursim</strong></span> <span class='ocrx_word' id='word_1_432' title='bbox 2841 3127 3002 3184; x_wconf 87' lang='lat' dir='ltr'><strong>illius</strong></span> 
     </span>
     <span class='ocr_line' id='line_1_68' title="bbox 1713 3201 3000 3265; baseline -0.001 -11"><span class='ocrx_word' id='word_1_433' title='bbox 1713 3202 2031 3254; x_wconf 85' lang='lat' dir='ltr'><strong>versionem</strong></span> <span class='ocrx_word' id='word_1_434' title='bbox 2059 3205 2306 3254; x_wconf 84' lang='lat' dir='ltr'><strong>veterem</strong></span> <span class='ocrx_word' id='word_1_435' title='bbox 2331 3202 2545 3255; x_wconf 89' lang='lat' dir='ltr'><strong>revidit</strong></span> <span class='ocrx_word' id='word_1_436' title='bbox 2570 3205 2629 3255; x_wconf 87' lang='lat' dir='ltr'><strong>et</strong></span> <span class='ocrx_word' id='word_1_437' title='bbox 2653 3201 3000 3265; x_wconf 83' lang='lat' dir='ltr'><strong>emendavit,</strong></span> 
     </span>
     <span class='ocr_line' id='line_1_69' title="bbox 1714 3271 3000 3335; baseline 0.001 -10"><span class='ocrx_word' id='word_1_438' title='bbox 1714 3274 1772 3325; x_wconf 83' lang='lat' dir='ltr'><strong>et</strong></span> <span class='ocrx_word' id='word_1_439' title='bbox 1816 3272 1923 3325; x_wconf 90' lang='lat' dir='ltr'><strong>hoc</strong></span> <span class='ocrx_word' id='word_1_440' title='bbox 1967 3271 2182 3326; x_wconf 85' lang='lat' dir='ltr'><strong>dicitur</strong></span> <span class='ocrx_word' id='word_1_441' title='bbox 2209 3273 2552 3326; x_wconf 85' lang='lat' dir='ltr'><strong>Psalterium</strong></span> <span class='ocrx_word' id='word_1_442' title='bbox 2597 3291 2625 3326; x_wconf 90' lang='lat' dir='ltr'><strong>r</strong></span> <span class='ocrx_word' id='word_1_443' title='bbox 2642 3289 2672 3326; x_wconf 93' lang='lat' dir='ltr'><strong>o</strong></span> <span class='ocrx_word' id='word_1_444' title='bbox 2692 3290 2746 3325; x_wconf 89' lang='lat' dir='ltr'><strong>m</strong></span> <span class='ocrx_word' id='word_1_445' title='bbox 2764 3289 2796 3324; x_wconf 82' lang='lat' dir='ltr'><strong>a</strong></span> <span class='ocrx_word' id='word_1_446' title='bbox 2816 3290 2851 3324; x_wconf 89' lang='lat' dir='ltr'><strong>n</strong></span> <span class='ocrx_word' id='word_1_447' title='bbox 2869 3289 2908 3326; x_wconf 91' lang='lat' dir='ltr'><strong>u</strong></span> <span class='ocrx_word' id='word_1_448' title='bbox 2925 3290 3000 3335; x_wconf 87' lang='lat' dir='ltr'><strong>m,</strong></span> 
     </span>
     <span class='ocr_line' id='line_1_70' title="bbox 1714 3341 3000 3412; baseline -0.002 -15"><span class='ocrx_word' id='word_1_449' title='bbox 1714 3345 1854 3412; x_wconf 86' lang='lat' dir='ltr'><strong>quia</strong></span> <span class='ocrx_word' id='word_1_450' title='bbox 1879 3343 1941 3395; x_wconf 91' lang='lat' dir='ltr'><strong>in</strong></span> <span class='ocrx_word' id='word_1_451' title='bbox 1969 3361 2137 3398; x_wconf 89' lang='lat' dir='ltr'><strong>usum</strong></span> <span class='ocrx_word' id='word_1_452' title='bbox 2153 3344 2436 3399; x_wconf 84' lang='lat' dir='ltr'><strong>Ecclesiae</strong></span> <span class='ocrx_word' id='word_1_453' title='bbox 2457 3360 2725 3400; x_wconf 86' lang='lat' dir='ltr'><strong>romanae</strong></span> <span class='ocrx_word' id='word_1_454' title='bbox 2752 3341 3000 3406; x_wconf 85' lang='lat' dir='ltr'><strong>transiit,</strong></span> 
     </span>
     <span class='ocr_line' id='line_1_71' title="bbox 1714 3413 3005 3486; baseline 0 -19"><span class='ocrx_word' id='word_1_455' title='bbox 1714 3417 1774 3468; x_wconf 88' lang='lat' dir='ltr'><strong>et</strong></span> <span class='ocrx_word' id='word_1_456' title='bbox 1798 3413 2080 3482; x_wconf 81' lang='lat' dir='ltr'><strong>quaedam</strong></span> <span class='ocrx_word' id='word_1_457' title='bbox 2107 3416 2364 3486; x_wconf 85' lang='lat' dir='ltr'><strong>ejusdem</strong></span> <span class='ocrx_word' id='word_1_458' title='bbox 2406 3415 2648 3486; x_wconf 87' lang='lat' dir='ltr'><strong>vestigia</strong></span> <span class='ocrx_word' id='word_1_459' title='bbox 2693 3418 3005 3484; x_wconf 87' lang='lat' dir='ltr'><strong>supersunt</strong></span> 
     </span>
     <span class='ocr_line' id='line_1_72' title="bbox 1714 3485 3000 3557; baseline 0 -19"><span class='ocrx_word' id='word_1_460' title='bbox 1714 3486 1775 3538; x_wconf 89' lang='lat' dir='ltr'><strong>in</strong></span> <span class='ocrx_word' id='word_1_461' title='bbox 1803 3485 2039 3557; x_wconf 70' lang='lat' dir='ltr'><strong>liturgia</strong></span> <span class='ocrx_word' id='word_1_462' title='bbox 2066 3504 2320 3541; x_wconf 83' lang='lat' dir='ltr'><strong>romana.</strong></span> <span class='ocrx_word' id='word_1_463' title='bbox 2361 3489 2522 3541; x_wconf 87' lang='lat' dir='ltr'><strong>Alter</strong></span> <span class='ocrx_word' id='word_1_464' title='bbox 2549 3491 2634 3541; x_wconf 88' lang='lat' dir='ltr'><strong>cst</strong></span> <span class='ocrx_word' id='word_1_465' title='bbox 2659 3486 3000 3540; x_wconf 84' lang='lat' dir='ltr'><strong>Psalterium</strong></span> 
     </span>
     <span class='ocr_line' id='line_1_73' title="bbox 1768 3557 3001 3629; baseline 0.001 -19"><span class='ocrx_word' id='word_1_466' title='bbox 1768 3557 1958 3611; x_wconf 78' lang='lat' dir='ltr'><strong>allio</strong></span> <span class='ocrx_word' id='word_1_467' title='bbox 1974 3575 2007 3610; x_wconf 85' lang='lat' dir='ltr'><strong>a</strong></span> <span class='ocrx_word' id='word_1_468' title='bbox 2025 3576 2062 3610; x_wconf 94' lang='lat' dir='ltr'><strong>n</strong></span> <span class='ocrx_word' id='word_1_469' title='bbox 2079 3577 2116 3612; x_wconf 94' lang='lat' dir='ltr'><strong>u</strong></span> <span class='ocrx_word' id='word_1_470' title='bbox 2133 3578 2207 3623; x_wconf 90' lang='lat' dir='ltr'><strong>m,</strong></span> <span class='ocrx_word' id='word_1_471' title='bbox 2234 3559 2303 3611; x_wconf 90' lang='lat' dir='ltr'><strong>de</strong></span> <span class='ocrx_word' id='word_1_472' title='bbox 2332 3576 2446 3627; x_wconf 90' lang='lat' dir='ltr'><strong>quo</strong></span> <span class='ocrx_word' id='word_1_473' title='bbox 2473 3577 2646 3629; x_wconf 84' lang='lat' dir='ltr'><strong>supra</strong></span> <span class='ocrx_word' id='word_1_474' title='bbox 2662 3560 2902 3629; x_wconf 85' lang='lat' dir='ltr'><strong>egimus,</strong></span> <span class='ocrx_word' id='word_1_475' title='bbox 2919 3557 3001 3611; x_wconf 67' lang='lat' dir='ltr'><strong>ita</strong></span> 
     </span>
     <span class='ocr_line' id='line_1_74' title="bbox 1714 3576 3004 3700; baseline 0.001 -20"><span class='ocrx_word' id='word_1_476' title='bbox 1714 3576 1951 3689; x_wconf 55' lang='lat' dir='ltr'><strong>{ictum</strong></span> <span class='ocrx_word' id='word_1_477' title='bbox 1981 3630 2118 3697; x_wconf 86' lang='lat' dir='ltr'><strong>quia</strong></span> <span class='ocrx_word' id='word_1_478' title='bbox 2145 3630 2205 3682; x_wconf 93' lang='lat' dir='ltr'><strong>in</strong></span> <span class='ocrx_word' id='word_1_479' title='bbox 2234 3631 2424 3683; x_wconf 78' lang='lat' dir='ltr'><strong>Gallia</strong></span> <span class='ocrx_word' id='word_1_480' title='bbox 2458 3635 2752 3700; x_wconf 86' lang='lat' dir='ltr'><strong>receptum</strong></span> <span class='ocrx_word' id='word_1_481' title='bbox 2779 3634 2880 3693; x_wconf 84' lang='lat' dir='ltr'><strong>est,</strong></span> <span class='ocrx_word' id='word_1_482' title='bbox 2921 3629 3004 3681; x_wconf 91' lang='lat' dir='ltr'><strong>id·</strong></span> 
     </span>
     <span class='ocr_line' id='line_1_75' title="bbox 1716 3700 3003 3772; baseline 0 -20"><span class='ocrx_word' id='word_1_483' title='bbox 1716 3717 1827 3766; x_wconf 87' lang='lat' dir='ltr'><strong>que</strong></span> <span class='ocrx_word' id='word_1_484' title='bbox 1856 3700 2086 3753; x_wconf 80' lang='lat' dir='ltr'><strong>transiit</strong></span> <span class='ocrx_word' id='word_1_485' title='bbox 2105 3702 2167 3754; x_wconf 89' lang='lat' dir='ltr'><strong>in</strong></span> <span class='ocrx_word' id='word_1_486' title='bbox 2185 3701 2500 3755; x_wconf 72' lang='lat' dir='ltr'><strong>versionem</strong></span> <span class='ocrx_word' id='word_1_487' title='bbox 2524 3702 2846 3772; x_wconf 81' lang='lat' dir='ltr'><strong>Vulgatam.</strong></span> <span class='ocrx_word' id='word_1_488' title='bbox 2875 3701 3003 3753; x_wconf 89' lang='lat' dir='ltr'><strong>Ter·</strong></span> 
     </span>
     <span class='ocr_line' id='line_1_76' title="bbox 1716 3770 3003 3827; baseline 0.002 -5"><span class='ocrx_word' id='word_1_489' title='bbox 1716 3770 1834 3822; x_wconf 92' lang='lat' dir='ltr'><strong>tius</strong></span> <span class='ocrx_word' id='word_1_490' title='bbox 1885 3771 2116 3825; x_wconf 88' lang='lat' dir='ltr'><strong>demum</strong></span> <span class='ocrx_word' id='word_1_491' title='bbox 2167 3772 2329 3825; x_wconf 84' lang='lat' dir='ltr'><strong>labor</strong></span> <span class='ocrx_word' id='word_1_492' title='bbox 2379 3773 2642 3827; x_wconf 85' lang='lat' dir='ltr'><strong>Psalterii</strong></span> <span class='ocrx_word' id='word_1_493' title='bbox 2687 3775 2774 3826; x_wconf 89' lang='lat' dir='ltr'><strong>est</strong></span> <span class='ocrx_word' id='word_1_494' title='bbox 2819 3770 3003 3825; x_wconf 85' lang='lat' dir='ltr'><strong>versio</strong></span> 
     </span>
     <span class='ocr_line' id='line_1_77' title="bbox 1716 3842 3008 3914; baseline 0.001 -21"><span class='ocrx_word' id='word_1_495' title='bbox 1716 3859 1865 3895; x_wconf 83' lang='lat' dir='ltr'><strong>nova</strong></span> <span class='ocrx_word' id='word_1_496' title='bbox 1892 3858 1960 3894; x_wconf 85' lang='lat' dir='ltr'><strong>ex</strong></span> <span class='ocrx_word' id='word_1_497' title='bbox 1988 3842 2249 3896; x_wconf 83' lang='lat' dir='ltr'><strong>hebraico</strong></span> <span class='ocrx_word' id='word_1_498' title='bbox 2277 3846 2585 3914; x_wconf 85' lang='lat' dir='ltr'><strong>archetypo</strong></span> <span class='ocrx_word' id='word_1_499' title='bbox 2603 3844 2930 3898; x_wconf 80' lang='lat' dir='ltr'><strong>fidelissima</strong></span> <span class='ocrx_word' id='word_1_500' title='bbox 2948 3846 3008 3894; x_wconf 81' lang='lat' dir='ltr'><strong>et</strong></span> 
     </span>
     <span class='ocr_line' id='line_1_78' title="bbox 1718 3912 3003 3983; baseline 0.001 -18"><span class='ocrx_word' id='word_1_501' title='bbox 1718 3912 2001 3982; x_wconf 76' lang='lat' dir='ltr'><strong>singulari</strong></span> <span class='ocrx_word' id='word_1_502' title='bbox 2027 3913 2390 3968; x_wconf 78' lang='lat' dir='ltr'><strong>accuratione</strong></span> <span class='ocrx_word' id='word_1_503' title='bbox 2419 3916 2727 3979; x_wconf 80' lang='lat' dir='ltr'><strong>elaborata,</strong></span> <span class='ocrx_word' id='word_1_504' title='bbox 2756 3931 2902 3983; x_wconf 79' lang='lat' dir='ltr'><strong>quae</strong></span> <span class='ocrx_word' id='word_1_505' title='bbox 2929 3914 3003 3966; x_wconf 85' lang='lat' dir='ltr'><strong>ad</strong></span> 
     </span>
     <span class='ocr_line' id='line_1_79' title="bbox 1718 3984 3004 4054; baseline 0.001 -19"><span class='ocrx_word' id='word_1_506' title='bbox 1718 3984 2000 4054; x_wconf 80' lang='lat' dir='ltr'><strong>privatam</strong></span> <span class='ocrx_word' id='word_1_507' title='bbox 2027 3985 2342 4054; x_wconf 87' lang='lat' dir='ltr'><strong>legentium</strong></span> <span class='ocrx_word' id='word_1_508' title='bbox 2359 3985 2742 4039; x_wconf 88' lang='lat' dir='ltr'><strong>eruditionem</strong></span> <span class='ocrx_word' id='word_1_509' title='bbox 2763 4001 3004 4039; x_wconf 89' lang='lat' dir='ltr'><strong>summo·</strong></span> 
     </span>
     <span class='ocr_line' id='line_1_80' title="bbox 1718 4056 3005 4125; baseline -0.002 -16"><span class='ocrx_word' id='word_1_510' title='bbox 1718 4071 1851 4125; x_wconf 89' lang='lat' dir='ltr'><strong>pere</strong></span> <span class='ocrx_word' id='word_1_511' title='bbox 1878 4056 2265 4109; x_wconf 87' lang='lat' dir='ltr'><strong>commendari</strong></span> <span class='ocrx_word' id='word_1_512' title='bbox 2291 4061 2554 4112; x_wconf 83' lang='lat' dir='ltr'><strong>meretur.</strong></span> <span class='ocrx_word' id='word_1_513' title='bbox 2569 4058 2729 4110; x_wconf 88' lang='lat' dir='ltr'><strong>Hanc</strong></span> <span class='ocrx_word' id='word_1_514' title='bbox 2740 4057 3005 4110; x_wconf 88' lang='lat' dir='ltr'><strong>accurate</strong></span> 
     </span>
     <span class='ocr_line' id='line_1_81' title="bbox 1719 4125 3005 4196; baseline -0.002 -17"><span class='ocrx_word' id='word_1_515' title='bbox 1719 4126 2026 4179; x_wconf 81' lang='lat' dir='ltr'><strong>ediderunt</strong></span> <span class='ocrx_word' id='word_1_516' title='bbox 2051 4126 2093 4178; x_wconf 90' lang='lat' dir='ltr'>L</span> <span class='ocrx_word' id='word_1_517' title='bbox 2110 4143 2143 4178; x_wconf 87' lang='lat' dir='ltr'><strong>a</strong></span> <span class='ocrx_word' id='word_1_518' title='bbox 2159 4147 2197 4196; x_wconf 82' lang='lat' dir='ltr'><strong>g</strong></span> <span class='ocrx_word' id='word_1_519' title='bbox 2213 4145 2246 4179; x_wconf 85' lang='lat' dir='ltr'><strong>a</strong></span> <span class='ocrx_word' id='word_1_520' title='bbox 2263 4145 2290 4179; x_wconf 92' lang='lat' dir='ltr'><strong>r</strong></span> <span class='ocrx_word' id='word_1_521' title='bbox 2305 4128 2340 4180; x_wconf 91' lang='lat' dir='ltr'><strong>d</strong></span> <span class='ocrx_word' id='word_1_522' title='bbox 2360 4144 2388 4180; x_wconf 88' lang='lat' dir='ltr'><strong>e</strong></span> <span class='ocrx_word' id='word_1_523' title='bbox 2433 4128 2500 4181; x_wconf 90' lang='lat' dir='ltr'><strong>Li</strong></span> <span class='ocrx_word' id='word_1_524' title='bbox 2521 4129 2658 4182; x_wconf 68' lang='lat' dir='ltr'><strong>isiae</strong></span> <span class='ocrx_word' id='word_1_525' title='bbox 2695 4136 2829 4183; x_wconf 78' lang='grc'>1874</span> <span class='ocrx_word' id='word_1_526' title='bbox 2864 4125 2926 4178; x_wconf 91' lang='lat' dir='ltr'><strong>in</strong></span> <span class='ocrx_word' id='word_1_527' title='bbox 2953 4133 3005 4180; x_wconf 86' lang='lat'><strong>8.</strong></span> 
     </span>
     <span class='ocr_line' id='line_1_82' title="bbox 1720 4197 3007 4265; baseline -0.002 -16"><span class='ocrx_word' id='word_1_528' title='bbox 1720 4199 1778 4249; x_wconf 87' lang='lat' dir='ltr'><strong>et</strong></span> <span class='ocrx_word' id='word_1_529' title='bbox 1803 4197 2000 4250; x_wconf 90' lang='lat' dir='ltr'><strong>eodem</strong></span> <span class='ocrx_word' id='word_1_530' title='bbox 2027 4199 2142 4250; x_wconf 86' lang='lat' dir='ltr'><strong>fere</strong></span> <span class='ocrx_word' id='word_1_531' title='bbox 2183 4203 2436 4265; x_wconf 88' lang='lat' dir='ltr'><strong>tempore</strong></span> <span class='ocrx_word' id='word_1_532' title='bbox 2540 4199 2600 4251; x_wconf 91' lang='lat' dir='ltr'><strong>is</strong></span> <span class='ocrx_word' id='word_1_533' title='bbox 2618 4216 2646 4251; x_wconf 92' lang='lat' dir='ltr'><strong>c</strong></span> <span class='ocrx_word' id='word_1_534' title='bbox 2664 4200 2700 4251; x_wconf 90' lang='lat' dir='ltr'><strong>h</strong></span> <span class='ocrx_word' id='word_1_535' title='bbox 2718 4216 2746 4250; x_wconf 90' lang='lat' dir='ltr'><strong>e</strong></span> <span class='ocrx_word' id='word_1_536' title='bbox 2767 4217 2800 4248; x_wconf 84' lang='lat' dir='ltr'><strong>n</strong></span> <span class='ocrx_word' id='word_1_537' title='bbox 2819 4197 2856 4249; x_wconf 92' lang='lat' dir='ltr'><strong>d</strong></span> <span class='ocrx_word' id='word_1_538' title='bbox 2873 4214 2903 4249; x_wconf 96' lang='lat' dir='ltr'><strong>o</strong></span> <span class='ocrx_word' id='word_1_539' title='bbox 2921 4214 2948 4247; x_wconf 88' lang='lat' dir='ltr'><strong>r</strong></span> <span class='ocrx_word' id='word_1_540' title='bbox 2963 4197 3007 4259; x_wconf 85' lang='lat' dir='ltr'><strong>f,</strong></span> 
     </span>
     <span class='ocr_line' id='line_1_83' title="bbox 1721 4267 3004 4333; baseline -0.002 -11"><span class='ocrx_word' id='word_1_541' title='bbox 1721 4271 1773 4322; x_wconf 79' lang='lat' dir='ltr'><strong>S.</strong></span> <span class='ocrx_word' id='word_1_542' title='bbox 1802 4268 1987 4321; x_wconf 84' lang='lat' dir='ltr'><strong>Baer</strong></span> <span class='ocrx_word' id='word_1_543' title='bbox 2014 4272 2071 4322; x_wconf 88' lang='lat' dir='ltr'><strong>et</strong></span> <span class='ocrx_word' id='word_1_544' title='bbox 2096 4267 2184 4321; x_wconf 82' lang='lat' dir='ltr'><strong>Fr.</strong></span> <span class='ocrx_word' id='word_1_545' title='bbox 2212 4269 2577 4333; x_wconf 84' lang='lat' dir='ltr'><strong>Delitsch‚</strong></span> <span class='ocrx_word' id='word_1_546' title='bbox 2605 4270 3004 4324; x_wconf 76' lang='lat' dir='ltr'><strong>ib.1874.cum</strong></span> 
     </span>
     <span class='ocr_line' id='line_1_84' title="bbox 1721 4339 3005 4393; baseline -0.003 -1"><span class='ocrx_word' id='word_1_547' title='bbox 1721 4342 1883 4393; x_wconf 83' lang='lat' dir='ltr'><strong>textu</strong></span> <span class='ocrx_word' id='word_1_548' title='bbox 1910 4339 2264 4393; x_wconf 84' lang='lat' dir='ltr'><strong>masoreticO.</strong></span> <span class='ocrx_word' id='word_1_549' title='bbox 2309 4339 2391 4392; x_wconf 81' lang='lat' dir='ltr'><strong>Of.</strong></span> <span class='ocrx_word' id='word_1_550' title='bbox 2436 4344 2686 4393; x_wconf 88' lang='lat' dir='ltr'><strong>ceterum</strong></span> <span class='ocrx_word' id='word_1_551' title='bbox 2715 4339 2763 4391; x_wconf 89' lang='lat' dir='ltr'><strong>K</strong></span> <span class='ocrx_word' id='word_1_552' title='bbox 2780 4356 2813 4391; x_wconf 87' lang='lat' dir='ltr'><strong>a</strong></span> <span class='ocrx_word' id='word_1_553' title='bbox 2832 4339 2948 4391; x_wconf 85' lang='lat' dir='ltr'><strong>ule</strong></span> <span class='ocrx_word' id='word_1_554' title='bbox 2967 4355 3005 4388; x_wconf 89' lang='lat' dir='ltr'><strong>n</strong></span> 
     </span>
    </p>
   </div>
   <div class='ocr_carea' id='block_1_12' title="bbox 381 4409 3003 4489">
    <p class='ocr_par' dir='ltr' id='par_1_13' title="bbox 381 4409 3003 4489">
     <span class='ocr_line' id='line_1_85' title="bbox 381 4409 3003 4489; baseline -0 -28"><span class='ocrx_word' id='word_1_555' title='bbox 381 4409 502 4489; x_wconf 73' lang='lat' dir='ltr'><strong>ejus</strong></span> <span class='ocrx_word' id='word_1_556' title='bbox 529 4424 559 4462; x_wconf 93' lang='lat' dir='ltr'><strong>e</strong></span> <span class='ocrx_word' id='word_1_557' title='bbox 607 4453 618 4463; x_wconf 89' lang='lat'><strong>.</strong></span> <span class='ocrx_word' id='word_1_558' title='bbox 651 4415 753 4464; x_wconf 82' lang='grc'><strong>124</strong></span> <span class='ocrx_word' id='word_1_559' title='bbox 777 4409 850 4461; x_wconf 85' lang='lat' dir='ltr'><strong>ad</strong></span> <span class='ocrx_word' id='word_1_560' title='bbox 877 4409 1133 4472; x_wconf 83' lang='lat' dir='ltr'><strong>Avitum,</strong></span> <span class='ocrx_word' id='word_1_561' title='bbox 1176 4410 1317 4478; x_wconf 89' lang='lat' dir='ltr'><strong>quid</strong></span> <span class='ocrx_word' id='word_1_562' title='bbox 1346 4410 1664 4464; x_wconf 86' lang='lat' dir='ltr'><strong>cavendum</strong></span> <span class='ocrx_word' id='word_1_563' title='bbox 1724 4412 1926 4465; x_wconf 74' lang='lat' dir='ltr'><strong>Gesch.</strong></span> <span class='ocrx_word' id='word_1_564' title='bbox 1953 4411 2052 4464; x_wconf 91' lang='lat' dir='ltr'><strong>der</strong></span> <span class='ocrx_word' id='word_1_565' title='bbox 2079 4412 2348 4482; x_wconf 80' lang='lat' dir='ltr'><strong>Vulgata,</strong></span> <span class='ocrx_word' id='word_1_566' title='bbox 2377 4410 2564 4463; x_wconf 60' lang='lat' dir='ltr'><strong>Maia</strong></span> <span class='ocrx_word' id='word_1_567' title='bbox 2601 4417 2764 4470; x_wconf 75' lang='lat'>1868:</span> <span class='ocrx_word' id='word_1_568' title='bbox 2817 4409 3003 4462; x_wconf 81' lang='lat' dir='ltr'><strong>Hand-</strong></span> 
     </span>
    </p>
   </div>
   <div class='ocr_carea' id='block_1_13' title="bbox 381 4478 1070 4553">
    <p class='ocr_par' dir='ltr' id='par_1_14' title="bbox 381 4478 1070 4553">
     <span class='ocr_line' id='line_1_86' title="bbox 381 4478 1070 4553; baseline 0.001 -20"><span class='ocrx_word' id='word_1_569' title='bbox 381 4482 456 4533; x_wconf 73' lang='lat' dir='ltr'><strong>mt</strong></span> <span class='ocrx_word' id='word_1_570' title='bbox 478 4478 541 4534; x_wconf 85' lang='lat' dir='ltr'><strong>in</strong></span> <span class='ocrx_word' id='word_1_571' title='bbox 593 4478 732 4533; x_wconf 79' lang='lat' dir='ltr'><strong>ibris</strong></span> <span class='ocrx_word' id='word_1_572' title='bbox 757 4483 866 4552; x_wconf 67' lang='grc' dir='ltr'><strong>περὶ</strong></span> <span class='ocrx_word' id='word_1_573' title='bbox 884 4485 1070 4553; x_wconf 57' lang='grc' dir='ltr'>ἀρχῶν.</span> 
     </span>
    </p>
   </div>
   <div class='ocr_carea' id='block_1_14' title="bbox 1724 4481 3008 4552">
    <p class='ocr_par' dir='ltr' id='par_1_15' title="bbox 1724 4481 3008 4552">
     <span class='ocr_line' id='line_1_87' title="bbox 1724 4481 3008 4552; baseline -0.003 -16"><span class='ocrx_word' id='word_1_574' title='bbox 1724 4484 1872 4536; x_wconf 89' lang='lat' dir='ltr'><strong>buch</strong></span> <span class='ocrx_word' id='word_1_575' title='bbox 1901 4500 2001 4535; x_wconf 86' lang='lat' dir='ltr'><strong>zur</strong></span> <span class='ocrx_word' id='word_1_576' title='bbox 2028 4484 2294 4552; x_wconf 75' lang='lat' dir='ltr'><strong>Vulgata.</strong></span> <span class='ocrx_word' id='word_1_577' title='bbox 2341 4481 2481 4535; x_wconf 85' lang='lat' dir='ltr'><strong>Eine</strong></span> <span class='ocrx_word' id='word_1_578' title='bbox 2510 4487 2735 4550; x_wconf 81' lang='lat' dir='ltr'><strong>system.</strong></span> <span class='ocrx_word' id='word_1_579' title='bbox 2762 4481 3008 4534; x_wconf 73' lang='lat' dir='ltr'><strong>Darstel-</strong></span> 
     </span>
    </p>
   </div>
   <div class='ocr_carea' id='block_1_15' title="bbox 380 4549 3011 4694">
    <p class='ocr_par' dir='ltr' id='par_1_16' title="bbox 380 4549 3011 4694">
     <span class='ocr_line' id='line_1_88' title="bbox 454 4549 3007 4675; baseline 0.001 -70"><span class='ocrx_word' id='word_1_580' title='bbox 454 4554 495 4675; x_wconf 43' lang='grc' dir='ltr'><strong>*Β</strong></span> <span class='ocrx_word' id='word_1_581' title='bbox 524 4549 609 4605; x_wconf 87' lang='lat' dir='ltr'><strong>Cf.</strong></span> <span class='ocrx_word' id='word_1_582' title='bbox 636 4550 705 4603; x_wconf 91' lang='lat' dir='ltr'><strong>de</strong></span> <span class='ocrx_word' id='word_1_583' title='bbox 731 4551 838 4639; x_wconf 63' lang='lat' dir='ltr'><strong>hac</strong></span> <span class='ocrx_word' id='word_1_584' title='bbox 864 4551 1246 4605; x_wconf 83' lang='lat' dir='ltr'><strong>controversia</strong></span> <span class='ocrx_word' id='word_1_585' title='bbox 1287 4551 1577 4621; x_wconf 84' lang='lat' dir='ltr'><strong>exegetica</strong></span> <span class='ocrx_word' id='word_1_586' title='bbox 1602 4550 1666 4636; x_wconf 76' lang='lat' dir='ltr'><strong>in</strong></span> <span class='ocrx_word' id='word_1_587' title='bbox 1721 4554 1867 4622; x_wconf 81' lang='lat' dir='ltr'><strong>lung</strong></span> <span class='ocrx_word' id='word_1_588' title='bbox 1885 4553 2036 4607; x_wconf 77' lang='lat' dir='ltr'><strong>ihtes</strong></span> <span class='ocrx_word' id='word_1_589' title='bbox 2053 4554 2150 4607; x_wconf 86' lang='lat' dir='ltr'><strong>lat.</strong></span> <span class='ocrx_word' id='word_1_590' title='bbox 2168 4554 2737 4635; x_wconf 72' lang='lat' dir='ltr'><strong>Sprachcharakters,</strong></span> <span class='ocrx_word' id='word_1_591' title='bbox 2755 4553 2829 4606; x_wconf 90' lang='lat' dir='ltr'><strong>ib.</strong></span> <span class='ocrx_word' id='word_1_592' title='bbox 2851 4554 3007 4608; x_wconf 80' lang='lat'>1870:</span> 
     </span>
     <span class='ocr_line' id='line_1_89' title="bbox 380 4620 3011 4694; baseline -0.001 -18"><span class='ocrx_word' id='word_1_593' title='bbox 380 4620 464 4676; x_wconf 82' lang='lat' dir='ltr'><strong>Ga</strong></span> <span class='ocrx_word' id='word_1_594' title='bbox 492 4662 505 4675; x_wconf 90' lang='lat'><strong>.</strong></span> <span class='ocrx_word' id='word_1_595' title='bbox 534 4627 585 4686; x_wconf 86' lang='lat'><strong>2,</strong></span> <span class='ocrx_word' id='word_1_596' title='bbox 616 4630 685 4677; x_wconf 83' lang='lat'><strong>14</strong></span> <span class='ocrx_word' id='word_1_597' title='bbox 709 4620 813 4675; x_wconf 83' lang='lat' dir='ltr'><strong>Mo</strong></span> <span class='ocrx_word' id='word_1_598' title='bbox 831 4623 950 4678; x_wconf 88' lang='lat' dir='ltr'><strong>hle</strong></span> <span class='ocrx_word' id='word_1_599' title='bbox 972 4642 1014 4687; x_wconf 91' lang='lat' dir='ltr'><strong>r,</strong></span> <span class='ocrx_word' id='word_1_600' title='bbox 1054 4622 1431 4676; x_wconf 79' lang='lat' dir='ltr'><strong>Gesammelte</strong></span> <span class='ocrx_word' id='word_1_601' title='bbox 1459 4623 1665 4677; x_wconf 78' lang='lat' dir='ltr'><strong>Schrit-</strong></span> <span class='ocrx_word' id='word_1_602' title='bbox 1722 4626 1775 4678; x_wconf 87' lang='lat' dir='ltr'><strong>S.</strong></span> <span class='ocrx_word' id='word_1_603' title='bbox 1804 4626 1848 4677; x_wconf 88' lang='lat' dir='ltr'>B</span> <span class='ocrx_word' id='word_1_604' title='bbox 1866 4642 2080 4694; x_wconf 84' lang='lat' dir='ltr'><strong>erger</strong></span> <span class='ocrx_word' id='word_1_605' title='bbox 2108 4625 2253 4678; x_wconf 79' lang='lat' dir='ltr'><strong>H1st.</strong></span> <span class='ocrx_word' id='word_1_606' title='bbox 2282 4625 2350 4677; x_wconf 92' lang='lat' dir='ltr'><strong>de</strong></span> <span class='ocrx_word' id='word_1_607' title='bbox 2379 4626 2435 4677; x_wconf 86' lang='lat' dir='ltr'><strong>la</strong></span> <span class='ocrx_word' id='word_1_608' title='bbox 2462 4624 2711 4694; x_wconf 86' lang='lat' dir='ltr'><strong>Vulgate</strong></span> <span class='ocrx_word' id='word_1_609' title='bbox 2753 4623 3011 4694; x_wconf 83' lang='lat' dir='ltr'><strong>pendant</strong></span> 
     </span>
    </p>
   </div>
   <div class='ocr_carea' id='block_1_16' title="bbox 380 4692 3013 4835">
    <p class='ocr_par' dir='ltr' id='par_1_17' title="bbox 380 4692 3013 4835">
     <span class='ocr_line' id='line_1_90' title="bbox 382 4692 3013 4767; baseline 0 -21"><span class='ocrx_word' id='word_1_610' title='bbox 382 4697 478 4746; x_wconf 87' lang='lat' dir='ltr'><strong>ten</strong></span> <span class='ocrx_word' id='word_1_611' title='bbox 506 4692 630 4746; x_wconf 90' lang='lat' dir='ltr'><strong>und</strong></span> <span class='ocrx_word' id='word_1_612' title='bbox 660 4692 943 4757; x_wconf 58' lang='lat' dir='ltr'><strong>missinae,</strong></span> <span class='ocrx_word' id='word_1_613' title='bbox 969 4695 1435 4763; x_wconf 80' lang='lat' dir='ltr'><strong>herausgegeben</strong></span> <span class='ocrx_word' id='word_1_614' title='bbox 1462 4711 1576 4748; x_wconf 87' lang='lat' dir='ltr'><strong>von</strong></span> <span class='ocrx_word' id='word_1_615' title='bbox 1613 4693 1665 4746; x_wconf 86' lang='lat' dir='ltr'><strong>J.</strong></span> <span class='ocrx_word' id='word_1_616' title='bbox 1722 4698 1801 4750; x_wconf 87' lang='lat' dir='ltr'><strong>les</strong></span> <span class='ocrx_word' id='word_1_617' title='bbox 1828 4694 2100 4765; x_wconf 73' lang='lat' dir='ltr'><strong>premiere</strong></span> <span class='ocrx_word' id='word_1_618' title='bbox 2129 4697 2321 4750; x_wconf 77' lang='lat' dir='ltr'><strong>siecles</strong></span> <span class='ocrx_word' id='word_1_619' title='bbox 2348 4697 2425 4749; x_wconf 90' lang='lat' dir='ltr'><strong>du</strong></span> <span class='ocrx_word' id='word_1_620' title='bbox 2454 4712 2657 4764; x_wconf 87' lang='lat' dir='ltr'><strong>moyen</strong></span> <span class='ocrx_word' id='word_1_621' title='bbox 2685 4700 2807 4767; x_wconf 75' lang='lat' dir='ltr'><strong>age,</strong></span> <span class='ocrx_word' id='word_1_622' title='bbox 2850 4693 3013 4747; x_wconf 81' lang='lat' dir='ltr'><strong>Paris</strong></span> 
     </span>
     <span class='ocr_line' id='line_1_91' title="bbox 380 4763 1882 4835; baseline 0.002 -19"><span class='ocrx_word' id='word_1_623' title='bbox 380 4763 428 4816; x_wconf 93' lang='lat' dir='ltr'>D</span> <span class='ocrx_word' id='word_1_624' title='bbox 445 4771 478 4818; x_wconf 79' lang='grc' dir='ltr'>ὃ</span> <span class='ocrx_word' id='word_1_625' title='bbox 499 4765 520 4818; x_wconf 92' lang='lat' dir='ltr'><strong>l</strong></span> <span class='ocrx_word' id='word_1_626' title='bbox 537 4764 561 4817; x_wconf 90' lang='lat' dir='ltr'><strong>l</strong></span> <span class='ocrx_word' id='word_1_627' title='bbox 578 4763 599 4817; x_wconf 88' lang='lat' dir='ltr'><strong>i</strong></span> <span class='ocrx_word' id='word_1_628' title='bbox 616 4781 655 4816; x_wconf 84' lang='lat' dir='ltr'><strong>n</strong></span> <span class='ocrx_word' id='word_1_629' title='bbox 670 4783 708 4833; x_wconf 86' lang='lat' dir='ltr'><strong>g</strong></span> <span class='ocrx_word' id='word_1_630' title='bbox 727 4780 756 4817; x_wconf 91' lang='lat' dir='ltr'><strong>e</strong></span> <span class='ocrx_word' id='word_1_631' title='bbox 774 4782 801 4816; x_wconf 92' lang='lat' dir='ltr'><strong>r</strong></span> <span class='ocrx_word' id='word_1_632' title='bbox 839 4764 1210 4835; x_wconf 85' lang='lat' dir='ltr'><strong>Regensburg</strong></span> <span class='ocrx_word' id='word_1_633' title='bbox 1245 4772 1377 4822; x_wconf 81' lang='lat'>1839</span> <span class='ocrx_word' id='word_1_634' title='bbox 1406 4767 1445 4830; x_wconf 88' lang='lat'><strong>1,</strong></span> <span class='ocrx_word' id='word_1_635' title='bbox 1475 4773 1499 4820; x_wconf 93' lang='lat'>1</span> <span class='ocrx_word' id='word_1_636' title='bbox 1514 4771 1665 4819; x_wconf 82' lang='lat'><strong>-18.</strong></span> <span class='ocrx_word' id='word_1_637' title='bbox 1729 4775 1882 4824; x_wconf 79' lang='lat'><strong>1893.</strong></span> 
     </span>
    </p>
   </div>
   <div class='ocr_carea' id='block_1_17' title="bbox 596 4861 2612 4921">
    <p class='ocr_par' dir='ltr' id='par_1_18' title="bbox 596 4861 2612 4921">
     <span class='ocr_line' id='line_1_92' title="bbox 596 4861 2612 4921; baseline 0.003 -14"><span class='ocrx_word' id='word_1_638' title='bbox 596 4861 787 4921; x_wconf 85' lang='lat' dir='ltr'><strong>Hurter,</strong></span> <span class='ocrx_word' id='word_1_639' title='bbox 817 4861 1143 4908; x_wconf 81' lang='lat' dir='ltr'><strong>Nomenclator</strong></span> <span class='ocrx_word' id='word_1_640' title='bbox 1168 4863 1188 4907; x_wconf 94' lang='lat'>1</span> <span class='ocrx_word' id='word_1_641' title='bbox 1216 4863 1287 4910; x_wconf 90' lang='lat' dir='ltr'><strong>ed.</strong></span> <span class='ocrx_word' id='word_1_642' title='bbox 1318 4864 1404 4912; x_wconf 91' lang='lat'><strong>111.</strong></span> <span class='ocrx_word' id='word_1_643' title='bbox 2580 4863 2612 4913; x_wconf 84' lang='lat'>9</span> 
     </span>
    </p>
   </div>
  </div>
 </body>
</html>
