<?xml version="1.0" encoding="UTF-8"?>
<!DOCTYPE html PUBLIC "-//W3C//DTD XHTML 1.0 Transitional//EN"
    "http://www.w3.org/TR/xhtml1/DTD/xhtml1-transitional.dtd">
<html xmlns="http://www.w3.org/1999/xhtml" xml:lang="en" lang="en">
 <head>
  <title>
</title>
<meta http-equiv="Content-Type" content="text/html;charset=utf-8" />
  <meta name='ocr-system' content='tesseract 3.04.00' />
  <meta name='ocr-capabilities' content='ocr_page ocr_carea ocr_par ocr_line ocrx_word'/>
</head>
<body>
  <div class='ocr_page' id='page_1' title='image "./nomenclatorlite09hurtgoog_0199.png"; bbox 0 0 3505 5161; ppageno 0'>
   <div class='ocr_carea' id='block_1_1' title="bbox 345 240 2991 2283">
    <p class='ocr_par' dir='ltr' id='par_1_1' title="bbox 345 240 2983 774">
     <span class='ocr_line' id='line_1_1' title="bbox 347 240 2974 311; baseline -0.008 0"><span class='ocrx_word' id='word_1_1' title='bbox 347 258 472 311; x_wconf 74' lang='lat'><strong>357</strong></span> <span class='ocrx_word' id='word_1_2' title='bbox 1379 243 1438 293; x_wconf 87' lang='lat' dir='ltr'><strong>et</strong></span> <span class='ocrx_word' id='word_1_3' title='bbox 1463 240 1754 310; x_wconf 80' lang='lat' dir='ltr'><strong>exegetica.</strong></span> <span class='ocrx_word' id='word_1_4' title='bbox 1781 256 1971 310; x_wconf 77' lang='lat' dir='ltr'><strong>opera.</strong></span> <span class='ocrx_word' id='word_1_5' title='bbox 2848 257 2925 310; x_wconf 90' lang='lat'><strong>35</strong></span> <span class='ocrx_word' id='word_1_6' title='bbox 2942 257 2974 311; x_wconf 67' lang='lat' dir='ltr'>g</span> 
     </span>
     <span class='ocr_line' id='line_1_2' title="bbox 351 422 2982 508; baseline 0 -24"><span class='ocrx_word' id='word_1_7' title='bbox 351 426 820 502; x_wconf 89' lang='lat' dir='ltr'><strong>comprehensus</strong></span> <span class='ocrx_word' id='word_1_8' title='bbox 855 423 958 508; x_wconf 91' lang='lat' dir='ltr'><strong>(ib.</strong></span> <span class='ocrx_word' id='word_1_9' title='bbox 991 422 1199 507; x_wconf 87' lang='lat' dir='ltr'>LXX);</span> <span class='ocrx_word' id='word_1_10' title='bbox 1233 428 1295 484; x_wconf 84' lang='lat' dir='ltr'><strong>in</strong></span> <span class='ocrx_word' id='word_1_11' title='bbox 1327 424 1468 484; x_wconf 90' lang='lat' dir='ltr'><strong>XII</strong></span> <span class='ocrx_word' id='word_1_12' title='bbox 1494 443 1639 501; x_wconf 84' lang='lat' dir='ltr'><strong>pro·</strong></span> <span class='ocrx_word' id='word_1_13' title='bbox 1696 446 1832 486; x_wconf 91' lang='lat' dir='ltr'><strong>rum</strong></span> <span class='ocrx_word' id='word_1_14' title='bbox 1863 428 1963 486; x_wconf 84' lang='lat' dir='ltr'><strong>vix</strong></span> <span class='ocrx_word' id='word_1_15' title='bbox 1997 427 2151 485; x_wconf 89' lang='lat' dir='ltr'><strong>alius</strong></span> <span class='ocrx_word' id='word_1_16' title='bbox 2184 428 2247 485; x_wconf 91' lang='lat' dir='ltr'><strong>in</strong></span> <span class='ocrx_word' id='word_1_17' title='bbox 2279 444 2357 484; x_wconf 87' lang='lat' dir='ltr'><strong>ss.</strong></span> <span class='ocrx_word' id='word_1_18' title='bbox 2404 427 2677 501; x_wconf 88' lang='lat' dir='ltr'><strong>patribus</strong></span> <span class='ocrx_word' id='word_1_19' title='bbox 2727 426 2982 501; x_wconf 89' lang='lat' dir='ltr'><strong>reperie-</strong></span> 
     </span>
     <span class='ocr_line' id='line_1_3' title="bbox 345 510 2982 596; baseline -0 -23"><span class='ocrx_word' id='word_1_20' title='bbox 345 516 558 591; x_wconf 75' lang='lat' dir='ltr'><strong>phetas</strong></span> <span class='ocrx_word' id='word_1_21' title='bbox 609 517 861 573; x_wconf 77' lang='lat' dir='ltr'><strong>minores</strong></span> <span class='ocrx_word' id='word_1_22' title='bbox 915 510 1020 596; x_wconf 88' lang='lat' dir='ltr'><strong>(ib.</strong></span> <span class='ocrx_word' id='word_1_23' title='bbox 1071 515 1251 573; x_wconf 87' lang='lat' dir='ltr'>LXXI</span> <span class='ocrx_word' id='word_1_24' title='bbox 1301 517 1362 572; x_wconf 91' lang='lat' dir='ltr'><strong>et</strong></span> <span class='ocrx_word' id='word_1_25' title='bbox 1410 514 1639 585; x_wconf 88' lang='lat' dir='ltr'><strong>LXXII,</strong></span> <span class='ocrx_word' id='word_1_26' title='bbox 1695 518 1817 587; x_wconf 89' lang='lat' dir='ltr'><strong>tur,</strong></span> <span class='ocrx_word' id='word_1_27' title='bbox 1851 516 1956 592; x_wconf 91' lang='lat' dir='ltr'><strong>qui</strong></span> <span class='ocrx_word' id='word_1_28' title='bbox 2006 516 2246 593; x_wconf 83' lang='lat' dir='ltr'><strong>ingenio</strong></span> <span class='ocrx_word' id='word_1_29' title='bbox 2295 519 2419 573; x_wconf 88' lang='lat' dir='ltr'><strong>tam</strong></span> <span class='ocrx_word' id='word_1_30' title='bbox 2468 516 2660 586; x_wconf 82' lang='lat' dir='ltr'><strong>acutO,</strong></span> <span class='ocrx_word' id='word_1_31' title='bbox 2707 514 2879 573; x_wconf 86' lang='lat' dir='ltr'><strong>uberi</strong></span> <span class='ocrx_word' id='word_1_32' title='bbox 2923 517 2982 572; x_wconf 91' lang='lat' dir='ltr'><strong>et</strong></span> 
     </span>
     <span class='ocr_line' id='line_1_4' title="bbox 357 601 2983 686; baseline -0.003 -18"><span class='ocrx_word' id='word_1_33' title='bbox 357 601 668 686; x_wconf 84' lang='lat'>9—364),</span> <span class='ocrx_word' id='word_1_34' title='bbox 711 626 745 663; x_wconf 87' lang='lat' dir='ltr'><strong>a</strong></span> <span class='ocrx_word' id='word_1_35' title='bbox 778 605 1027 679; x_wconf 79' lang='lat' dir='ltr'><strong>Pusey</strong></span> <span class='ocrx_word' id='word_1_36' title='bbox 1073 604 1282 663; x_wconf 83' lang='lat' dir='ltr'><strong>Oxonii</strong></span> <span class='ocrx_word' id='word_1_37' title='bbox 1324 613 1486 667; x_wconf 88' lang='grc'>1868</span> <span class='ocrx_word' id='word_1_38' title='bbox 1524 606 1564 661; x_wconf 87' lang='lat' dir='ltr'><strong>t.</strong></span> <span class='ocrx_word' id='word_1_39' title='bbox 1604 613 1637 665; x_wconf 84' lang='lat'><strong>2</strong></span> <span class='ocrx_word' id='word_1_40' title='bbox 1699 605 1997 681; x_wconf 82' lang='lat' dir='ltr'><strong>profundo</strong></span> <span class='ocrx_word' id='word_1_41' title='bbox 2031 623 2267 664; x_wconf 89' lang='lat' dir='ltr'><strong>sensum</strong></span> <span class='ocrx_word' id='word_1_42' title='bbox 2304 604 2675 681; x_wconf 86' lang='lat' dir='ltr'><strong>spiritualem</strong></span> <span class='ocrx_word' id='word_1_43' title='bbox 2722 603 2786 661; x_wconf 90' lang='lat' dir='ltr'><strong>in</strong></span> <span class='ocrx_word' id='word_1_44' title='bbox 2817 602 2886 663; x_wconf 90' lang='lat' dir='ltr'><strong>V.</strong></span> <span class='ocrx_word' id='word_1_45' title='bbox 2918 603 2983 661; x_wconf 89' lang='grc' dir='ltr'><strong>Τ.</strong></span> 
     </span>
     <span class='ocr_line' id='line_1_5' title="bbox 351 688 2933 774; baseline -0.002 -21"><span class='ocrx_word' id='word_1_46' title='bbox 351 695 419 753; x_wconf 91' lang='lat' dir='ltr'><strong>in</strong></span> <span class='ocrx_word' id='word_1_47' title='bbox 453 704 488 757; x_wconf 88' lang='lat'>8</span> <span class='ocrx_word' id='word_1_48' title='bbox 525 694 757 764; x_wconf 82' lang='lat' dir='ltr'><strong>editus3</strong></span> <span class='ocrx_word' id='word_1_49' title='bbox 811 694 874 751; x_wconf 91' lang='lat' dir='ltr'><strong>in</strong></span> <span class='ocrx_word' id='word_1_50' title='bbox 905 694 1164 768; x_wconf 83' lang='lat' dir='ltr'><strong>psalmos</strong></span> <span class='ocrx_word' id='word_1_51' title='bbox 1205 702 1458 756; x_wconf 84' lang='lat'>1—119</span> <span class='ocrx_word' id='word_1_52' title='bbox 1508 692 1638 768; x_wconf 88' lang='lat' dir='ltr'><strong>qui·</strong></span> <span class='ocrx_word' id='word_1_53' title='bbox 1696 695 1985 754; x_wconf 89' lang='lat' dir='ltr'><strong>latentem</strong></span> <span class='ocrx_word' id='word_1_54' title='bbox 2016 694 2370 769; x_wconf 79' lang='lat' dir='ltr'><strong>exquisierit</strong></span> <span class='ocrx_word' id='word_1_55' title='bbox 2399 696 2460 752; x_wconf 91' lang='lat' dir='ltr'><strong>et</strong></span> <span class='ocrx_word' id='word_1_56' title='bbox 2489 693 2813 767; x_wconf 89' lang='lat' dir='ltr'><strong>protulerit</strong></span> <span class='ocrx_word' id='word_1_57' title='bbox 2829 688 2933 774; x_wconf 75' lang='lat'><strong>¹).‘</strong></span> 
     </span>
    </p>

    <p class='ocr_par' dir='ltr' id='par_1_2' title="bbox 354 776 2991 2283">
     <span class='ocr_line' id='line_1_6' title="bbox 356 776 2984 861; baseline -0.001 -20"><span class='ocrx_word' id='word_1_58' title='bbox 356 783 611 842; x_wconf 87' lang='lat' dir='ltr'><strong>busdam</strong></span> <span class='ocrx_word' id='word_1_59' title='bbox 686 788 888 841; x_wconf 84' lang='lat' dir='ltr'><strong>tamen</strong></span> <span class='ocrx_word' id='word_1_60' title='bbox 962 783 1219 858; x_wconf 84' lang='lat' dir='ltr'><strong>exceptis</strong></span> <span class='ocrx_word' id='word_1_61' title='bbox 1283 776 1390 861; x_wconf 86' lang='lat' dir='ltr'><strong>(ib.</strong></span> <span class='ocrx_word' id='word_1_62' title='bbox 1440 781 1640 851; x_wconf 83' lang='lat' dir='ltr'>LXIX,</span> <span class='ocrx_word' id='word_1_63' title='bbox 1798 794 1937 847; x_wconf 81' lang='lat'><strong>197.</strong></span> <span class='ocrx_word' id='word_1_64' title='bbox 1969 783 2054 841; x_wconf 81' lang='lat' dir='ltr'><strong>Ex</strong></span> <span class='ocrx_word' id='word_1_65' title='bbox 2088 802 2133 842; x_wconf 90' lang='lat' dir='ltr'><strong>s.</strong></span> <span class='ocrx_word' id='word_1_66' title='bbox 2155 782 2362 859; x_wconf 77' lang='lat' dir='ltr'><strong>cyrilli</strong></span> <span class='ocrx_word' id='word_1_67' title='bbox 2381 783 2635 856; x_wconf 74' lang='lat' dir='ltr'><strong>epistolis</strong></span> <span class='ocrx_word' id='word_1_68' title='bbox 2664 784 2984 856; x_wconf 79' lang='lat' dir='ltr'><strong>supersunt</strong></span> 
     </span>
     <span class='ocr_line' id='line_1_7' title="bbox 361 866 2984 948; baseline -0.003 -14"><span class='ocrx_word' id='word_1_69' title='bbox 361 866 820 945; x_wconf 78' lang='lat'>717—1274);</span> <span class='ocrx_word' id='word_1_70' title='bbox 855 871 1076 930; x_wconf 83' lang='lat' dir='ltr'><strong>scholia</strong></span> <span class='ocrx_word' id='word_1_71' title='bbox 1104 871 1379 930; x_wconf 88' lang='lat' dir='ltr'><strong>ecatenis</strong></span> <span class='ocrx_word' id='word_1_72' title='bbox 1398 871 1644 929; x_wconf 87' lang='lat' dir='ltr'><strong>collecta</strong></span> <span class='ocrx_word' id='word_1_73' title='bbox 1699 875 1940 931; x_wconf 87' lang='lat' dir='ltr'><strong>tantum</strong></span> <span class='ocrx_word' id='word_1_74' title='bbox 1992 883 2094 947; x_wconf 85' lang='lat'><strong>70,</strong></span> <span class='ocrx_word' id='word_1_75' title='bbox 2141 891 2396 948; x_wconf 88' lang='lat' dir='ltr'><strong>quarum</strong></span> <span class='ocrx_word' id='word_1_76' title='bbox 2446 871 2677 945; x_wconf 81' lang='lat' dir='ltr'><strong>aliquae</strong></span> <span class='ocrx_word' id='word_1_77' title='bbox 2720 877 2984 928; x_wconf 83' lang='lat' dir='ltr'><strong>servatae</strong></span> 
     </span>
     <span class='ocr_line' id='line_1_8' title="bbox 359 959 2983 1038; baseline -0.001 -19"><span class='ocrx_word' id='word_1_78' title='bbox 359 964 420 1019; x_wconf 79' lang='lat' dir='ltr'><strong>in</strong></span> <span class='ocrx_word' id='word_1_79' title='bbox 453 962 511 1019; x_wconf 83' lang='lat' dir='ltr'><strong>ll.</strong></span> <span class='ocrx_word' id='word_1_80' title='bbox 548 980 766 1038; x_wconf 67' lang='lat' dir='ltr'><strong>requam,</strong></span> <span class='ocrx_word' id='word_1_81' title='bbox 801 959 1129 1031; x_wconf 81' lang='lat' dir='ltr'><strong>Proverbia‚</strong></span> <span class='ocrx_word' id='word_1_82' title='bbox 1169 959 1411 1019; x_wconf 73' lang='lat' dir='ltr'><strong>Cantica</strong></span> <span class='ocrx_word' id='word_1_83' title='bbox 1455 959 1643 1018; x_wconf 88' lang='lat' dir='ltr'><strong>canti·</strong></span> <span class='ocrx_word' id='word_1_84' title='bbox 1701 965 1847 1021; x_wconf 90' lang='lat' dir='ltr'><strong>sunt</strong></span> <span class='ocrx_word' id='word_1_85' title='bbox 1880 965 2115 1020; x_wconf 84' lang='lat' dir='ltr'><strong>tantum</strong></span> <span class='ocrx_word' id='word_1_86' title='bbox 2148 961 2211 1019; x_wconf 92' lang='lat' dir='ltr'><strong>in</strong></span> <span class='ocrx_word' id='word_1_87' title='bbox 2243 960 2511 1021; x_wconf 84' lang='lat' dir='ltr'><strong>versione</strong></span> <span class='ocrx_word' id='word_1_88' title='bbox 2553 960 2740 1018; x_wconf 89' lang='lat' dir='ltr'><strong>latina</strong></span> <span class='ocrx_word' id='word_1_89' title='bbox 2772 978 2983 1035; x_wconf 87' lang='lat' dir='ltr'><strong>peran-</strong></span> 
     </span>
     <span class='ocr_line' id='line_1_9' title="bbox 357 1043 2984 1130; baseline -0.002 -21"><span class='ocrx_word' id='word_1_90' title='bbox 357 1069 583 1121; x_wconf 84' lang='lat' dir='ltr'><strong>corum,</strong></span> <span class='ocrx_word' id='word_1_91' title='bbox 620 1053 680 1108; x_wconf 84' lang='lat' dir='ltr'><strong>in</strong></span> <span class='ocrx_word' id='word_1_92' title='bbox 710 1051 1022 1125; x_wconf 78' lang='lat' dir='ltr'><strong>prophetas</strong></span> <span class='ocrx_word' id='word_1_93' title='bbox 1041 1051 1288 1124; x_wconf 71' lang='lat' dir='ltr'><strong>majores</strong></span> <span class='ocrx_word' id='word_1_94' title='bbox 1319 1043 1424 1130; x_wconf 90' lang='lat' dir='ltr'><strong>(ib.</strong></span> <span class='ocrx_word' id='word_1_95' title='bbox 1445 1048 1640 1118; x_wconf 82' lang='lat' dir='ltr'>LXIX,</span> <span class='ocrx_word' id='word_1_96' title='bbox 1698 1052 1887 1126; x_wconf 88' lang='lat' dir='ltr'><strong>tiqua.</strong></span> <span class='ocrx_word' id='word_1_97' title='bbox 1950 1052 2168 1109; x_wconf 89' lang='lat' dir='ltr'><strong>Earum</strong></span> <span class='ocrx_word' id='word_1_98' title='bbox 2201 1051 2403 1126; x_wconf 88' lang='lat' dir='ltr'><strong>plures</strong></span> <span class='ocrx_word' id='word_1_99' title='bbox 2437 1054 2581 1108; x_wconf 87' lang='lat' dir='ltr'><strong>sunt</strong></span> <span class='ocrx_word' id='word_1_100' title='bbox 2613 1048 2984 1126; x_wconf 83' lang='lat' dir='ltr'><strong>dogmati-</strong></span> 
     </span>
     <span class='ocr_line' id='line_1_10' title="bbox 354 1137 2985 1216; baseline -0.002 -16"><span class='ocrx_word' id='word_1_101' title='bbox 354 1149 746 1209; x_wconf 74' lang='lat'>679—6983</span> <span class='ocrx_word' id='word_1_102' title='bbox 789 1148 1191 1209; x_wconf 75' lang='lat'>1273·1294;</span> <span class='ocrx_word' id='word_1_103' title='bbox 1236 1137 1405 1206; x_wconf 87' lang='lat' dir='ltr'>LXX,</span> <span class='ocrx_word' id='word_1_104' title='bbox 1448 1148 1642 1201; x_wconf 84' lang='lat'>1451-</span> <span class='ocrx_word' id='word_1_105' title='bbox 1700 1160 1828 1200; x_wconf 91' lang='lat' dir='ltr'><strong>cae</strong></span> <span class='ocrx_word' id='word_1_106' title='bbox 1862 1143 1923 1198; x_wconf 89' lang='lat' dir='ltr'><strong>et</strong></span> <span class='ocrx_word' id='word_1_107' title='bbox 1954 1143 2226 1216; x_wconf 73' lang='lat' dir='ltr'><strong>spectant</strong></span> <span class='ocrx_word' id='word_1_108' title='bbox 2265 1140 2338 1198; x_wconf 86' lang='lat' dir='ltr'><strong>ad</strong></span> <span class='ocrx_word' id='word_1_109' title='bbox 2370 1138 2795 1198; x_wconf 87' lang='lat' dir='ltr'><strong>incarnationis</strong></span> <span class='ocrx_word' id='word_1_110' title='bbox 2829 1156 2985 1214; x_wconf 84' lang='lat' dir='ltr'><strong>mys-</strong></span> 
     </span>
     <span class='ocr_line' id='line_1_11' title="bbox 365 1223 2986 1308; baseline -0.003 -17"><span class='ocrx_word' id='word_1_111' title='bbox 365 1227 578 1305; x_wconf 84' lang='lat'><strong>1462).</strong></span> <span class='ocrx_word' id='word_1_112' title='bbox 641 1263 729 1271; x_wconf 84' lang='lat'><strong>-—</strong></span> <span class='ocrx_word' id='word_1_113' title='bbox 792 1227 1260 1286; x_wconf 72' lang='lat' dir='ltr'><strong>Commentarius</strong></span> <span class='ocrx_word' id='word_1_114' title='bbox 1321 1226 1643 1286; x_wconf 82' lang='lat' dir='ltr'><strong>admodum</strong></span> <span class='ocrx_word' id='word_1_115' title='bbox 1699 1231 1936 1299; x_wconf 89' lang='lat' dir='ltr'><strong>terium,</strong></span> <span class='ocrx_word' id='word_1_116' title='bbox 1971 1230 2131 1287; x_wconf 87' lang='lat' dir='ltr'><strong>inter</strong></span> <span class='ocrx_word' id='word_1_117' title='bbox 2175 1247 2323 1304; x_wconf 84' lang='lat' dir='ltr'><strong>quas</strong></span> <span class='ocrx_word' id='word_1_118' title='bbox 2370 1229 2594 1287; x_wconf 90' lang='lat' dir='ltr'><strong>eminet</strong></span> <span class='ocrx_word' id='word_1_119' title='bbox 2625 1247 2713 1303; x_wconf 92' lang='lat' dir='ltr'><strong>ep.</strong></span> <span class='ocrx_word' id='word_1_120' title='bbox 2749 1223 2878 1308; x_wconf 90' lang='lat' dir='ltr'><strong>(l.),</strong></span> <span class='ocrx_word' id='word_1_121' title='bbox 2914 1226 2986 1284; x_wconf 90' lang='lat' dir='ltr'><strong>ad</strong></span> 
     </span>
     <span class='ocr_line' id='line_1_12' title="bbox 356 1312 2987 1394; baseline -0.001 -18"><span class='ocrx_word' id='word_1_122' title='bbox 356 1318 624 1392; x_wconf 84' lang='lat' dir='ltr'><strong>prolixus</strong></span> <span class='ocrx_word' id='word_1_123' title='bbox 657 1318 951 1393; x_wconf 91' lang='lat' dir='ltr'><strong>planeque</strong></span> <span class='ocrx_word' id='word_1_124' title='bbox 984 1315 1235 1375; x_wconf 84' lang='lat' dir='ltr'><strong>eximius</strong></span> <span class='ocrx_word' id='word_1_125' title='bbox 1267 1318 1329 1373; x_wconf 82' lang='lat' dir='ltr'><strong>in</strong></span> <span class='ocrx_word' id='word_1_126' title='bbox 1355 1317 1643 1375; x_wconf 81' lang='lat' dir='ltr'><strong>Joannem</strong></span> <span class='ocrx_word' id='word_1_127' title='bbox 1701 1319 2020 1377; x_wconf 87' lang='lat' dir='ltr'><strong>monachos</strong></span> <span class='ocrx_word' id='word_1_128' title='bbox 2052 1318 2343 1394; x_wconf 82' lang='lat' dir='ltr'><strong>Aegypti;</strong></span> <span class='ocrx_word' id='word_1_129' title='bbox 2387 1337 2477 1393; x_wconf 90' lang='lat' dir='ltr'><strong>ep.</strong></span> <span class='ocrx_word' id='word_1_130' title='bbox 2513 1320 2634 1376; x_wconf 85' lang='lat' dir='ltr'><strong>tres</strong></span> <span class='ocrx_word' id='word_1_131' title='bbox 2666 1316 2739 1375; x_wconf 89' lang='lat' dir='ltr'><strong>ad</strong></span> <span class='ocrx_word' id='word_1_132' title='bbox 2772 1312 2987 1374; x_wconf 80' lang='lat' dir='ltr'><strong>Nesto-</strong></span> 
     </span>
     <span class='ocr_line' id='line_1_13' title="bbox 355 1400 2985 1486; baseline -0 -22"><span class='ocrx_word' id='word_1_133' title='bbox 355 1403 628 1485; x_wconf 85' lang='lat' dir='ltr'>(LXXIII</span> <span class='ocrx_word' id='word_1_134' title='bbox 673 1409 735 1464; x_wconf 90' lang='lat' dir='ltr'><strong>et</strong></span> <span class='ocrx_word' id='word_1_135' title='bbox 777 1404 1026 1473; x_wconf 85' lang='lat' dir='ltr'>LXXIV,</span> <span class='ocrx_word' id='word_1_136' title='bbox 1086 1400 1395 1486; x_wconf 79' lang='grc'>9-756),</span> <span class='ocrx_word' id='word_1_137' title='bbox 1429 1405 1492 1463; x_wconf 90' lang='lat' dir='ltr'><strong>in</strong></span> <span class='ocrx_word' id='word_1_138' title='bbox 1526 1423 1643 1481; x_wconf 86' lang='lat' dir='ltr'><strong>quo</strong></span> <span class='ocrx_word' id='word_1_139' title='bbox 1699 1409 1876 1478; x_wconf 87' lang='lat' dir='ltr'><strong>rium,</strong></span> <span class='ocrx_word' id='word_1_140' title='bbox 1924 1426 1955 1466; x_wconf 91' lang='lat' dir='ltr'><strong>e</strong></span> <span class='ocrx_word' id='word_1_141' title='bbox 2004 1406 2225 1482; x_wconf 90' lang='lat' dir='ltr'><strong>quibus</strong></span> <span class='ocrx_word' id='word_1_142' title='bbox 2266 1407 2453 1465; x_wconf 87' lang='lat' dir='ltr'><strong>altera</strong></span> <span class='ocrx_word' id='word_1_143' title='bbox 2500 1401 2611 1486; x_wconf 84' lang='lat'><strong>(4.)</strong></span> <span class='ocrx_word' id='word_1_144' title='bbox 2664 1425 2698 1463; x_wconf 88' lang='lat' dir='ltr'><strong>a</strong></span> <span class='ocrx_word' id='word_1_145' title='bbox 2738 1404 2985 1464; x_wconf 90' lang='lat' dir='ltr'><strong>concilio</strong></span> 
     </span>
     <span class='ocr_line' id='line_1_14' title="bbox 357 1492 2986 1573; baseline -0.002 -19"><span class='ocrx_word' id='word_1_146' title='bbox 357 1495 554 1554; x_wconf 90' lang='lat' dir='ltr'><strong>varios</strong></span> <span class='ocrx_word' id='word_1_147' title='bbox 585 1495 1011 1553; x_wconf 88' lang='lat' dir='ltr'><strong>haereticorum</strong></span> <span class='ocrx_word' id='word_1_148' title='bbox 1043 1512 1272 1553; x_wconf 86' lang='lat' dir='ltr'><strong>errores</strong></span> <span class='ocrx_word' id='word_1_149' title='bbox 1303 1494 1525 1552; x_wconf 76' lang='lat' dir='ltr'><strong>refellit</strong></span> <span class='ocrx_word' id='word_1_150' title='bbox 1555 1498 1645 1552; x_wconf 85' lang='lat' dir='ltr'><strong>at·</strong></span> <span class='ocrx_word' id='word_1_151' title='bbox 1701 1497 1983 1573; x_wconf 88' lang='lat' dir='ltr'><strong>ephesino</strong></span> <span class='ocrx_word' id='word_1_152' title='bbox 1996 1500 2057 1554; x_wconf 74' lang='lat' dir='ltr'><strong>et</strong></span> <span class='ocrx_word' id='word_1_153' title='bbox 2072 1495 2831 1568; x_wconf 84' lang='lat' dir='ltr'><strong>chalcedonensitamquam</strong></span> <span class='ocrx_word' id='word_1_154' title='bbox 2850 1492 2986 1550; x_wconf 86' lang='lat' dir='ltr'><strong>fidei</strong></span> 
     </span>
     <span class='ocr_line' id='line_1_15' title="bbox 360 1579 2988 1670; baseline -0.002 -27"><span class='ocrx_word' id='word_1_155' title='bbox 360 1603 479 1660; x_wconf 86' lang='lat' dir='ltr'><strong>que</strong></span> <span class='ocrx_word' id='word_1_156' title='bbox 511 1584 853 1643; x_wconf 81' lang='lat' dir='ltr'><strong>sublimiter</strong></span> <span class='ocrx_word' id='word_1_157' title='bbox 902 1584 1075 1660; x_wconf 88' lang='lat' dir='ltr'><strong>plura</strong></span> <span class='ocrx_word' id='word_1_158' title='bbox 1117 1583 1256 1642; x_wconf 88' lang='lat' dir='ltr'><strong>fidei</strong></span> <span class='ocrx_word' id='word_1_159' title='bbox 1288 1583 1645 1641; x_wconf 77' lang='lat' dir='ltr'><strong>christianae</strong></span> <span class='ocrx_word' id='word_1_160' title='bbox 1702 1586 1915 1663; x_wconf 86' lang='lat' dir='ltr'><strong>regula</strong></span> <span class='ocrx_word' id='word_1_161' title='bbox 1948 1581 2262 1670; x_wconf 81' lang='grc' dir='ltr'>(ἐπιστολὴ</span> <span class='ocrx_word' id='word_1_162' title='bbox 2295 1579 2610 1666; x_wconf 78' lang='grc' dir='ltr'>κανονικὴ)</span> <span class='ocrx_word' id='word_1_163' title='bbox 2662 1582 2988 1658; x_wconf 87' lang='lat' dir='ltr'><strong>approbata</strong></span> 
     </span>
     <span class='ocr_line' id='line_1_16' title="bbox 358 1668 2986 1756; baseline -0.001 -26"><span class='ocrx_word' id='word_1_164' title='bbox 358 1673 623 1733; x_wconf 87' lang='lat' dir='ltr'><strong>illustrat</strong></span> <span class='ocrx_word' id='word_1_165' title='bbox 666 1672 967 1750; x_wconf 83' lang='lat' dir='ltr'><strong>mysteria,</strong></span> <span class='ocrx_word' id='word_1_166' title='bbox 999 1673 1062 1731; x_wconf 93' lang='lat' dir='ltr'><strong>ll.</strong></span> <span class='ocrx_word' id='word_1_167' title='bbox 1094 1671 1217 1743; x_wconf 70' lang='grc' dir='ltr'><strong>ΧΙΙι</strong></span> <span class='ocrx_word' id='word_1_168' title='bbox 1249 1674 1497 1743; x_wconf 88' lang='lat' dir='ltr'><strong>constat,</strong></span> <span class='ocrx_word' id='word_1_169' title='bbox 1545 1672 1647 1730; x_wconf 90' lang='lat' dir='ltr'><strong>sed</strong></span> <span class='ocrx_word' id='word_1_170' title='bbox 1703 1675 1841 1743; x_wconf 81' lang='lat' dir='ltr'><strong>fuit,</strong></span> <span class='ocrx_word' id='word_1_171' title='bbox 1878 1678 1939 1733; x_wconf 89' lang='lat' dir='ltr'><strong>et</strong></span> <span class='ocrx_word' id='word_1_172' title='bbox 1969 1675 2148 1733; x_wconf 85' lang='lat' dir='ltr'><strong>tertia</strong></span> <span class='ocrx_word' id='word_1_173' title='bbox 2183 1668 2340 1756; x_wconf 85' lang='lat'><strong>(15.)</strong></span> <span class='ocrx_word' id='word_1_174' title='bbox 2375 1692 2506 1731; x_wconf 90' lang='lat' dir='ltr'><strong>cum</strong></span> <span class='ocrx_word' id='word_1_175' title='bbox 2530 1670 2827 1747; x_wconf 88' lang='lat' dir='ltr'><strong>adjunctis</strong></span> <span class='ocrx_word' id='word_1_176' title='bbox 2847 1689 2986 1728; x_wconf 88' lang='lat' dir='ltr'><strong>ana-</strong></span> 
     </span>
     <span class='ocr_line' id='line_1_17' title="bbox 359 1759 2988 1839; baseline -0.002 -19"><span class='ocrx_word' id='word_1_177' title='bbox 359 1762 598 1839; x_wconf 87' lang='lat' dir='ltr'><strong>integer</strong></span> <span class='ocrx_word' id='word_1_178' title='bbox 645 1780 767 1821; x_wconf 89' lang='lat' dir='ltr'><strong>non</strong></span> <span class='ocrx_word' id='word_1_179' title='bbox 816 1762 1085 1831; x_wconf 83' lang='lat' dir='ltr'><strong>habetur,</strong></span> <span class='ocrx_word' id='word_1_180' title='bbox 1132 1761 1354 1819; x_wconf 87' lang='lat' dir='ltr'><strong>desunt</strong></span> <span class='ocrx_word' id='word_1_181' title='bbox 1400 1762 1560 1819; x_wconf 90' lang='lat' dir='ltr'><strong>enim</strong></span> <span class='ocrx_word' id='word_1_182' title='bbox 1593 1761 1645 1819; x_wconf 85' lang='lat' dir='ltr'><strong>si</strong></span> <span class='ocrx_word' id='word_1_183' title='bbox 1703 1763 2104 1822; x_wconf 77' lang='lat' dir='ltr'><strong>thematIsmis</strong></span> <span class='ocrx_word' id='word_1_184' title='bbox 2126 1764 2387 1838; x_wconf 86' lang='lat' dir='ltr'><strong>primum</strong></span> <span class='ocrx_word' id='word_1_185' title='bbox 2403 1779 2678 1820; x_wconf 84' lang='lat' dir='ltr'><strong>romanae</strong></span> <span class='ocrx_word' id='word_1_186' title='bbox 2693 1759 2988 1817; x_wconf 80' lang='lat' dir='ltr'><strong>Ecclesiae</strong></span> 
     </span>
     <span class='ocr_line' id='line_1_18' title="bbox 361 1847 2989 1928; baseline -0.002 -19"><span class='ocrx_word' id='word_1_187' title='bbox 361 1851 695 1928; x_wconf 86' lang='lat' dir='ltr'><strong>fragmenta</strong></span> <span class='ocrx_word' id='word_1_188' title='bbox 739 1851 996 1927; x_wconf 78' lang='lat' dir='ltr'><strong>excipias</strong></span> <span class='ocrx_word' id='word_1_189' title='bbox 1043 1850 1107 1908; x_wconf 92' lang='lat' dir='ltr'><strong>ll.</strong></span> <span class='ocrx_word' id='word_1_190' title='bbox 1153 1850 1262 1908; x_wconf 87' lang='lat' dir='ltr'><strong>VH</strong></span> <span class='ocrx_word' id='word_1_191' title='bbox 1307 1852 1369 1907; x_wconf 89' lang='lat' dir='ltr'><strong>et</strong></span> <span class='ocrx_word' id='word_1_192' title='bbox 1413 1849 1551 1908; x_wconf 88' lang='lat' dir='ltr'><strong>VIII</strong></span> <span class='ocrx_word' id='word_1_193' title='bbox 1583 1851 1645 1908; x_wconf 91' lang='lat' dir='ltr'><strong>in</strong></span> <span class='ocrx_word' id='word_1_194' title='bbox 1698 1852 1947 1927; x_wconf 89' lang='lat' dir='ltr'><strong>judici0,</strong></span> <span class='ocrx_word' id='word_1_195' title='bbox 1994 1852 2132 1910; x_wconf 87' lang='lat' dir='ltr'><strong>dein</strong></span> <span class='ocrx_word' id='word_1_196' title='bbox 2178 1869 2473 1911; x_wconf 89' lang='lat' dir='ltr'><strong>consensu</strong></span> <span class='ocrx_word' id='word_1_197' title='bbox 2523 1849 2685 1909; x_wconf 88' lang='lat' dir='ltr'><strong>orbis</strong></span> <span class='ocrx_word' id='word_1_198' title='bbox 2718 1847 2989 1907; x_wconf 83' lang='lat' dir='ltr'><strong>catholici</strong></span> 
     </span>
     <span class='ocr_line' id='line_1_19' title="bbox 355 1936 2987 2016; baseline -0.002 -18"><span class='ocrx_word' id='word_1_199' title='bbox 355 1941 453 1999; x_wconf 82' lang='lat' dir='ltr'><strong>J0.</strong></span> <span class='ocrx_word' id='word_1_200' title='bbox 496 1952 592 2013; x_wconf 91' lang='lat'><strong>10,</strong></span> <span class='ocrx_word' id='word_1_201' title='bbox 635 1949 909 2009; x_wconf 86' lang='grc'>18-12,</span> <span class='ocrx_word' id='word_1_202' title='bbox 948 1948 1048 2003; x_wconf 85' lang='grc'><strong>48.</strong></span> <span class='ocrx_word' id='word_1_203' title='bbox 1081 1939 1203 1998; x_wconf 85' lang='lat' dir='ltr'><strong>Hos</strong></span> <span class='ocrx_word' id='word_1_204' title='bbox 1239 1938 1418 2015; x_wconf 86' lang='lat' dir='ltr'><strong>(sicut</strong></span> <span class='ocrx_word' id='word_1_205' title='bbox 1438 1941 1500 1997; x_wconf 90' lang='lat' dir='ltr'><strong>et</strong></span> <span class='ocrx_word' id='word_1_206' title='bbox 1519 1939 1647 2001; x_wconf 92' lang='lat' dir='ltr'><strong>ll.V</strong></span> <span class='ocrx_word' id='word_1_207' title='bbox 1702 1941 1819 2000; x_wconf 86' lang='lat' dir='ltr'><strong>fuit</strong></span> <span class='ocrx_word' id='word_1_208' title='bbox 1849 1942 2199 2016; x_wconf 85' lang='lat' dir='ltr'><strong>approbata;</strong></span> <span class='ocrx_word' id='word_1_209' title='bbox 2233 1959 2322 2015; x_wconf 88' lang='lat' dir='ltr'><strong>ep.</strong></span> <span class='ocrx_word' id='word_1_210' title='bbox 2354 1938 2429 1998; x_wconf 86' lang='lat' dir='ltr'><strong>ad</strong></span> <span class='ocrx_word' id='word_1_211' title='bbox 2460 1939 2498 1998; x_wconf 83' lang='lat' dir='ltr'><strong>J</strong></span> <span class='ocrx_word' id='word_1_212' title='bbox 2502 1957 2751 1998; x_wconf 88' lang='lat' dir='ltr'><strong>oannem</strong></span> <span class='ocrx_word' id='word_1_213' title='bbox 2783 1955 2891 1995; x_wconf 89' lang='lat' dir='ltr'><strong>seu</strong></span> <span class='ocrx_word' id='word_1_214' title='bbox 2912 1936 2987 1994; x_wconf 91' lang='lat' dir='ltr'><strong>ad</strong></span> 
     </span>
     <span class='ocr_line' id='line_1_20' title="bbox 360 2024 2988 2110; baseline -0.002 -22"><span class='ocrx_word' id='word_1_215' title='bbox 360 2032 423 2088; x_wconf 88' lang='lat' dir='ltr'><strong>et</strong></span> <span class='ocrx_word' id='word_1_216' title='bbox 457 2030 571 2100; x_wconf 64' lang='lat' dir='ltr'><strong>VI,</strong></span> <span class='ocrx_word' id='word_1_217' title='bbox 626 2029 732 2104; x_wconf 90' lang='lat' dir='ltr'><strong>qui</strong></span> <span class='ocrx_word' id='word_1_218' title='bbox 780 2028 951 2104; x_wconf 87' lang='lat' dir='ltr'><strong>prius</strong></span> <span class='ocrx_word' id='word_1_219' title='bbox 1003 2028 1182 2087; x_wconf 89' lang='lat' dir='ltr'><strong>etiam</strong></span> <span class='ocrx_word' id='word_1_220' title='bbox 1213 2025 1481 2109; x_wconf 81' lang='lat' dir='ltr'><strong>deerant)</strong></span> <span class='ocrx_word' id='word_1_221' title='bbox 1514 2027 1646 2086; x_wconf 85' lang='lat' dir='ltr'><strong>Jod.</strong></span> <span class='ocrx_word' id='word_1_222' title='bbox 1703 2030 2024 2089; x_wconf 79' lang='lat' dir='ltr'><strong>orientales</strong></span> <span class='ocrx_word' id='word_1_223' title='bbox 2058 2024 2189 2110; x_wconf 87' lang='lat'>(34,</span> <span class='ocrx_word' id='word_1_224' title='bbox 2223 2029 2476 2105; x_wconf 83' lang='lat' dir='ltr'><strong>Migne</strong></span> <span class='ocrx_word' id='word_1_225' title='bbox 2514 2024 2621 2109; x_wconf 83' lang='lat'><strong>39)</strong></span> <span class='ocrx_word' id='word_1_226' title='bbox 2656 2026 2813 2085; x_wconf 84' lang='lat' dir='ltr'><strong>dicta</strong></span> <span class='ocrx_word' id='word_1_227' title='bbox 2831 2045 2988 2100; x_wconf 87' lang='lat' dir='ltr'><strong>sym-</strong></span> 
     </span>
     <span class='ocr_line' id='line_1_21' title="bbox 361 2116 2991 2194; baseline -0.002 -17"><span class='ocrx_word' id='word_1_228' title='bbox 361 2118 872 2178; x_wconf 84' lang='lat' dir='ltr'><strong>Clichtoveus</strong></span> <span class='ocrx_word' id='word_1_229' title='bbox 939 2136 970 2176; x_wconf 91' lang='lat' dir='ltr'><strong>e</strong></span> <span class='ocrx_word' id='word_1_230' title='bbox 1021 2135 1128 2176; x_wconf 85' lang='lat' dir='ltr'><strong>suo</strong></span> <span class='ocrx_word' id='word_1_231' title='bbox 1174 2117 1416 2193; x_wconf 81' lang='lat' dir='ltr'><strong>ingenio</strong></span> <span class='ocrx_word' id='word_1_232' title='bbox 1462 2117 1645 2192; x_wconf 82' lang='lat' dir='ltr'><strong>Chry·</strong></span> <span class='ocrx_word' id='word_1_233' title='bbox 1706 2120 1915 2178; x_wconf 91' lang='lat' dir='ltr'><strong>bolum</strong></span> <span class='ocrx_word' id='word_1_234' title='bbox 1948 2118 2298 2194; x_wconf 90' lang='lat' dir='ltr'><strong>ephesinum</strong></span> <span class='ocrx_word' id='word_1_235' title='bbox 2319 2122 2380 2177; x_wconf 89' lang='lat' dir='ltr'><strong>et</strong></span> <span class='ocrx_word' id='word_1_236' title='bbox 2399 2122 2705 2192; x_wconf 88' lang='lat' dir='ltr'><strong>tamquam</strong></span> <span class='ocrx_word' id='word_1_237' title='bbox 2736 2116 2991 2173; x_wconf 84' lang='lat' dir='ltr'><strong>formula.</strong></span> 
     </span>
     <span class='ocr_line' id='line_1_22' title="bbox 363 2205 2991 2283; baseline -0.002 -16"><span class='ocrx_word' id='word_1_238' title='bbox 363 2212 709 2277; x_wconf 80' lang='lat' dir='ltr'><strong>sostomum,</strong></span> <span class='ocrx_word' id='word_1_239' title='bbox 742 2206 1150 2283; x_wconf 84' lang='lat' dir='ltr'><strong>Augustinum</strong></span> <span class='ocrx_word' id='word_1_240' title='bbox 1185 2205 1450 2281; x_wconf 87' lang='lat' dir='ltr'><strong>aliosque</strong></span> <span class='ocrx_word' id='word_1_241' title='bbox 1483 2224 1647 2264; x_wconf 89' lang='lat' dir='ltr'><strong>secu·</strong></span> <span class='ocrx_word' id='word_1_242' title='bbox 1704 2208 2048 2267; x_wconf 86' lang='lat' dir='ltr'><strong>concordiae</strong></span> <span class='ocrx_word' id='word_1_243' title='bbox 2080 2208 2153 2266; x_wconf 87' lang='lat' dir='ltr'><strong>ab</strong></span> <span class='ocrx_word' id='word_1_244' title='bbox 2175 2208 2451 2266; x_wconf 86' lang='lat' dir='ltr'><strong>universa</strong></span> <span class='ocrx_word' id='word_1_245' title='bbox 2465 2206 2726 2265; x_wconf 83' lang='lat' dir='ltr'><strong>Ecclesia</strong></span> <span class='ocrx_word' id='word_1_246' title='bbox 2756 2206 2991 2281; x_wconf 88' lang='lat' dir='ltr'><strong>recepta</strong></span> 
     </span>
    </p>
   </div>
   <div class='ocr_carea' id='block_1_2' title="bbox 359 2294 1658 4411">
    <p class='ocr_par' dir='ltr' id='par_1_3' title="bbox 359 2294 1658 4411">
     <span class='ocr_line' id='line_1_23' title="bbox 359 2294 1648 2372; baseline -0.002 -17"><span class='ocrx_word' id='word_1_247' title='bbox 359 2300 466 2355; x_wconf 86' lang='lat' dir='ltr'><strong>tus</strong></span> <span class='ocrx_word' id='word_1_248' title='bbox 503 2298 565 2354; x_wconf 93' lang='lat' dir='ltr'><strong>in</strong></span> <span class='ocrx_word' id='word_1_249' title='bbox 597 2314 704 2355; x_wconf 89' lang='lat' dir='ltr'><strong>sua</strong></span> <span class='ocrx_word' id='word_1_250' title='bbox 735 2295 825 2355; x_wconf 89' lang='lat' dir='ltr'><strong>ed.</strong></span> <span class='ocrx_word' id='word_1_251' title='bbox 859 2297 957 2358; x_wconf 88' lang='lat' dir='ltr'><strong>lat.</strong></span> <span class='ocrx_word' id='word_1_252' title='bbox 1003 2314 1137 2372; x_wconf 91' lang='lat' dir='ltr'><strong>opp.</strong></span> <span class='ocrx_word' id='word_1_253' title='bbox 1171 2313 1216 2353; x_wconf 88' lang='lat' dir='ltr'><strong>s.</strong></span> <span class='ocrx_word' id='word_1_254' title='bbox 1250 2294 1477 2371; x_wconf 81' lang='lat' dir='ltr'><strong>Cyrilli,</strong></span> <span class='ocrx_word' id='word_1_255' title='bbox 1541 2296 1648 2352; x_wconf 91' lang='lat' dir='ltr'><strong>Pa-</strong></span> 
     </span>
     <span class='ocr_line' id='line_1_24' title="bbox 364 2385 1648 2459; baseline -0.003 -14"><span class='ocrx_word' id='word_1_256' title='bbox 364 2386 526 2445; x_wconf 87' lang='lat' dir='ltr'><strong>risiis</strong></span> <span class='ocrx_word' id='word_1_257' title='bbox 551 2398 576 2448; x_wconf 89' lang='lat'>1</span> <span class='ocrx_word' id='word_1_258' title='bbox 595 2394 752 2455; x_wconf 78' lang='lat'>5083</span> <span class='ocrx_word' id='word_1_259' title='bbox 796 2394 988 2451; x_wconf 84' lang='grc' dir='ltr'>152ος</span> <span class='ocrx_word' id='word_1_260' title='bbox 1013 2385 1278 2443; x_wconf 84' lang='lat' dir='ltr'><strong>Basileae</strong></span> <span class='ocrx_word' id='word_1_261' title='bbox 1303 2394 1488 2456; x_wconf 85' lang='lat'>1524,</span> <span class='ocrx_word' id='word_1_262' title='bbox 1507 2402 1648 2459; x_wconf 88' lang='lat' dir='ltr'><strong>sup-</strong></span> 
     </span>
     <span class='ocr_line' id='line_1_25' title="bbox 363 2474 1647 2551; baseline -0.003 -18"><span class='ocrx_word' id='word_1_263' title='bbox 363 2474 570 2551; x_wconf 85' lang='lat' dir='ltr'><strong>plevit,</strong></span> <span class='ocrx_word' id='word_1_264' title='bbox 605 2474 754 2549; x_wconf 88' lang='lat' dir='ltr'><strong>quin</strong></span> <span class='ocrx_word' id='word_1_265' title='bbox 785 2474 970 2532; x_wconf 91' lang='lat' dir='ltr'><strong>lector</strong></span> <span class='ocrx_word' id='word_1_266' title='bbox 1000 2474 1332 2532; x_wconf 82' lang='lat' dir='ltr'><strong>charactere</strong></span> <span class='ocrx_word' id='word_1_267' title='bbox 1364 2478 1647 2549; x_wconf 84' lang='lat' dir='ltr'><strong>typorum</strong></span> 
     </span>
     <span class='ocr_line' id='line_1_26' title="bbox 364 2562 1651 2640; baseline -0.002 -17"><span class='ocrx_word' id='word_1_268' title='bbox 364 2565 461 2623; x_wconf 82' lang='lat' dir='ltr'><strong>vel</strong></span> <span class='ocrx_word' id='word_1_269' title='bbox 492 2563 614 2623; x_wconf 90' lang='lat' dir='ltr'><strong>alia</strong></span> <span class='ocrx_word' id='word_1_270' title='bbox 645 2564 786 2623; x_wconf 88' lang='lat' dir='ltr'><strong>nota</strong></span> <span class='ocrx_word' id='word_1_271' title='bbox 832 2583 938 2639; x_wconf 86' lang='lat' dir='ltr'><strong>per</strong></span> <span class='ocrx_word' id='word_1_272' title='bbox 980 2563 1247 2640; x_wconf 82' lang='lat' dir='ltr'><strong>singulas</strong></span> <span class='ocrx_word' id='word_1_273' title='bbox 1281 2562 1651 2640; x_wconf 86' lang='lat' dir='ltr'><strong>agnoscenda</strong></span> 
     </span>
     <span class='ocr_line' id='line_1_27' title="bbox 365 2652 1648 2730; baseline -0.002 -18"><span class='ocrx_word' id='word_1_274' title='bbox 365 2654 614 2730; x_wconf 82' lang='lat' dir='ltr'><strong>paginas</strong></span> <span class='ocrx_word' id='word_1_275' title='bbox 647 2652 793 2711; x_wconf 84' lang='lat' dir='ltr'><strong>satis</strong></span> <span class='ocrx_word' id='word_1_276' title='bbox 825 2671 894 2711; x_wconf 91' lang='lat' dir='ltr'><strong>ea</strong></span> <span class='ocrx_word' id='word_1_277' title='bbox 925 2652 997 2711; x_wconf 86' lang='lat' dir='ltr'><strong>de</strong></span> <span class='ocrx_word' id='word_1_278' title='bbox 1017 2671 1081 2710; x_wconf 93' lang='lat' dir='ltr'><strong>re</strong></span> <span class='ocrx_word' id='word_1_279' title='bbox 1102 2655 1476 2711; x_wconf 89' lang='lat' dir='ltr'><strong>moneretur:</strong></span> <span class='ocrx_word' id='word_1_280' title='bbox 1509 2652 1648 2711; x_wconf 92' lang='lat' dir='ltr'><strong>hinc</strong></span> 
     </span>
     <span class='ocr_line' id='line_1_28' title="bbox 365 2741 1650 2811; baseline -0.002 -10"><span class='ocrx_word' id='word_1_281' title='bbox 365 2761 487 2801; x_wconf 89' lang='lat' dir='ltr'><strong>non</strong></span> <span class='ocrx_word' id='word_1_282' title='bbox 520 2742 701 2800; x_wconf 86' lang='lat' dir='ltr'><strong>semel</strong></span> <span class='ocrx_word' id='word_1_283' title='bbox 734 2741 956 2800; x_wconf 86' lang='lat' dir='ltr'><strong>factum</strong></span> <span class='ocrx_word' id='word_1_284' title='bbox 989 2743 1095 2811; x_wconf 91' lang='lat' dir='ltr'><strong>est,</strong></span> <span class='ocrx_word' id='word_1_285' title='bbox 1147 2745 1220 2799; x_wconf 87' lang='lat' dir='ltr'><strong>ut</strong></span> <span class='ocrx_word' id='word_1_286' title='bbox 1250 2741 1430 2800; x_wconf 86' lang='lat' dir='ltr'><strong>verba</strong></span> <span class='ocrx_word' id='word_1_287' title='bbox 1463 2742 1650 2800; x_wconf 89' lang='lat' dir='ltr'><strong>Clich·</strong></span> 
     </span>
     <span class='ocr_line' id='line_1_29' title="bbox 367 2829 1651 2907; baseline -0.002 -17"><span class='ocrx_word' id='word_1_288' title='bbox 367 2832 525 2891; x_wconf 86' lang='lat' dir='ltr'><strong>tovei</strong></span> <span class='ocrx_word' id='word_1_289' title='bbox 556 2848 665 2907; x_wconf 86' lang='lat' dir='ltr'><strong>pro</strong></span> <span class='ocrx_word' id='word_1_290' title='bbox 698 2830 1037 2906; x_wconf 73' lang='lat' dir='ltr'><strong>cyrilliania</strong></span> <span class='ocrx_word' id='word_1_291' title='bbox 1071 2829 1477 2889; x_wconf 88' lang='lat' dir='ltr'><strong>laudarentur.</strong></span> <span class='ocrx_word' id='word_1_292' title='bbox 1512 2830 1651 2888; x_wconf 89' lang='lat' dir='ltr'><strong>Edi·</strong></span> 
     </span>
     <span class='ocr_line' id='line_1_30' title="bbox 363 2919 1651 2995; baseline -0.002 -17"><span class='ocrx_word' id='word_1_293' title='bbox 363 2920 457 2978; x_wconf 89' lang='lat' dir='ltr'><strong>dit</strong></span> <span class='ocrx_word' id='word_1_294' title='bbox 489 2920 630 2979; x_wconf 86' lang='lat' dir='ltr'><strong>haec</strong></span> <span class='ocrx_word' id='word_1_295' title='bbox 679 2919 1100 2978; x_wconf 85' lang='lat' dir='ltr'><strong>comment-aria</strong></span> <span class='ocrx_word' id='word_1_296' title='bbox 1143 2920 1392 2995; x_wconf 84' lang='lat' dir='ltr'><strong>Pusey</strong></span> <span class='ocrx_word' id='word_1_297' title='bbox 1442 2919 1651 2977; x_wconf 82' lang='lat' dir='ltr'><strong>Oxonii</strong></span> 
     </span>
     <span class='ocr_line' id='line_1_31' title="bbox 374 3007 1655 3084; baseline -0.006 -12"><span class='ocrx_word' id='word_1_298' title='bbox 374 3019 540 3072; x_wconf 64' lang='lat'><strong>1672</strong></span> <span class='ocrx_word' id='word_1_299' title='bbox 574 3010 619 3071; x_wconf 88' lang='lat' dir='ltr'><strong>t.</strong></span> <span class='ocrx_word' id='word_1_300' title='bbox 654 3017 689 3069; x_wconf 89' lang='grc'>3</span> <span class='ocrx_word' id='word_1_301' title='bbox 724 3008 789 3065; x_wconf 91' lang='lat' dir='ltr'><strong>in</strong></span> <span class='ocrx_word' id='word_1_302' title='bbox 823 3018 878 3070; x_wconf 87' lang='grc'><strong>8.</strong></span> <span class='ocrx_word' id='word_1_303' title='bbox 910 3042 979 3052; x_wconf 89' lang='grc'>-</span> <span class='ocrx_word' id='word_1_304' title='bbox 1007 3007 1356 3084; x_wconf 82' lang='lat' dir='ltr'><strong>Explanatio</strong></span> <span class='ocrx_word' id='word_1_305' title='bbox 1373 3010 1436 3066; x_wconf 83' lang='lat' dir='ltr'><strong>in</strong></span> <span class='ocrx_word' id='word_1_306' title='bbox 1459 3008 1655 3067; x_wconf 84' lang='lat' dir='ltr'><strong>Lucae</strong></span> 
     </span>
     <span class='ocr_line' id='line_1_32' title="bbox 371 3096 1649 3176; baseline 0.002 -20"><span class='ocrx_word' id='word_1_307' title='bbox 371 3098 767 3176; x_wconf 61' lang='lat' dir='ltr'><strong>Evangelium,</strong></span> <span class='ocrx_word' id='word_1_308' title='bbox 823 3115 1000 3171; x_wconf 90' lang='lat' dir='ltr'><strong>quam</strong></span> <span class='ocrx_word' id='word_1_309' title='bbox 1047 3097 1350 3155; x_wconf 85' lang='lat' dir='ltr'><strong>collectam</strong></span> <span class='ocrx_word' id='word_1_310' title='bbox 1382 3116 1449 3155; x_wconf 81' lang='lat' dir='ltr'><strong>ex</strong></span> <span class='ocrx_word' id='word_1_311' title='bbox 1484 3096 1649 3158; x_wconf 88' lang='lat' dir='ltr'><strong>codd.</strong></span> 
     </span>
     <span class='ocr_line' id='line_1_33' title="bbox 367 3185 1651 3261; baseline -0.001 -17"><span class='ocrx_word' id='word_1_312' title='bbox 367 3187 655 3245; x_wconf 83' lang='lat' dir='ltr'><strong>vaticanis</strong></span> <span class='ocrx_word' id='word_1_313' title='bbox 689 3185 951 3261; x_wconf 86' lang='lat' dir='ltr'><strong>primum</strong></span> <span class='ocrx_word' id='word_1_314' title='bbox 995 3185 1185 3244; x_wconf 89' lang='lat' dir='ltr'><strong>edidit</strong></span> <span class='ocrx_word' id='word_1_315' title='bbox 1219 3186 1359 3244; x_wconf 88' lang='lat' dir='ltr'><strong>Mai</strong></span> <span class='ocrx_word' id='word_1_316' title='bbox 1411 3187 1475 3243; x_wconf 93' lang='lat' dir='ltr'><strong>in</strong></span> <span class='ocrx_word' id='word_1_317' title='bbox 1506 3185 1651 3244; x_wconf 86' lang='lat' dir='ltr'><strong>bibl.</strong></span> 
     </span>
     <span class='ocr_line' id='line_1_34' title="bbox 365 3270 1652 3354; baseline 0.004 -21"><span class='ocrx_word' id='word_1_318' title='bbox 365 3293 519 3333; x_wconf 85' lang='lat' dir='ltr'><strong>nova</strong></span> <span class='ocrx_word' id='word_1_319' title='bbox 551 3276 661 3332; x_wconf 91' lang='grc' dir='ltr'><strong>ΡΡ.</strong></span> <span class='ocrx_word' id='word_1_320' title='bbox 694 3278 737 3337; x_wconf 87' lang='lat' dir='ltr'><strong>t.</strong></span> <span class='ocrx_word' id='word_1_321' title='bbox 768 3274 825 3332; x_wconf 91' lang='lat' dir='ltr'>H</span> <span class='ocrx_word' id='word_1_322' title='bbox 861 3270 1140 3354; x_wconf 83' lang='lat' dir='ltr'><strong>(Migne</strong></span> <span class='ocrx_word' id='word_1_323' title='bbox 1172 3274 1397 3345; x_wconf 86' lang='lat' dir='ltr'>LXXII,</span> <span class='ocrx_word' id='word_1_324' title='bbox 1436 3285 1652 3337; x_wconf 74' lang='lat'>475—-</span> 
     </span>
     <span class='ocr_line' id='line_1_35' title="bbox 377 3364 1652 3439; baseline 0 -17"><span class='ocrx_word' id='word_1_325' title='bbox 377 3369 557 3439; x_wconf 82' lang='grc'>950);</span> <span class='ocrx_word' id='word_1_326' title='bbox 593 3383 660 3422; x_wconf 86' lang='lat' dir='ltr'><strong>ea</strong></span> <span class='ocrx_word' id='word_1_327' title='bbox 690 3367 885 3422; x_wconf 87' lang='lat' dir='ltr'><strong>exstat</strong></span> <span class='ocrx_word' id='word_1_328' title='bbox 915 3382 1131 3439; x_wconf 82' lang='lat' dir='ltr'><strong>magna</strong></span> <span class='ocrx_word' id='word_1_329' title='bbox 1162 3382 1229 3421; x_wconf 84' lang='lat' dir='ltr'><strong>ex</strong></span> <span class='ocrx_word' id='word_1_330' title='bbox 1249 3368 1418 3439; x_wconf 88' lang='lat' dir='ltr'><strong>parte</strong></span> <span class='ocrx_word' id='word_1_331' title='bbox 1439 3364 1502 3422; x_wconf 94' lang='lat' dir='ltr'><strong>in</strong></span> <span class='ocrx_word' id='word_1_332' title='bbox 1523 3383 1652 3422; x_wconf 90' lang='lat' dir='ltr'><strong>ver-</strong></span> 
     </span>
     <span class='ocr_line' id='line_1_36' title="bbox 363 3447 1652 3533; baseline -0.002 -21"><span class='ocrx_word' id='word_1_333' title='bbox 363 3454 528 3512; x_wconf 88' lang='lat' dir='ltr'><strong>sione</strong></span> <span class='ocrx_word' id='word_1_334' title='bbox 583 3453 813 3528; x_wconf 86' lang='lat' dir='ltr'><strong>syriaca</strong></span> <span class='ocrx_word' id='word_1_335' title='bbox 855 3447 971 3533; x_wconf 89' lang='lat' dir='ltr'><strong>(ed.</strong></span> <span class='ocrx_word' id='word_1_336' title='bbox 1003 3471 1039 3510; x_wconf 88' lang='lat' dir='ltr'><strong>a</strong></span> <span class='ocrx_word' id='word_1_337' title='bbox 1070 3453 1134 3510; x_wconf 82' lang='lat' dir='ltr'><strong>R.</strong></span> <span class='ocrx_word' id='word_1_338' title='bbox 1168 3453 1368 3528; x_wconf 91' lang='lat' dir='ltr'><strong>Payne</strong></span> <span class='ocrx_word' id='word_1_339' title='bbox 1403 3452 1652 3510; x_wconf 90' lang='lat' dir='ltr'><strong>Smith</strong></span> 
     </span>
     <span class='ocr_line' id='line_1_37' title="bbox 365 3537 1653 3621; baseline 0 -22"><span class='ocrx_word' id='word_1_340' title='bbox 365 3541 582 3600; x_wconf 78' lang='lat' dir='ltr'><strong>Otonii</strong></span> <span class='ocrx_word' id='word_1_341' title='bbox 623 3537 834 3621; x_wconf 83' lang='lat'><strong>1858).</strong></span> <span class='ocrx_word' id='word_1_342' title='bbox 896 3542 1251 3618; x_wconf 84' lang='lat' dir='ltr'><strong>Fragmenta</strong></span> <span class='ocrx_word' id='word_1_343' title='bbox 1281 3542 1653 3600; x_wconf 78' lang='lat' dir='ltr'><strong>homiliarum</strong></span> 
     </span>
     <span class='ocr_line' id='line_1_38' title="bbox 367 3629 1654 3708; baseline -0.001 -19"><span class='ocrx_word' id='word_1_344' title='bbox 367 3630 433 3689; x_wconf 89' lang='lat' dir='ltr'><strong>in</strong></span> <span class='ocrx_word' id='word_1_345' title='bbox 482 3631 587 3692; x_wconf 87' lang='lat' dir='ltr'><strong>Ev.</strong></span> <span class='ocrx_word' id='word_1_346' title='bbox 640 3649 684 3688; x_wconf 77' lang='lat' dir='ltr'><strong>S.</strong></span> <span class='ocrx_word' id='word_1_347' title='bbox 717 3630 910 3688; x_wconf 88' lang='lat' dir='ltr'><strong>Lucae</strong></span> <span class='ocrx_word' id='word_1_348' title='bbox 959 3629 1148 3688; x_wconf 91' lang='lat' dir='ltr'><strong>edidit</strong></span> <span class='ocrx_word' id='word_1_349' title='bbox 1201 3631 1286 3692; x_wconf 88' lang='lat' dir='ltr'><strong>W.</strong></span> <span class='ocrx_word' id='word_1_350' title='bbox 1333 3630 1593 3708; x_wconf 83' lang='lat' dir='ltr'><strong>Wrigh</strong></span> <span class='ocrx_word' id='word_1_351' title='bbox 1610 3634 1654 3700; x_wconf 92' lang='lat' dir='ltr'><strong>t,</strong></span> 
     </span>
     <span class='ocr_line' id='line_1_39' title="bbox 369 3719 1654 3781; baseline -0.001 -4"><span class='ocrx_word' id='word_1_352' title='bbox 369 3719 622 3778; x_wconf 86' lang='lat' dir='ltr'><strong>Londini</strong></span> <span class='ocrx_word' id='word_1_353' title='bbox 665 3729 852 3781; x_wconf 80' lang='lat'><strong>1874.</strong></span> <span class='ocrx_word' id='word_1_354' title='bbox 889 3753 976 3762; x_wconf 93' lang='lat'>—</span> <span class='ocrx_word' id='word_1_355' title='bbox 1009 3719 1577 3778; x_wconf 88' lang='lat' dir='ltr'><strong>Commentariorum</strong></span> <span class='ocrx_word' id='word_1_356' title='bbox 1593 3722 1654 3776; x_wconf 82' lang='lat' dir='ltr'><strong>in</strong></span> 
     </span>
     <span class='ocr_line' id='line_1_40' title="bbox 374 3803 1655 3888; baseline -0.001 -22"><span class='ocrx_word' id='word_1_357' title='bbox 374 3807 730 3866; x_wconf 79' lang='lat' dir='ltr'><strong>Matthaeum</strong></span> <span class='ocrx_word' id='word_1_358' title='bbox 762 3807 1094 3884; x_wconf 82' lang='lat' dir='ltr'><strong>fragmenta</strong></span> <span class='ocrx_word' id='word_1_359' title='bbox 1126 3803 1217 3888; x_wconf 89' lang='lat' dir='ltr'><strong>(in</strong></span> <span class='ocrx_word' id='word_1_360' title='bbox 1237 3808 1435 3866; x_wconf 89' lang='lat' dir='ltr'><strong>omnia</strong></span> <span class='ocrx_word' id='word_1_361' title='bbox 1454 3826 1534 3866; x_wconf 90' lang='grc'><strong>00.</strong></span> <span class='ocrx_word' id='word_1_362' title='bbox 1556 3827 1655 3867; x_wconf 83' lang='lat' dir='ltr'><strong>ex-</strong></span> 
     </span>
     <span class='ocr_line' id='line_1_41' title="bbox 371 3897 1644 3973; baseline -0.002 -18"><span class='ocrx_word' id='word_1_363' title='bbox 371 3899 542 3972; x_wconf 88' lang='lat' dir='ltr'><strong>cepto</strong></span> <span class='ocrx_word' id='word_1_364' title='bbox 568 3907 669 3961; x_wconf 79' lang='grc'>20.</span> <span class='ocrx_word' id='word_1_365' title='bbox 691 3897 852 3971; x_wconf 87' lang='lat' dir='ltr'><strong>apud</strong></span> <span class='ocrx_word' id='word_1_366' title='bbox 887 3897 1140 3973; x_wconf 87' lang='lat' dir='ltr'><strong>Migne</strong></span> <span class='ocrx_word' id='word_1_367' title='bbox 1173 3897 1398 3968; x_wconf 87' lang='lat' dir='ltr'><strong>LXXII,</strong></span> <span class='ocrx_word' id='word_1_368' title='bbox 1440 3906 1644 3960; x_wconf 84' lang='lat'>365--</span> 
     </span>
     <span class='ocr_line' id='line_1_42' title="bbox 376 3982 1655 4068; baseline -0.005 -20"><span class='ocrx_word' id='word_1_369' title='bbox 376 3982 531 4068; x_wconf 84' lang='lat'>474)</span> <span class='ocrx_word' id='word_1_370' title='bbox 584 3990 646 4043; x_wconf 87' lang='lat' dir='ltr'><strong>et</strong></span> <span class='ocrx_word' id='word_1_371' title='bbox 695 3985 757 4042; x_wconf 91' lang='lat' dir='ltr'><strong>in</strong></span> <span class='ocrx_word' id='word_1_372' title='bbox 811 3985 1044 4059; x_wconf 87' lang='lat' dir='ltr'><strong>aliquot</strong></span> <span class='ocrx_word' id='word_1_373' title='bbox 1090 4004 1134 4042; x_wconf 80' lang='lat' dir='ltr'><strong>a.</strong></span> <span class='ocrx_word' id='word_1_374' title='bbox 1169 3986 1338 4044; x_wconf 91' lang='lat' dir='ltr'><strong>Pauli</strong></span> <span class='ocrx_word' id='word_1_375' title='bbox 1372 3986 1655 4059; x_wconf 83' lang='lat' dir='ltr'><strong>epistolas</strong></span> 
     </span>
     <span class='ocr_line' id='line_1_43' title="bbox 377 4073 1654 4149; baseline -0.002 -16"><span class='ocrx_word' id='word_1_376' title='bbox 377 4075 503 4133; x_wconf 87' lang='lat' dir='ltr'><strong>scil.</strong></span> <span class='ocrx_word' id='word_1_377' title='bbox 538 4076 598 4133; x_wconf 91' lang='lat' dir='ltr'><strong>in</strong></span> <span class='ocrx_word' id='word_1_378' title='bbox 633 4093 722 4149; x_wconf 88' lang='lat' dir='ltr'><strong>ep.</strong></span> <span class='ocrx_word' id='word_1_379' title='bbox 757 4075 835 4132; x_wconf 83' lang='lat' dir='ltr'><strong>ad</strong></span> <span class='ocrx_word' id='word_1_380' title='bbox 867 4075 1176 4144; x_wconf 71' lang='lat' dir='ltr'><strong>Romanoa,</strong></span> <span class='ocrx_word' id='word_1_381' title='bbox 1217 4078 1250 4132; x_wconf 91' lang='lat'><em>1</em></span> <span class='ocrx_word' id='word_1_382' title='bbox 1286 4083 1335 4132; x_wconf 79' lang='lat' dir='ltr'><strong>et</strong></span> <span class='ocrx_word' id='word_1_383' title='bbox 1369 4077 1410 4131; x_wconf 79' lang='lat'><strong><em>2</em></strong></span> <span class='ocrx_word' id='word_1_384' title='bbox 1447 4073 1654 4132; x_wconf 80' lang='lat' dir='ltr'><strong>Corin·</strong></span> 
     </span>
     <span class='ocr_line' id='line_1_44' title="bbox 365 4161 1655 4243; baseline 0 -22"><span class='ocrx_word' id='word_1_385' title='bbox 365 4165 648 4238; x_wconf 76' lang='lat' dir='ltr'><strong>thiorum,</strong></span> <span class='ocrx_word' id='word_1_386' title='bbox 684 4164 746 4221; x_wconf 90' lang='lat' dir='ltr'><strong>et</strong></span> <span class='ocrx_word' id='word_1_387' title='bbox 775 4166 839 4220; x_wconf 84' lang='lat' dir='ltr'><strong>in</strong></span> <span class='ocrx_word' id='word_1_388' title='bbox 869 4182 952 4238; x_wconf 82' lang='lat' dir='ltr'><strong>ep.</strong></span> <span class='ocrx_word' id='word_1_389' title='bbox 975 4163 1052 4221; x_wconf 84' lang='lat' dir='ltr'><strong>ad</strong></span> <span class='ocrx_word' id='word_1_390' title='bbox 1076 4162 1360 4222; x_wconf 82' lang='lat' dir='ltr'><strong>Hebraeos</strong></span> <span class='ocrx_word' id='word_1_391' title='bbox 1381 4161 1655 4243; x_wconf 86' lang='lat' dir='ltr'>(LXXIV,</span> 
     </span>
     <span class='ocr_line' id='line_1_45' title="bbox 377 4247 1655 4330; baseline 0 -16"><span class='ocrx_word' id='word_1_392' title='bbox 377 4247 820 4330; x_wconf 74' lang='grc'>773-1006),</span> <span class='ocrx_word' id='word_1_393' title='bbox 838 4252 1018 4310; x_wconf 89' lang='lat' dir='ltr'><strong>etiam</strong></span> <span class='ocrx_word' id='word_1_394' title='bbox 1040 4251 1103 4308; x_wconf 91' lang='lat' dir='ltr'><strong>in</strong></span> <span class='ocrx_word' id='word_1_395' title='bbox 1122 4251 1211 4311; x_wconf 90' lang='lat' dir='ltr'><strong>ed.</strong></span> <span class='ocrx_word' id='word_1_396' title='bbox 1233 4253 1278 4309; x_wconf 90' lang='lat' dir='ltr'>P</span> <span class='ocrx_word' id='word_1_397' title='bbox 1295 4272 1335 4310; x_wconf 92' lang='lat' dir='ltr'><strong>u</strong></span> <span class='ocrx_word' id='word_1_398' title='bbox 1354 4271 1380 4309; x_wconf 89' lang='lat' dir='ltr'><strong>s</strong></span> <span class='ocrx_word' id='word_1_399' title='bbox 1396 4271 1481 4328; x_wconf 84' lang='lat' dir='ltr'><strong>ey</strong></span> <span class='ocrx_word' id='word_1_400' title='bbox 1512 4270 1655 4314; x_wconf 80' lang='lat' dir='ltr'><strong>com.</strong></span> 
     </span>
     <span class='ocr_line' id='line_1_46' title="bbox 373 4339 1658 4411; baseline 0.005 -13"><span class='ocrx_word' id='word_1_401' title='bbox 373 4342 435 4399; x_wconf 90' lang='lat' dir='ltr'><strong>in</strong></span> <span class='ocrx_word' id='word_1_402' title='bbox 468 4342 562 4404; x_wconf 86' lang='lat' dir='ltr'><strong>Jo.</strong></span> <span class='ocrx_word' id='word_1_403' title='bbox 593 4359 730 4399; x_wconf 82' lang='lat' dir='ltr'><strong>mox</strong></span> <span class='ocrx_word' id='word_1_404' title='bbox 761 4340 1007 4399; x_wconf 87' lang='lat' dir='ltr'><strong>laudata</strong></span> <span class='ocrx_word' id='word_1_405' title='bbox 1038 4339 1141 4411; x_wconf 87' lang='lat'>111,</span> <span class='ocrx_word' id='word_1_406' title='bbox 1185 4351 1545 4404; x_wconf 81' lang='lat'><strong>173—451.</strong></span> <span class='ocrx_word' id='word_1_407' title='bbox 1572 4375 1658 4384; x_wconf 89' lang='lat'><strong>·-</strong></span> 
     </span>
    </p>
   </div>
   <div class='ocr_carea' id='block_1_3' title="bbox 1705 2286 3043 3710">
    <p class='ocr_par' dir='ltr' id='par_1_4' title="bbox 1705 2286 3043 3710">
     <span class='ocr_line' id='line_1_47' title="bbox 1705 2286 3043 2361; baseline -0.004 -5"><span class='ocrx_word' id='word_1_408' title='bbox 1705 2301 1768 2356; x_wconf 88' lang='lat' dir='ltr'><strong>et</strong></span> <span class='ocrx_word' id='word_1_409' title='bbox 1799 2317 1834 2355; x_wconf 90' lang='lat' dir='ltr'><strong>a</strong></span> <span class='ocrx_word' id='word_1_410' title='bbox 1864 2316 2022 2361; x_wconf 86' lang='lat' dir='ltr'><strong>conc.</strong></span> <span class='ocrx_word' id='word_1_411' title='bbox 2056 2296 2466 2355; x_wconf 89' lang='lat' dir='ltr'><strong>calcedonensi</strong></span> <span class='ocrx_word' id='word_1_412' title='bbox 2496 2294 2840 2353; x_wconf 87' lang='lat' dir='ltr'><strong>confirmata</strong></span> <span class='ocrx_word' id='word_1_413' title='bbox 2871 2294 2988 2352; x_wconf 87' lang='lat' dir='ltr'><strong>fuit</strong></span> <span class='ocrx_word' id='word_1_414' title='bbox 3038 2286 3043 2289; x_wconf 54' lang='grc'>’</span> 
     </span>
     <span class='ocr_line' id='line_1_48' title="bbox 1705 2383 2987 2452; baseline -0.002 -8"><span class='ocrx_word' id='word_1_415' title='bbox 1705 2389 1816 2448; x_wconf 88' lang='lat' dir='ltr'><strong>etc.</strong></span> <span class='ocrx_word' id='word_1_416' title='bbox 1878 2387 2043 2445; x_wconf 87' lang='lat' dir='ltr'><strong>Aliae</strong></span> <span class='ocrx_word' id='word_1_417' title='bbox 2095 2388 2240 2444; x_wconf 88' lang='lat' dir='ltr'><strong>sunt</strong></span> <span class='ocrx_word' id='word_1_418' title='bbox 2288 2385 2622 2452; x_wconf 84' lang='lat' dir='ltr'><strong>historicae,</strong></span> <span class='ocrx_word' id='word_1_419' title='bbox 2675 2383 2987 2442; x_wconf 86' lang='lat' dir='ltr'><strong>canonicae</strong></span> 
     </span>
     <span class='ocr_line' id='line_1_49' title="bbox 1705 2467 2988 2556; baseline -0.003 -23"><span class='ocrx_word' id='word_1_420' title='bbox 1705 2475 1858 2534; x_wconf 88' lang='lat' dir='ltr'><strong>aliae</strong></span> <span class='ocrx_word' id='word_1_421' title='bbox 1908 2471 2184 2556; x_wconf 82' lang='lat' dir='ltr'><strong>(Migne</strong></span> <span class='ocrx_word' id='word_1_422' title='bbox 2235 2474 2510 2545; x_wconf 88' lang='lat' dir='ltr'>LXXVII,</span> <span class='ocrx_word' id='word_1_423' title='bbox 2565 2467 2868 2553; x_wconf 81' lang='lat'><strong>9—390).</strong></span> <span class='ocrx_word' id='word_1_424' title='bbox 2902 2505 2988 2515; x_wconf 93' lang='lat'>—</span> 
     </span>
     <span class='ocr_line' id='line_1_50' title="bbox 1708 2562 2992 2641; baseline -0.002 -18"><span class='ocrx_word' id='word_1_425' title='bbox 1708 2565 1999 2641; x_wconf 89' lang='lat' dir='ltr'><strong>Reliquae</strong></span> <span class='ocrx_word' id='word_1_426' title='bbox 2033 2567 2178 2623; x_wconf 85' lang='lat' dir='ltr'><strong>sunt</strong></span> <span class='ocrx_word' id='word_1_427' title='bbox 2209 2566 2270 2622; x_wconf 91' lang='lat' dir='ltr'><strong>et</strong></span> <span class='ocrx_word' id='word_1_428' title='bbox 2286 2565 2553 2623; x_wconf 79' lang='lat' dir='ltr'><strong>homiliae</strong></span> <span class='ocrx_word' id='word_1_429' title='bbox 2562 2562 2869 2639; x_wconf 75' lang='lat' dir='ltr'><strong>paschales</strong></span> <span class='ocrx_word' id='word_1_430' title='bbox 2884 2579 2992 2621; x_wconf 85' lang='lat' dir='ltr'><strong>seu</strong></span> 
     </span>
     <span class='ocr_line' id='line_1_51' title="bbox 1708 2651 2990 2730; baseline -0.002 -18"><span class='ocrx_word' id='word_1_431' title='bbox 1708 2654 1957 2713; x_wconf 86' lang='lat' dir='ltr'><strong>festivae</strong></span> <span class='ocrx_word' id='word_1_432' title='bbox 1989 2654 2174 2712; x_wconf 86' lang='lat' dir='ltr'>XXIX</span> <span class='ocrx_word' id='word_1_433' title='bbox 2206 2654 2355 2711; x_wconf 89' lang='lat' dir='ltr'><strong>varii</strong></span> <span class='ocrx_word' id='word_1_434' title='bbox 2387 2651 2752 2730; x_wconf 83' lang='lat' dir='ltr'><strong>argumenti;</strong></span> <span class='ocrx_word' id='word_1_435' title='bbox 2800 2651 2990 2710; x_wconf 85' lang='lat' dir='ltr'><strong>homi-</strong></span> 
     </span>
     <span class='ocr_line' id='line_1_52' title="bbox 1708 2742 2992 2818; baseline -0.003 -17"><span class='ocrx_word' id='word_1_436' title='bbox 1708 2743 1821 2801; x_wconf 89' lang='lat' dir='ltr'><strong>liae</strong></span> <span class='ocrx_word' id='word_1_437' title='bbox 1854 2742 1933 2802; x_wconf 92' lang='lat' dir='ltr'><strong>VI</strong></span> <span class='ocrx_word' id='word_1_438' title='bbox 1966 2743 2180 2818; x_wconf 89' lang='lat' dir='ltr'><strong>Ephesi</strong></span> <span class='ocrx_word' id='word_1_439' title='bbox 2208 2742 2459 2811; x_wconf 83' lang='lat' dir='ltr'><strong>habitae,</strong></span> <span class='ocrx_word' id='word_1_440' title='bbox 2495 2761 2747 2818; x_wconf 88' lang='lat' dir='ltr'><strong>quarum</strong></span> <span class='ocrx_word' id='word_1_441' title='bbox 2779 2743 2992 2814; x_wconf 85' lang='lat' dir='ltr'><strong>quarta.</strong></span> 
     </span>
     <span class='ocr_line' id='line_1_53' title="bbox 1709 2829 2992 2906; baseline -0.004 -16"><span class='ocrx_word' id='word_1_442' title='bbox 1709 2851 1908 2890; x_wconf 89' lang='lat' dir='ltr'><strong>coram</strong></span> <span class='ocrx_word' id='word_1_443' title='bbox 1971 2831 2244 2906; x_wconf 87' lang='lat' dir='ltr'><strong>patribus</strong></span> <span class='ocrx_word' id='word_1_444' title='bbox 2308 2831 2540 2889; x_wconf 90' lang='lat' dir='ltr'><strong>concilii</strong></span> <span class='ocrx_word' id='word_1_445' title='bbox 2603 2829 2992 2904; x_wconf 87' lang='lat' dir='ltr'><strong>pronunciata</strong></span> 
     </span>
     <span class='ocr_line' id='line_1_54' title="bbox 1708 2916 2988 2991; baseline -0.004 -13"><span class='ocrx_word' id='word_1_446' title='bbox 1708 2921 1978 2979; x_wconf 89' lang='lat' dir='ltr'><strong>omnium</strong></span> <span class='ocrx_word' id='word_1_447' title='bbox 2010 2922 2103 2978; x_wconf 87' lang='lat' dir='ltr'><strong>est</strong></span> <span class='ocrx_word' id='word_1_448' title='bbox 2121 2919 2498 2977; x_wconf 88' lang='lat' dir='ltr'><strong>celeberrima</strong></span> <span class='ocrx_word' id='word_1_449' title='bbox 2516 2917 2704 2975; x_wconf 84' lang='lat' dir='ltr'><strong>totius</strong></span> <span class='ocrx_word' id='word_1_450' title='bbox 2725 2916 2988 2991; x_wconf 88' lang='lat' dir='ltr'><strong>antiqui-</strong></span> 
     </span>
     <span class='ocr_line' id='line_1_55' title="bbox 1710 3004 2991 3067; baseline -0.004 0"><span class='ocrx_word' id='word_1_451' title='bbox 1710 3009 1855 3067; x_wconf 86' lang='lat' dir='ltr'><strong>tatis</strong></span> <span class='ocrx_word' id='word_1_452' title='bbox 1905 3009 1970 3066; x_wconf 89' lang='lat' dir='ltr'><strong>in</strong></span> <span class='ocrx_word' id='word_1_453' title='bbox 2021 3008 2302 3066; x_wconf 87' lang='lat' dir='ltr'><strong>honorem</strong></span> <span class='ocrx_word' id='word_1_454' title='bbox 2353 3008 2409 3066; x_wconf 91' lang='lat' dir='ltr'><strong>b.</strong></span> <span class='ocrx_word' id='word_1_455' title='bbox 2442 3006 2658 3064; x_wconf 86' lang='lat' dir='ltr'><strong>Mariae</strong></span> <span class='ocrx_word' id='word_1_456' title='bbox 2704 3004 2770 3063; x_wconf 95' lang='lat' dir='ltr'><strong>V.</strong></span> <span class='ocrx_word' id='word_1_457' title='bbox 2803 3005 2991 3064; x_wconf 85' lang='lat' dir='ltr'><strong>Enco-</strong></span> 
     </span>
     <span class='ocr_line' id='line_1_56' title="bbox 1711 3087 2991 3175; baseline -0.003 -20"><span class='ocrx_word' id='word_1_458' title='bbox 1711 3100 1893 3156; x_wconf 82' lang='lat' dir='ltr'><strong>mium</strong></span> <span class='ocrx_word' id='word_1_459' title='bbox 1939 3098 2001 3155; x_wconf 93' lang='lat' dir='ltr'><strong>in</strong></span> <span class='ocrx_word' id='word_1_460' title='bbox 2050 3114 2093 3160; x_wconf 84' lang='lat' dir='ltr'><strong>s.</strong></span> <span class='ocrx_word' id='word_1_461' title='bbox 2129 3097 2372 3154; x_wconf 82' lang='lat' dir='ltr'><strong>Mariam</strong></span> <span class='ocrx_word' id='word_1_462' title='bbox 2406 3096 2713 3171; x_wconf 84' lang='lat' dir='ltr'><strong>Deiparam</strong></span> <span class='ocrx_word' id='word_1_463' title='bbox 2762 3087 2991 3175; x_wconf 84' lang='lat' dir='ltr'><strong>(opusc.</strong></span> 
     </span>
     <span class='ocr_line' id='line_1_57' title="bbox 1710 3182 2991 3266; baseline -0.005 -21"><span class='ocrx_word' id='word_1_464' title='bbox 1710 3187 1841 3257; x_wconf 87' lang='lat' dir='ltr'>XII,</span> <span class='ocrx_word' id='word_1_465' title='bbox 1880 3182 2167 3266; x_wconf 76' lang='lat'>39—52)</span> <span class='ocrx_word' id='word_1_466' title='bbox 2185 3189 2278 3242; x_wconf 88' lang='lat' dir='ltr'><strong>est</strong></span> <span class='ocrx_word' id='word_1_467' title='bbox 2299 3184 2537 3243; x_wconf 90' lang='lat' dir='ltr'><strong>nonnisi</strong></span> <span class='ocrx_word' id='word_1_468' title='bbox 2553 3182 2792 3241; x_wconf 88' lang='lat' dir='ltr'><strong>uberior</strong></span> <span class='ocrx_word' id='word_1_469' title='bbox 2810 3182 2991 3257; x_wconf 87' lang='lat' dir='ltr'><strong>hujus</strong></span> 
     </span>
     <span class='ocr_line' id='line_1_58' title="bbox 1711 3270 2991 3334; baseline -0.005 0"><span class='ocrx_word' id='word_1_470' title='bbox 1711 3275 1987 3334; x_wconf 87' lang='lat' dir='ltr'><strong>homiliae</strong></span> <span class='ocrx_word' id='word_1_471' title='bbox 2001 3274 2341 3333; x_wconf 86' lang='lat' dir='ltr'><strong>retractatio</strong></span> <span class='ocrx_word' id='word_1_472' title='bbox 2353 3292 2532 3331; x_wconf 88' lang='lat' dir='ltr'><strong>manu</strong></span> <span class='ocrx_word' id='word_1_473' title='bbox 2544 3270 2854 3329; x_wconf 88' lang='lat' dir='ltr'><strong>recentiori</strong></span> <span class='ocrx_word' id='word_1_474' title='bbox 2870 3271 2920 3327; x_wconf 91' lang='lat' dir='ltr'><strong>el</strong></span> <span class='ocrx_word' id='word_1_475' title='bbox 2929 3291 2991 3328; x_wconf 89' lang='lat' dir='ltr'><strong>a·</strong></span> 
     </span>
     <span class='ocr_line' id='line_1_59' title="bbox 1710 3359 2994 3438; baseline -0.005 -15"><span class='ocrx_word' id='word_1_476' title='bbox 1710 3366 1994 3438; x_wconf 78' lang='lat' dir='ltr'><strong>borata2).</strong></span> <span class='ocrx_word' id='word_1_477' title='bbox 2029 3364 2268 3421; x_wconf 82' lang='lat' dir='ltr'><strong>Praeter</strong></span> <span class='ocrx_word' id='word_1_478' title='bbox 2297 3363 2403 3420; x_wconf 87' lang='lat' dir='ltr'><strong>has</strong></span> <span class='ocrx_word' id='word_1_479' title='bbox 2438 3362 2585 3420; x_wconf 88' lang='lat' dir='ltr'><strong>aliae</strong></span> <span class='ocrx_word' id='word_1_480' title='bbox 2615 3359 2892 3417; x_wconf 89' lang='lat' dir='ltr'><strong>homiliae</strong></span> <span class='ocrx_word' id='word_1_481' title='bbox 2914 3359 2994 3417; x_wconf 91' lang='lat' dir='ltr'><strong>VI</strong></span> 
     </span>
     <span class='ocr_line' id='line_1_60' title="bbox 1712 3448 2993 3528; baseline -0.004 -17"><span class='ocrx_word' id='word_1_482' title='bbox 1712 3454 1786 3512; x_wconf 90' lang='lat' dir='ltr'><strong>de</strong></span> <span class='ocrx_word' id='word_1_483' title='bbox 1817 3452 2175 3528; x_wconf 90' lang='lat' dir='ltr'><strong>quibusdam</strong></span> <span class='ocrx_word' id='word_1_484' title='bbox 2221 3453 2379 3510; x_wconf 89' lang='lat' dir='ltr'><strong>vitae</strong></span> <span class='ocrx_word' id='word_1_485' title='bbox 2412 3449 2649 3526; x_wconf 86' lang='lat' dir='ltr'><strong>Chrysti</strong></span> <span class='ocrx_word' id='word_1_486' title='bbox 2688 3448 2993 3524; x_wconf 86' lang='lat' dir='ltr'><strong>mysteriis</strong></span> 
     </span>
     <span class='ocr_line' id='line_1_61' title="bbox 1712 3537 2993 3623; baseline 0.001 -24"><span class='ocrx_word' id='word_1_487' title='bbox 1712 3541 2219 3600; x_wconf 83' lang='lat' dir='ltr'><strong>circumferuntur</strong></span> <span class='ocrx_word' id='word_1_488' title='bbox 2283 3537 2387 3623; x_wconf 84' lang='lat' dir='ltr'><strong>(ib.</strong></span> <span class='ocrx_word' id='word_1_489' title='bbox 2450 3537 2728 3607; x_wconf 90' lang='lat' dir='ltr'>LXXVII,</span> <span class='ocrx_word' id='word_1_490' title='bbox 2778 3547 2993 3600; x_wconf 84' lang='lat'>401-</span> 
     </span>
     <span class='ocr_line' id='line_1_62' title="bbox 1721 3626 1935 3710; baseline -0.037 -17"><span class='ocrx_word' id='word_1_491' title='bbox 1721 3626 1935 3710; x_wconf 53' lang='grc'>1116)</span> 
     </span>
    </p>
   </div>
   <div class='ocr_carea' id='block_1_4' title="bbox 1712 3754 2032 3762">
    <p class='ocr_par' dir='ltr' id='par_1_5' title="bbox 1712 3754 2032 3762">
     <span class='ocr_line' id='line_1_63' title="bbox 1712 3754 2032 3762; baseline 0 1399"><span class='ocrx_word' id='word_1_492' title='bbox 1712 3754 2032 3762; x_wconf 95' lang='lat' dir='ltr'><strong> </strong></span> 
     </span>
    </p>
   </div>
   <div class='ocr_carea' id='block_1_5' title="bbox 1712 3798 2999 4439">
    <p class='ocr_par' dir='ltr' id='par_1_6' title="bbox 1713 3798 2995 3937">
     <span class='ocr_line' id='line_1_64' title="bbox 1794 3798 2993 3871; baseline -0.001 -19"><span class='ocrx_word' id='word_1_493' title='bbox 1794 3804 1828 3871; x_wconf 88' lang='lat'><strong>¹)</strong></span> <span class='ocrx_word' id='word_1_494' title='bbox 1860 3800 1942 3852; x_wconf 83' lang='lat' dir='ltr'><strong>Ita</strong></span> <span class='ocrx_word' id='word_1_495' title='bbox 1970 3798 2993 3870; x_wconf 32' lang='lat' dir='ltr'><strong>Fessler-JuuginlannIL‘LSss.</strong></span> 
     </span>
     <span class='ocr_line' id='line_1_65' title="bbox 1713 3869 2995 3937; baseline -0.003 -13"><span class='ocrx_word' id='word_1_496' title='bbox 1713 3871 1798 3924; x_wconf 86' lang='lat' dir='ltr'><strong>Cf.</strong></span> <span class='ocrx_word' id='word_1_497' title='bbox 1827 3871 1866 3924; x_wconf 92' lang='lat' dir='ltr'>C</span> <span class='ocrx_word' id='word_1_498' title='bbox 1885 3887 1916 3924; x_wconf 94' lang='grc' dir='ltr'>ο</span> <span class='ocrx_word' id='word_1_499' title='bbox 1933 3888 1961 3922; x_wconf 91' lang='lat' dir='ltr'><strong>r</strong></span> <span class='ocrx_word' id='word_1_500' title='bbox 1978 3889 2013 3922; x_wconf 91' lang='lat' dir='ltr'><strong>n</strong></span> <span class='ocrx_word' id='word_1_501' title='bbox 2033 3870 2152 3937; x_wconf 84' lang='lat' dir='ltr'><strong>ely</strong></span> <span class='ocrx_word' id='word_1_502' title='bbox 2169 3870 2303 3922; x_wconf 83' lang='lat' dir='ltr'><strong>hist.</strong></span> <span class='ocrx_word' id='word_1_503' title='bbox 2320 3873 2377 3923; x_wconf 87' lang='lat' dir='ltr'><strong>et</strong></span> <span class='ocrx_word' id='word_1_504' title='bbox 2393 3869 2514 3924; x_wconf 87' lang='lat' dir='ltr'><strong>crit.</strong></span> <span class='ocrx_word' id='word_1_505' title='bbox 2535 3869 2742 3922; x_wconf 89' lang='lat' dir='ltr'><strong>introd.</strong></span> <span class='ocrx_word' id='word_1_506' title='bbox 2768 3878 2789 3924; x_wconf 95' lang='grc'><strong>1</strong></span> <span class='ocrx_word' id='word_1_507' title='bbox 2808 3887 2859 3921; x_wconf 89' lang='grc'><strong>11.</strong></span> <span class='ocrx_word' id='word_1_508' title='bbox 2876 3870 2995 3924; x_wconf 79' lang='lat'><strong>2:37.</strong></span> 
     </span>
    </p>

    <p class='ocr_par' dir='ltr' id='par_1_7' title="bbox 1712 3939 2999 4439">
     <span class='ocr_line' id='line_1_66' title="bbox 1789 3939 2996 4012; baseline -0.003 -18"><span class='ocrx_word' id='word_1_509' title='bbox 1789 3945 1829 4012; x_wconf 61' lang='grc' dir='ltr'><strong>Ξ)</strong></span> <span class='ocrx_word' id='word_1_510' title='bbox 1858 3941 1940 3995; x_wconf 83' lang='lat' dir='ltr'><strong>Cf.</strong></span> <span class='ocrx_word' id='word_1_511' title='bbox 1968 3940 2012 3992; x_wconf 88' lang='lat' dir='ltr'><strong>E</strong></span> <span class='ocrx_word' id='word_1_512' title='bbox 2029 3941 2066 3993; x_wconf 93' lang='grc'><strong>11</strong></span> <span class='ocrx_word' id='word_1_513' title='bbox 2083 3958 2111 3993; x_wconf 86' lang='grc'><strong>1·</strong></span> <span class='ocrx_word' id='word_1_514' title='bbox 2127 3941 2165 3992; x_wconf 84' lang='grc'><strong>11</strong></span> <span class='ocrx_word' id='word_1_515' title='bbox 2182 3957 2215 3992; x_wconf 86' lang='lat' dir='ltr'><strong>a</strong></span> <span class='ocrx_word' id='word_1_516' title='bbox 2231 3958 2259 3992; x_wconf 92' lang='lat' dir='ltr'><strong>r</strong></span> <span class='ocrx_word' id='word_1_517' title='bbox 2274 3941 2311 3992; x_wconf 87' lang='lat' dir='ltr'><strong>d</strong></span> <span class='ocrx_word' id='word_1_518' title='bbox 2339 3940 2479 3993; x_wconf 85' lang='lat' dir='ltr'><strong>Eine</strong></span> <span class='ocrx_word' id='word_1_519' title='bbox 2500 3940 2739 3994; x_wconf 83' lang='lat' dir='ltr'><strong>unechte</strong></span> <span class='ocrx_word' id='word_1_520' title='bbox 2758 3939 2996 3992; x_wconf 82' lang='lat' dir='ltr'><strong>Matien-</strong></span> 
     </span>
     <span class='ocr_line' id='line_1_67' title="bbox 1713 4010 2996 4078; baseline -0.002 -14"><span class='ocrx_word' id='word_1_521' title='bbox 1713 4011 1952 4066; x_wconf 89' lang='lat' dir='ltr'><strong>homilie</strong></span> <span class='ocrx_word' id='word_1_522' title='bbox 2004 4011 2100 4064; x_wconf 84' lang='lat' dir='ltr'><strong>des</strong></span> <span class='ocrx_word' id='word_1_523' title='bbox 2127 4011 2206 4066; x_wconf 93' lang='lat' dir='ltr'><strong>hl.</strong></span> <span class='ocrx_word' id='word_1_524' title='bbox 2259 4010 2438 4078; x_wconf 84' lang='lat' dir='ltr'><strong>cyrill</strong></span> <span class='ocrx_word' id='word_1_525' title='bbox 2491 4028 2600 4063; x_wconf 82' lang='lat' dir='ltr'><strong>von</strong></span> <span class='ocrx_word' id='word_1_526' title='bbox 2649 4013 2716 4063; x_wconf 80' lang='lat' dir='ltr'><strong>A.</strong></span> <span class='ocrx_word' id='word_1_527' title='bbox 2755 4010 2815 4062; x_wconf 93' lang='lat' dir='ltr'><strong>in</strong></span> <span class='ocrx_word' id='word_1_528' title='bbox 2856 4016 2996 4063; x_wconf 73' lang='lat' dir='ltr'><strong>rom.</strong></span> 
     </span>
     <span class='ocr_line' id='line_1_68' title="bbox 1713 4080 2996 4147; baseline -0.004 -11"><span class='ocrx_word' id='word_1_529' title='bbox 1713 4082 1955 4147; x_wconf 84' lang='lat' dir='ltr'><strong>Qtlschr.</strong></span> <span class='ocrx_word' id='word_1_530' title='bbox 2020 4083 2111 4134; x_wconf 78' lang='lat' dir='ltr'><strong>fur</strong></span> <span class='ocrx_word' id='word_1_531' title='bbox 2174 4082 2389 4134; x_wconf 82' lang='lat' dir='ltr'><strong>christ-l.</strong></span> <span class='ocrx_word' id='word_1_532' title='bbox 2444 4080 2996 4134; x_wconf 81' lang='lat' dir='ltr'><strong>Alterthumskunde</strong></span> 
     </span>
     <span class='ocr_line' id='line_1_69' title="bbox 1721 4152 2999 4221; baseline -0.004 -12"><span class='ocrx_word' id='word_1_533' title='bbox 1721 4162 1874 4210; x_wconf 84' lang='lat'><strong>1889.</strong></span> <span class='ocrx_word' id='word_1_534' title='bbox 1904 4155 1998 4216; x_wconf 88' lang='grc'>111,</span> <span class='ocrx_word' id='word_1_535' title='bbox 2027 4154 2290 4208; x_wconf 84' lang='lat'><strong>97—113.</strong></span> <span class='ocrx_word' id='word_1_536' title='bbox 2320 4185 2383 4191; x_wconf 54' lang='grc'><strong>»-</strong></span> <span class='ocrx_word' id='word_1_537' title='bbox 2414 4152 2619 4221; x_wconf 72' lang='lat' dir='ltr'><strong>Spuria</strong></span> <span class='ocrx_word' id='word_1_538' title='bbox 2656 4168 2885 4219; x_wconf 86' lang='lat' dir='ltr'><strong>quoque</strong></span> <span class='ocrx_word' id='word_1_539' title='bbox 2912 4154 2999 4204; x_wconf 87' lang='lat' dir='ltr'><strong>est</strong></span> 
     </span>
     <span class='ocr_line' id='line_1_70' title="bbox 1712 4221 2996 4289; baseline -0.004 -10"><span class='ocrx_word' id='word_1_540' title='bbox 1712 4229 1929 4280; x_wconf 75' lang='lat' dir='ltr'><strong>homilia</strong></span> <span class='ocrx_word' id='word_1_541' title='bbox 1954 4227 2003 4278; x_wconf 91' lang='lat' dir='ltr'><strong>b.</strong></span> <span class='ocrx_word' id='word_1_542' title='bbox 2018 4224 2120 4276; x_wconf 88' lang='lat' dir='ltr'><strong>Dei</strong></span> <span class='ocrx_word' id='word_1_543' title='bbox 2134 4222 2439 4276; x_wconf 78' lang='lat' dir='ltr'><strong>Genitricis</strong></span> <span class='ocrx_word' id='word_1_544' title='bbox 2461 4223 2692 4284; x_wconf 73' lang='lat' dir='ltr'><strong>Mariae,</strong></span> <span class='ocrx_word' id='word_1_545' title='bbox 2706 4221 2922 4289; x_wconf 81' lang='lat' dir='ltr'><strong>quamJ</strong></span> <span class='ocrx_word' id='word_1_546' title='bbox 2938 4241 2996 4274; x_wconf 87' lang='lat' dir='ltr'><strong>u-</strong></span> 
     </span>
     <span class='ocr_line' id='line_1_71' title="bbox 1716 4293 2997 4373; baseline -0.002 -25"><span class='ocrx_word' id='word_1_547' title='bbox 1716 4314 1750 4348; x_wconf 86' lang='lat' dir='ltr'><strong>v</strong></span> <span class='ocrx_word' id='word_1_548' title='bbox 1770 4314 1799 4350; x_wconf 90' lang='lat' dir='ltr'><strong>e</strong></span> <span class='ocrx_word' id='word_1_549' title='bbox 1816 4315 1852 4348; x_wconf 91' lang='grc'><strong>11</strong></span> <span class='ocrx_word' id='word_1_550' title='bbox 1871 4313 1904 4349; x_wconf 84' lang='lat' dir='ltr'><strong>a</strong></span> <span class='ocrx_word' id='word_1_551' title='bbox 1922 4297 1977 4351; x_wconf 92' lang='lat' dir='ltr'><strong>li</strong></span> <span class='ocrx_word' id='word_1_552' title='bbox 1998 4315 2022 4348; x_wconf 88' lang='lat' dir='ltr'><strong>s</strong></span> <span class='ocrx_word' id='word_1_553' title='bbox 2050 4295 2268 4365; x_wconf 85' lang='lat' dir='ltr'><strong>primus</strong></span> <span class='ocrx_word' id='word_1_554' title='bbox 2303 4293 2731 4360; x_wconf 67' lang='lat' dir='ltr'><strong>Hierosolymam</strong></span> <span class='ocrx_word' id='word_1_555' title='bbox 2758 4293 2997 4373; x_wconf 73' lang='lat' dir='ltr'><strong>patriar·</strong></span> 
     </span>
     <span class='ocr_line' id='line_1_72' title="bbox 1713 4364 2996 4439; baseline -0.005 -17"><span class='ocrx_word' id='word_1_556' title='bbox 1713 4369 1820 4423; x_wconf 80' lang='lat' dir='ltr'><strong>cha</strong></span> <span class='ocrx_word' id='word_1_557' title='bbox 1848 4371 1893 4439; x_wconf 65' lang='lat' dir='ltr'><strong>(t</strong></span> <span class='ocrx_word' id='word_1_558' title='bbox 1912 4371 2035 4436; x_wconf 74' lang='lat'>458)</span> <span class='ocrx_word' id='word_1_559' title='bbox 2062 4367 2122 4420; x_wconf 92' lang='lat' dir='ltr'><strong>in</strong></span> <span class='ocrx_word' id='word_1_560' title='bbox 2138 4383 2291 4422; x_wconf 91' lang='lat' dir='ltr'><strong>conc.</strong></span> <span class='ocrx_word' id='word_1_561' title='bbox 2309 4364 2582 4435; x_wconf 81' lang='lat' dir='ltr'><strong>ephesino</strong></span> <span class='ocrx_word' id='word_1_562' title='bbox 2609 4364 2875 4416; x_wconf 78' lang='lat' dir='ltr'><strong>habuisse</strong></span> <span class='ocrx_word' id='word_1_563' title='bbox 2894 4364 2996 4416; x_wconf 84' lang='lat' dir='ltr'><strong>fer-</strong></span> 
     </span>
    </p>
   </div>
   <div class='ocr_carea' id='block_1_6' title="bbox 369 4430 2996 4596">
    <p class='ocr_par' dir='ltr' id='par_1_8' title="bbox 369 4430 2996 4596">
     <span class='ocr_line' id='line_1_73' title="bbox 373 4430 2996 4507; baseline -0.006 -3"><span class='ocrx_word' id='word_1_564' title='bbox 373 4431 442 4488; x_wconf 81' lang='lat'><strong>1¹1</strong></span> <span class='ocrx_word' id='word_1_565' title='bbox 473 4430 755 4505; x_wconf 66' lang='lat' dir='ltr'><strong>operibus</strong></span> <span class='ocrx_word' id='word_1_566' title='bbox 802 4447 1041 4504; x_wconf 65' lang='lat' dir='ltr'><strong>quoque</strong></span> <span class='ocrx_word' id='word_1_567' title='bbox 1087 4430 1440 4507; x_wconf 58' lang='lat' dir='ltr'><strong>dogmaticis</strong></span> <span class='ocrx_word' id='word_1_568' title='bbox 1491 4448 1656 4507; x_wconf 71' lang='lat' dir='ltr'><strong>egre·</strong></span> <span class='ocrx_word' id='word_1_569' title='bbox 1716 4444 1827 4494; x_wconf 87' lang='lat' dir='ltr'><strong>tur.</strong></span> <span class='ocrx_word' id='word_1_570' title='bbox 1880 4439 2052 4492; x_wconf 76' lang='lat' dir='ltr'><strong>Stetit</strong></span> <span class='ocrx_word' id='word_1_571' title='bbox 2091 4456 2220 4492; x_wconf 89' lang='lat' dir='ltr'><strong>cum</strong></span> <span class='ocrx_word' id='word_1_572' title='bbox 2250 4436 2460 4505; x_wconf 78' lang='lat' dir='ltr'><strong>Cyrillo</strong></span> <span class='ocrx_word' id='word_1_573' title='bbox 2502 4436 2771 4488; x_wconf 80' lang='lat' dir='ltr'><strong>adversus</strong></span> <span class='ocrx_word' id='word_1_574' title='bbox 2798 4435 2996 4488; x_wconf 85' lang='lat' dir='ltr'><strong>Nesto-</strong></span> 
     </span>
     <span class='ocr_line' id='line_1_74' title="bbox 369 4505 2995 4596; baseline -0.007 -21"><span class='ocrx_word' id='word_1_575' title='bbox 369 4520 541 4596; x_wconf 81' lang='lat' dir='ltr'><strong>gium</strong></span> <span class='ocrx_word' id='word_1_576' title='bbox 576 4538 639 4578; x_wconf 84' lang='lat' dir='ltr'><strong>Se</strong></span> <span class='ocrx_word' id='word_1_577' title='bbox 670 4517 910 4577; x_wconf 80' lang='lat' dir='ltr'><strong>exhibet</strong></span> <span class='ocrx_word' id='word_1_578' title='bbox 942 4520 1345 4595; x_wconf 76' lang='lat' dir='ltr'><strong>interpretem,</strong></span> <span class='ocrx_word' id='word_1_579' title='bbox 1397 4519 1468 4576; x_wconf 79' lang='lat' dir='ltr'><strong>In</strong></span> <span class='ocrx_word' id='word_1_580' title='bbox 1500 4538 1657 4578; x_wconf 73' lang='lat' dir='ltr'><strong>com-</strong></span> <span class='ocrx_word' id='word_1_581' title='bbox 1713 4512 1865 4565; x_wconf 89' lang='lat' dir='ltr'><strong>rium</strong></span> <span class='ocrx_word' id='word_1_582' title='bbox 1892 4511 1954 4563; x_wconf 92' lang='lat' dir='ltr'><strong>in</strong></span> <span class='ocrx_word' id='word_1_583' title='bbox 1983 4509 2223 4564; x_wconf 90' lang='lat' dir='ltr'><strong>concilio</strong></span> <span class='ocrx_word' id='word_1_584' title='bbox 2251 4508 2539 4579; x_wconf 82' lang='lat' dir='ltr'><strong>ephesino,</strong></span> <span class='ocrx_word' id='word_1_585' title='bbox 2580 4507 2675 4560; x_wconf 84' lang='lat' dir='ltr'><strong>aed</strong></span> <span class='ocrx_word' id='word_1_586' title='bbox 2719 4505 2995 4573; x_wconf 80' lang='lat' dir='ltr'><strong>aliquam-</strong></span> 
     </span>
    </p>
   </div>
   <div class='ocr_carea' id='block_1_7' title="bbox 376 4607 1660 4684">
    <p class='ocr_par' dir='ltr' id='par_1_9' title="bbox 376 4607 1660 4684">
     <span class='ocr_line' id='line_1_75' title="bbox 376 4607 1660 4684; baseline -0.001 -18"><span class='ocrx_word' id='word_1_587' title='bbox 376 4608 684 4666; x_wconf 83' lang='lat' dir='ltr'><strong>mentariis</strong></span> <span class='ocrx_word' id='word_1_588' title='bbox 735 4625 873 4665; x_wconf 91' lang='lat' dir='ltr'><strong>vero</strong></span> <span class='ocrx_word' id='word_1_589' title='bbox 925 4608 988 4667; x_wconf 88' lang='lat' dir='ltr'><strong>in</strong></span> <span class='ocrx_word' id='word_1_590' title='bbox 1037 4607 1098 4666; x_wconf 95' lang='lat' dir='ltr'><strong>ll.</strong></span> <span class='ocrx_word' id='word_1_591' title='bbox 1151 4608 1220 4666; x_wconf 81' lang='lat' dir='ltr'><strong>N.</strong></span> <span class='ocrx_word' id='word_1_592' title='bbox 1270 4608 1332 4668; x_wconf 87' lang='lat' dir='ltr'><strong>T.</strong></span> <span class='ocrx_word' id='word_1_593' title='bbox 1381 4611 1660 4684; x_wconf 87' lang='lat' dir='ltr'><strong>majorem</strong></span> 
     </span>
    </p>
   </div>
   <div class='ocr_carea' id='block_1_8' title="bbox 1715 4577 2999 4708">
    <p class='ocr_par' dir='ltr' id='par_1_10' title="bbox 1715 4577 2999 4708">
     <span class='ocr_line' id='line_1_76' title="bbox 1715 4577 2999 4647; baseline -0.003 -12"><span class='ocrx_word' id='word_1_594' title='bbox 1715 4583 1817 4635; x_wconf 87' lang='lat' dir='ltr'><strong>diu</strong></span> <span class='ocrx_word' id='word_1_595' title='bbox 1847 4582 2019 4635; x_wconf 76' lang='lat' dir='ltr'><strong>etiam</strong></span> <span class='ocrx_word' id='word_1_596' title='bbox 2060 4599 2189 4635; x_wconf 89' lang='lat' dir='ltr'><strong>cum</strong></span> <span class='ocrx_word' id='word_1_597' title='bbox 2217 4580 2482 4634; x_wconf 90' lang='lat' dir='ltr'><strong>Dioscoro</strong></span> <span class='ocrx_word' id='word_1_598' title='bbox 2522 4596 2625 4647; x_wconf 90' lang='lat' dir='ltr'><strong>pro</strong></span> <span class='ocrx_word' id='word_1_599' title='bbox 2656 4577 2911 4645; x_wconf 81' lang='lat' dir='ltr'><strong>Eutyche</strong></span> <span class='ocrx_word' id='word_1_600' title='bbox 2940 4581 2999 4631; x_wconf 88' lang='lat' dir='ltr'><strong>et</strong></span> 
     </span>
     <span class='ocr_line' id='line_1_77' title="bbox 1715 4648 2997 4708; baseline -0.006 0"><span class='ocrx_word' id='word_1_601' title='bbox 1715 4655 1913 4708; x_wconf 83' lang='lat' dir='ltr'><strong>contra</strong></span> <span class='ocrx_word' id='word_1_602' title='bbox 1966 4652 2337 4707; x_wconf 84' lang='lat' dir='ltr'><strong>Flavianum:</strong></span> <span class='ocrx_word' id='word_1_603' title='bbox 2402 4668 2530 4704; x_wconf 88' lang='lat' dir='ltr'><strong>mox</strong></span> <span class='ocrx_word' id='word_1_604' title='bbox 2595 4666 2727 4703; x_wconf 73' lang='lat' dir='ltr'><strong>vero</strong></span> <span class='ocrx_word' id='word_1_605' title='bbox 2772 4648 2997 4703; x_wconf 86' lang='lat' dir='ltr'><strong>decreta</strong></span> 
     </span>
    </p>
   </div>
   <div class='ocr_carea' id='block_1_9' title="bbox 377 4696 2996 4861">
    <p class='ocr_par' dir='ltr' id='par_1_11' title="bbox 377 4696 2996 4861">
     <span class='ocr_line' id='line_1_78' title="bbox 377 4696 2996 4796; baseline -0.002 -18"><span class='ocrx_word' id='word_1_606' title='bbox 377 4715 589 4796; x_wconf 53' lang='lat' dir='ltr'><strong>{lomus</strong></span> <span class='ocrx_word' id='word_1_607' title='bbox 623 4696 878 4796; x_wconf 44' lang='lat' dir='ltr'><strong>literfflis</strong></span> <span class='ocrx_word' id='word_1_608' title='bbox 911 4697 1199 4755; x_wconf 54' lang='lat' dir='ltr'><strong>unionem</strong></span> <span class='ocrx_word' id='word_1_609' title='bbox 1233 4697 1426 4765; x_wconf 61' lang='lat' dir='ltr'><strong>habet’</strong></span> <span class='ocrx_word' id='word_1_610' title='bbox 1480 4715 1658 4772; x_wconf 62' lang='lat' dir='ltr'><strong>quam</strong></span> <span class='ocrx_word' id='word_1_611' title='bbox 1717 4741 1873 4780; x_wconf 90' lang='lat' dir='ltr'><strong>conc.</strong></span> <span class='ocrx_word' id='word_1_612' title='bbox 1902 4722 2362 4779; x_wconf 82' lang='lat' dir='ltr'><strong>chalcedonensis</strong></span> <span class='ocrx_word' id='word_1_613' title='bbox 2402 4720 2644 4792; x_wconf 85' lang='lat' dir='ltr'><strong>epistola</strong></span> <span class='ocrx_word' id='word_1_614' title='bbox 2685 4721 2756 4774; x_wconf 79' lang='lat' dir='ltr'><strong>ad</strong></span> <span class='ocrx_word' id='word_1_615' title='bbox 2785 4721 2996 4775; x_wconf 82' lang='lat' dir='ltr'><strong>clerum</strong></span> 
     </span>
     <span class='ocr_line' id='line_1_79' title="bbox 378 4785 2447 4861; baseline 0.003 -18"><span class='ocrx_word' id='word_1_616' title='bbox 378 4805 443 4845; x_wconf 83' lang='lat' dir='ltr'><strong>m</strong></span> <span class='ocrx_word' id='word_1_617' title='bbox 476 4786 570 4857; x_wconf 79' lang='lat' dir='ltr'><strong>iiS,</strong></span> <span class='ocrx_word' id='word_1_618' title='bbox 606 4804 758 4861; x_wconf 83' lang='lat' dir='ltr'><strong>quos</strong></span> <span class='ocrx_word' id='word_1_619' title='bbox 794 4805 854 4843; x_wconf 80' lang='lat' dir='ltr'><strong>ln</strong></span> <span class='ocrx_word' id='word_1_620' title='bbox 889 4785 956 4844; x_wconf 87' lang='lat' dir='ltr'><strong>V.</strong></span> <span class='ocrx_word' id='word_1_621' title='bbox 990 4786 1322 4860; x_wconf 82' lang='lat' dir='ltr'><strong>composuit</strong></span> <span class='ocrx_word' id='word_1_622' title='bbox 1354 4785 1416 4842; x_wconf 89' lang='grc' dir='ltr'><strong>Τ.</strong></span> <span class='ocrx_word' id='word_1_623' title='bbox 1452 4786 1658 4855; x_wconf 73' lang='grc' dir='ltr'><strong>,Οθῒθ·</strong></span> <span class='ocrx_word' id='word_1_624' title='bbox 1717 4814 1884 4849; x_wconf 78' lang='lat' dir='ltr'><strong>‚suum</strong></span> <span class='ocrx_word' id='word_1_625' title='bbox 1911 4795 2046 4847; x_wconf 80' lang='lat' dir='ltr'><strong>data</strong></span> <span class='ocrx_word' id='word_1_626' title='bbox 2073 4793 2447 4849; x_wconf 83' lang='lat' dir='ltr'><strong>confirmavit.</strong></span> 
     </span>
    </p>
   </div>
   <div class='ocr_carea' id='block_1_10' title="bbox 2596 4884 2679 4937">
    <p class='ocr_par' dir='ltr' id='par_1_12' title="bbox 2596 4884 2679 4937">
     <span class='ocr_line' id='line_1_80' title="bbox 2596 4884 2679 4937; baseline -0.024 0"><span class='ocrx_word' id='word_1_627' title='bbox 2596 4884 2679 4937; x_wconf 81' lang='lat'><strong>12·</strong></span> 
     </span>
    </p>
   </div>
  </div>
 </body>
</html>
