3505 5161
375 212 487 263 197
1368 198 1423 250 S.
1454 197 1764 267 Ephraemi
1795 212 1982 270 Opera.
2865 218 2980 271 193

365 382 481 437 ritu
513 398 557 441 ε.
591 397 868 456 graecum
889 381 1184 452 volumen,
1220 382 1380 457 quod
1400 383 1646 458 quidam
1703 384 1896 443 versio
1917 377 2244 443 armeniaca
2263 385 2665 459 Expositionis
2687 386 2989 464 Evanqelii

364 470 434 529 de
466 470 694 546 syriaca
724 468 937 546 lingua
963 473 1241 541 verterat,
1290 477 1351 529 et
1395 484 1643 532 acumen
1701 474 2121 549 concordantis,
2182 474 2247 531 in
2309 492 2428 550 qua
2491 474 2744 533 maxime
2794 474 2991 533 utitur

366 557 638 618 sublimis
668 557 897 635 ingenii
929 552 1110 619 etiam
1156 560 1220 618 in
1257 561 1646 621 translatione
1706 562 2030 622 Harmonia
2047 562 2510 639 Evangeliorum
2551 556 2986 644 (Diatessaron)

362 649 685 725 cognovi:‘
718 647 972 706 affirmat
1002 652 1464 709 sozomenus
1486 650 1557 708 H.
1581 651 1646 710 E.
1703 651 2014 710 Tatiani
2049 645 2144 731 (cf.
2175 671 2231 727 p.
2269 660 2347 714 35
2371 647 2448 733 a.)
2482 671 2658 728 quam
2691 670 2987 710 commen-

363 739 464 807 111,
512 749 537 800 1
555 748 588 799 6
626 736 699 795 de
730 735 1009 796 omnibus
1040 737 1236 797 valere
1267 739 1645 799 versionibus
1702 741 1872 799 tariis
1903 744 1964 799 et
1993 739 2231 799 scholiis
2262 741 2535 816 ampliat3
2584 758 2712 799 eam
2756 741 2822 800 in
2853 741 2990 799 lati-

362 823 603 910 (saltem
619 821 900 906 graecis):
921 825 1006 886 ita
1023 826 1179 885 enim
1200 828 1428 887 scribi-t:
1455 828 1648 897 ,Nam
1702 848 1850 889 num
1883 829 2191 888 transtulit
2220 830 2260 887 J
2262 847 2314 891 0.
2342 829 2407 892 B.
2438 829 2741 889 Aucher
2769 829 2988 889 Mechi-

362 921 424 977 et
468 918 598 992 ipso
644 915 837 974 adhuc
882 917 1207 992 superstite
1244 917 1387 976 libri
1418 918 1549 993 ejus
1583 918 1646 976 in
1702 914 1932 988 tarista,
2003 920 2175 993 cujus
2236 919 2569 978 versionem
2632 918 2986 988 emendavit,

360 1024 640 1083 graecum
674 1018 1004 1064 sermonem
1047 1005 1327 1065 translati
1373 1010 1534 1076 sunt,
1586 1009 1648 1066 et
1702 1007 2189 1067 annotationibus
2269 1008 2600 1067 illustravit
2678 1006 2988 1083 ediditque

364 1113 554 1170 usque
598 1094 674 1152 ad
724 1094 833 1152 hoc
878 1097 1116 1170 tempus
1161 1095 1644 1155 transferuntur:
1702 1097 2156 1174 Moesinger,
2192 1096 2456 1155 Venetiis
2508 1106 2700 1161 1876.·
2748 1098 2990 1155 Praeter

362 1202 467 1244 nec
498 1190 698 1242 tamen
731 1203 765 1241 a
796 1183 1116 1243 domestica
1151 1201 1218 1241 ac
1248 1185 1450 1245 nativa
1479 1203 1648 1260 prae·
1694 1188 1819 1260 jam
1831 1185 2447 1245 notossermonesXII
2451 1187 2782 1263 exegeticos
2795 1185 2870 1245 de
2885 1205 2986 1244 va-

364 1274 584 1332 stantia
631 1274 891 1331 multum
942 1272 1244 1331 recedunt.
1327 1273 1440 1333 Sed
1502 1274 1648 1332 dum
1703 1274 1810 1333 riis
1824 1275 2142 1351 utriusque
2153 1275 2666 1345 T.textibus‚alios
2678 1276 2881 1350 plures
2896 1293 2988 1333 re-

363 1380 567 1440 graece
599 1362 842 1438 legitur,
883 1380 1001 1420 non
1032 1361 1232 1420 minus
1264 1362 1646 1421 admirationi
1701 1364 1860 1439 perit
1907 1363 2356 1440 publicavitque
2405 1366 2476 1427 cl.
2524 1364 2568 1422 L
2585 1383 2689 1422 am
2706 1384 2746 1440 y
2767 1408 2781 1434 ,
2829 1365 2989 1423 inter

359 1457 467 1519 est.
512 1470 692 1526 quam
724 1451 866 1509 dum
899 1450 1184 1527 syriace.‘
1249 1451 1521 1511 Ceterum
1552 1452 1648 1511 vel
1702 1471 1854 1528 quos
1885 1452 2211 1511 laudantur
2243 1471 2542 1512 sermones
2572 1453 2622 1511 X
2652 1454 2721 1511 de
2739 1453 2952 1525 Joseph
2965 1474 2989 1525 ;

362 1542 485 1616 ipsa
535 1539 851 1616 originalia
900 1540 1149 1616 scripta,
1215 1540 1408 1599 multo
1461 1541 1646 1617 magis
1701 1541 2136 1619 integreeditia
2157 1541 2340 1618 Bedj
2360 1541 2811 1618 anS.·Ephrem.
2832 1540 2988 1604 Hist.

362 1628 662 1689 versiones
681 1647 936 1707 graecae,
973 1646 1106 1687 cum
1128 1628 1458 1703 plurimum
1477 1630 1645 1689 lecti·
1703 1631 1958 1707 complet
1988 1631 2058 1688 de
2073 1630 2314 1704 Joseph.
2347 1631 2557 1690 Poeme
2587 1648 2661 1689 en
2692 1640 2763 1693 12
2787 1630 2986 1699 livres,

360 1722 651 1785 tarentur.
707 1736 879 1794 saepe
927 1717 1225 1793 ampliata,
1266 1718 1636 1795 interpolata,
1704 1719 1870 1778 Paris
1898 1728 2058 1783 1891
2101 1719 2167 1779 in
2202 1730 2270 1791 83
2305 1719 2747 1795 Moesinger
2778 1721 2987 1777 Monu-

363 1811 677 1867 retractata
698 1809 961 1878 suerunt,
994 1802 1091 1865 'vel
1123 1807 1301 1865 etiam
1324 1811 1643 1866 contracta.
1703 1812 1904 1867 menta
1934 1809 2159 1884 syriaca
2192 1810 2520 1885 Oeniponte
2551 1817 2714 1872 1878
2748 1828 2805 1883 p·
2842 1816 2987 1871 335.

362 1898 526 1955 Inter
556 1898 689 1972 ejus
720 1915 900 1971 opera
928 1913 1102 1972 prosa
1120 1896 1453 1971 conscripta
1484 1891 1648 1975 (reli-

362 2005 479 2061 qua
509 1986 673 2045 enim
705 1985 825 2043 sere
859 1986 1104 2043 formam
1141 2003 1284 2060 prae
1331 2003 1394 2043 se
1439 1985 1644 2049 ferunt
1803 1995 1942 2050 108.
1979 1986 2225 2045 Praeter
2271 1985 2692 2045 commentaria
2741 1986 2989 2063 reliquit

361 2072 690 2155 metricam)
710 2073 1028 2149 praecipua
1046 2076 1190 2131 sunt
1208 2074 1645 2144 commentaria,
1703 2075 1896 2134 multa
1927 2074 2045 2134 alia
2084 2077 2306 2151 scripta
2336 2074 2688 2152 dogmatica,
2723 2076 2984 2144 moralia,

363 2183 511 2239 quae
556 2164 619 2221 in
667 2180 870 2222 omnes
915 2162 1067 2221 forte
1114 2181 1160 2224 s.
1205 2162 1540 2238 Scripturae
1585 2164 1646 2223 ll.
1703 2163 1970 2232 ascetica,
2005 2183 2259 2240 quorum
2283 2183 2418 2239 pars
2436 2165 2612 2241 longe
2643 2165 2831 2240 major
2860 2183 2986 2223 car—

364 2252 709 2321 elaboravit,
765 2252 867 2311 sed
918 2252 1111 2310 solum
1162 2253 1225 2309 in
1272 2252 1538 2311 Genesim
1587 2254 1649 2311 et
1703 2253 1969 2313 minibus
2015 2257 2076 2311 et
2121 2253 2361 2329 hymnis
2408 2254 2765 2317 continetur.
2831 2253 2990 2311 Haec

366 2342 635 2400 Exodum
686 2338 905 2423 (usque
956 2341 1027 2399 ad
1084 2350 1182 2412 32,
1238 2335 1348 2422 26)
1411 2344 1650 2400 exstant
1702 2341 1981 2412 carmina,
2016 2342 2239 2418 quibus
2260 2342 2600 2401 universam
2635 2342 2753 2401 sere
2785 2342 2988 2400 catho-

366 2430 785 2490 commentaria
814 2429 1155 2507 originalia:
1198 2431 1648 2489 commentario·
1703 2432 1876 2490 licam
1908 2431 2234 2490 doctrinam
2278 2449 2399 2489 non
2445 2432 2642 2491 solum
2688 2431 2987 2501 moralem,

367 2540 498 2578 rum
529 2519 594 2578 in
627 2520 774 2579 alios
806 2518 868 2577 ll.
901 2519 969 2578 V.
987 2518 1050 2577 T.
1084 2517 1381 2577 habentur
1411 2521 1644 2578 tantum
1705 2520 1807 2580 sed
1840 2523 1901 2579 et
1932 2518 2324 2597 dogmaticam
2362 2520 2702 2598 complexus
2749 2522 2844 2578 est
2886 2538 2989 2577 va-

366 2611 593 2686 prolixa
610 2610 944 2686 fragmenta
976 2627 1082 2668 seu
1115 2608 1354 2679 scholia,
1388 2628 1646 2684 praeser·
1703 2611 1943 2686 riasque
1975 2613 2119 2670 tunc
2144 2610 2463 2687 gliscentes
2481 2612 2797 2687 impugnat
2828 2628 2987 2668 erro-

365 2700 474 2757 tim
505 2719 575 2759 ex
604 2702 811 2758 catena
829 2702 1084 2774 patrum,
1119 2716 1298 2772 quam
1318 2697 1652 2773 composuit
1702 2718 1815 2771 res,
1850 2700 2061 2758 diffusa
2091 2708 2235 2758 sunt
2265 2717 2371 2775 per
2400 2699 2748 2758 universum
2780 2698 2990 2757 Orien-

364 2806 409 2846 c.
443 2809 493 2847 a.
529 2797 646 2852 861
710 2788 1043 2846 Severus
1090 2786 1410 2845 monachus
1455 2788 1648 2845 antio·
1701 2792 1842 2847 tem.
1906 2789 2050 2846 Cum
2095 2788 2251 2847 enim
2283 2788 2650 2848 Bardesanes
2682 2787 2987 2863 gnosticas

365 2877 606 2937 chenus.
683 2876 935 2935 Sensum
983 2876 1275 2934 literalem
1326 2875 1647 2934 admodum
1704 2895 1882 2953 syrus
1915 2878 2164 2952 ejusque
2187 2877 2344 2935 filius
2365 2876 2725 2934 Harmonius
2750 2875 2986 2950 scriptis

363 2965 686 3043 diligenter
720 2965 972 3040 inquirit
1015 2966 1077 3023 et
1120 2964 1472 3039 plerumque
1517 2963 1648 3023 feli·
1702 2966 1778 3025 ad
1822 2966 1986 3040 lyrae
2029 2969 2269 3025 cantum
2302 2965 2647 3039 compositis
2695 2982 2835 3022 suos
2880 2982 2990 3039 per

361 3056 510 3114 citer
529 3059 837 3114 assecutus
860 3058 949 3113 est
962 3052 1026 3130 ¹),
1060 3071 1300 3111 sensum
1326 3053 1645 3129 mysticum
1703 3054 1925 3130 vulgus
1957 3053 2360 3112 diffunderent
2400 3072 2642 3121 erroreS,
2690 3052 2884 3112 voluit
2928 3055 2990 3110 et

364 3161 482 3202 non
514 3144 772 3222 negligit
802 3160 1015 3202 cavens
1034 3142 1352 3218 allegoriae
1375 3142 1645 3213 abusum,
1701 3143 2014 3220 Ephraem,
2055 3145 2127 3201 ut
2170 3160 2397 3201 veneno
2444 3141 2772 3201 remedium
2801 3159 2985 3216 oppo-

359 3233 561 3308 qualis
594 3232 753 3309 apud
786 3231 1195 3308 Origenem
1227 3231 1555 3307 reperitur:
1589 3235 1650 3291 et
1704 3234 1873 3290 neret
1939 3234 2001 3289 et
2058 3230 2386 3289 doctrinam
2451 3230 2668 3289 Christi
2715 3229 2983 3289 fidelium

364 3323 503 3398 quia
555 3341 600 3380 s.
652 3321 1018 3397 Scripturam
1076 3320 1508 3397 interpretatus
1557 3323 1649 3379 est
1702 3322 1915 3379 animis
1928 3320 2551 3395 infunderetfestaque
2562 3318 2803 3377 Domini
2818 3336 2986 3377 exor-

360 3430 557 3471 coram
577 3410 878 3469 monachis
898 3409 1140 3484 suisque
1161 3409 1486 3485 discipulis,
1522 3409 1647 3484 pie·
1703 3413 1891 3480 naret,
1942 3410 2204 3468 carmina
2248 3412 2310 3468 et
2340 3408 2590 3486 hymnos
2620 3425 2986 3483 componere.

362 3500 506 3559 tatis
540 3500 872 3576 profectum
904 3502 965 3556 et
1003 3497 1379 3573 spiritualem
1411 3497 1645 3557 audito-
1705 3499 1835 3557 Huc
1865 3515 2008 3575 ergo
2041 3500 2312 3574 spectant
2341 3497 2815 3573 eloquentissimi
2846 3497 2986 3554 Ser-

364 3609 497 3648 rum
529 3589 857 3647 utilitatem
890 3587 1067 3645 etiam
1101 3586 1380 3645 intendit.
1441 3589 1647 3645 Arme·
1704 3607 1898 3647 mones
1919 3589 2190 3661 polemici
2239 3598 2317 3650 56
2369 3587 2655 3646 adversus
2693 3586 2985 3662 haereseS,

362 3679 528 3737 niace
562 3679 799 3736 tantum
846 3679 1082 3735 exstant
1129 3676 1535 3735 commentarii
1584 3678 1643 3734 in
1703 3674 2986 3754 gnosticospraesertim,adversusJudaeos;

362 3769 419 3825 ll.
446 3767 955 3842 Paralipomenon,
987 3765 1172 3823 latine
1204 3766 1267 3822 in
1301 3784 1383 3840 ep.
1404 3783 1448 3826 s.
1476 3764 1647 3823 Pauli
1709 3776 1789 3830 80
1826 3766 2110 3824 adversus
2144 3767 2522 3836 scrutatores,
2566 3765 2671 3839 qui
2700 3763 2822 3822 scil.
2856 3782 2984 3838 my-

358 3861 604 3932 excepta
635 3874 724 3931 ep.
758 3855 830 3913 ad
852 3854 1278 3932 Philemonem,
1312 3854 1376 3912 in
1397 3853 1485 3917 ed.
1508 3872 1642 3929 opp.
1703 3854 1954 3912 sterium
1972 3872 2048 3914 ss.
2065 3854 2375 3912 Trinitatis
2393 3853 2753 3928 perscrutari
2765 3855 2986 3910 temere

361 3964 581 4004 armen.
650 3944 1029 4002 vindobonae
1104 3952 1262 4007 1836
1313 3946 1355 4000 t.
1405 3942 1523 4012 111;
1588 3946 1648 4001 et
1705 3942 2185 4016 praesumebant,
2239 3953 2268 4003 τ
2319 3944 2388 3998 de
2420 3945 2769 4018 maryarita,
2808 3960 2986 4015 quam

1703 4049 1812 4090 ceu
1833 4030 2169 4106 symbolum
2189 4030 2525 4088 considerat
2557 4030 2695 4088 fidei
2716 4029 2985 4086 christia-

441 4119 476 4174 ι)
506 4113 897 4168 Bardenhe
917 4130 1059 4165 Wel'
1083 4117 1194 4178 §82
1223 4111 1649 4194 n.3:DieA}18-
1704 4138 1933 4188 nomm,
1974 4129 2007 4180 3
2032 4119 2099 4174 de
2129 4120 2258 4195 fide,
2303 4128 2374 4180 15
2400 4119 2467 4175 de
2491 4119 2778 4190 paradiso
2799 4117 2981 4190 Eden,

360 4184 878 4256 legungsmethode
908 4183 1219 4255 Ephraems
1258 4184 1392 4237 (18ῗῖ
1412 4184 1495 4236 ³¹⁸
1521 4199 1649 4237 eme
1707 4219 1743 4271 4
1763 4207 2023 4267 carmina
2036 4213 2234 4266 contra
2251 4207 2558 4264 Julianum
2575 4212 2902 4278 apostatam
2917 4200 2982 4282 ¹),

361 4257 727 4327 vorziigliche
755 4255 1088 4310 bezeichnet
1128 4255 1371 4308 werden.
1424 4254 1499 4307 Er
1524 4253 1650 4307 hul·
2035 4298 2045 4309 .
2090 4298 2100 4309 .
2398 4297 2410 4308 .
2462 4297 2472 4308 .
2773 4319 2778 4324 .
2824 4295 2842 4324 .

354 4327 492 4398 digt
516 4327 599 4381 im
626 4327 1015 4397 allgemeinen
1041 4326 1152 4380 den
1181 4327 1648 4396 Auschauungen
1708 4308 1787 4360 22
1822 4299 1890 4355 de
1920 4303 2214 4360 '²⁰²²th
2234 4295 2487 4363 D⁰m²⁷⁸²2
2532 4305 2603 4356 15
2629 4295 2696 4352 de
2719 4293 2981 4366 EPH'JW·

358 4399 461 4452 der
487 4398 1000 4453 antiochenischen
1040 4398 1246 4452 Schule
1289 4397 1405 4450 und
1448 4398 1652 4450 nahert
1705 4389 1825 4462 m'a,
1871 4385 1973 4444 alii
2004 4387 2072 4443 de
2101 4386 2284 4442 variis
2315 4384 2606 4458 mysteriis
2637 4383 2828 4456 deque
2861 4380 2987 4438 vita

362 4470 484 4524 sich
508 4469 912 4524 insbesondere
934 4470 1063 4523 sehr
1082 4467 1183 4521 der
1203 4471 1310 4521 Art
1324 4468 1442 4521 und
1460 4468 1651 4522 Weise

362 4541 714 4596 Theodorets
754 4556 866 4593 von
909 4539 1103 4608 Cyrus.
1156 4541 1238 4594 cf.
1266 4540 1317 4592 J.
1345 4540 1403 4596 T.
1434 4539 1526 4592 La
1544 4559 1596 4592 m
1614 4557 1651 4608 y

362 4612 662 4684 L'exegese
714 4628 787 4664 en
840 4610 1042 4665 Orient
1087 4628 1162 4664 au
1218 4611 1319 4664 lve
1370 4611 1537 4664 siecle
1587 4610 1649 4664 in
1785 4615 1822 4683 ¹)
1870 4610 2058 4663 Habes
2108 4611 2246 4663 haec
2298 4605 2622 4677 germanice
2671 4604 2983 4673 interprete

362 4683 555 4738 Revue
585 4685 725 4738 bibl.
755 4689 893 4739 1893
917 4704 974 4754 p.
1004 4695 1033 4739 5
1056 4702 1156 4743 ssa
1183 4686 1241 4737 et
1261 4682 1651 4736 L‘Universite
1706 4681 2008 4736 Bickell
2037 4680 2299 4734 Zeitschr.
2327 4681 2418 4732 fiir
2443 4679 2498 4732 k.
2527 4675 2721 4730 Theol.
2753 4677 2888 4731 1878
2914 4675 2982 4739 ΙΙ,

358 4753 523 4812 Cath.
553 4756 622 4808 N.
652 4755 704 4808 S.
738 4755 833 4818 111,
861 4759 1173 4814 321-3492
1215 4755 1309 4817 IV,
1356 4760 1650 4810 161—190.
1706 4759 1971 4810 335-56.

367 4070 463 4077 ——-—.

2609 4839 2665 4858 9--
