3505 5161
407 231 528 284 4:33

1370 210 1725 274 valerianae,
1752 213 2065 268 PolemeuS.

2893 233 3019 287 434

404 395 745 481 literaria1).
809 399 1184 461 Tribuuntur
1228 399 1344 474 ipsi
1396 403 1458 457 et
1501 400 1683 458 homi·
1741 398 1838 469 VI,
1877 408 2271 464 822—1014
2317 402 2378 458 et
2410 399 2640 467 XXVII,
2699 410 2819 464 180
2869 420 2915 460 6.
2961 405 3021 460 et

404 490 532 565 liae,
568 507 719 563 quae
738 491 938 549 tamen
959 491 1022 546 et
1039 488 1155 547 sub
1174 487 1428 547 aliorum
1446 488 1685 548 nomine
1739 488 1899 563 apud
1947 489 2043 546 Mi
2057 508 2200 566 gne
2250 488 2312 547 Ρ.
2363 490 2424 549 L.
2462 489 2537 557 .L,
2594 497 3022 557 685-1214;

403 577 920 648 circumferuntur,
932 576 1355 653 aliquothabes
1367 578 1429 635 in
1451 578 1683 655 Migne
1740 581 2069 636 accuratam
2114 578 2203 637 ed.
2237 578 2472 636 curavit
2503 577 2768 640 Wotke
2798 579 3021 638 Vindo-

404 688 459 743 p·
496 676 861 731 833—866.
893 678 983 710 ’--
1018 666 1435 725 commentarii
1467 669 1532 725 ‘in
1569 667 1681 725 Ge·
1739 666 1932 726 bonae
1976 676 2139 730 1894
2173 687 2230 743 p.
2261 666 2289 722 I
2336 663 2585 748 (Corpus
2634 668 2837 744 script.
2885 669 3022 729 eccl·

404 758 602 832 neem,
637 774 788 831 quos
809 756 922 814 sub
943 755 1220 814 Eucherii
1239 755 1478 814 nomine
1495 755 1684 815 edidit
1738 756 1841 814 lat.
1873 758 1915 813 t.
1936 754 2161 832 XXXI).
2208 756 2445 831 Scripta
2474 760 2675 815 autem
2707 762 2853 816 sunt
2882 759 3022 817 haec

403 846 924 904 Brassicanus
955 844 1222 903 Basileae
1263 854 1448 911 1531,
1489 849 1551 903 et
1582 845 1684 903 ha-

403 934 622 993 bentur
652 934 718 993 111
749 933 985 1011 Migne
1029 934 1093 996 P.
1124 934 1186 995 L.
1219 933 1279 1004 L,
1333 942 1682 1003 893-1048,

406 1027 549 1083 sunt
578 1023 762 1083 Cento
793 1042 861 1081 ex
893 1024 1374 1099 Augustino,
1409 1023 1686 1082 Hiero·-

405 1130 652 1188 nym0,
719 1112 1125 1190 GregoriO,
1188 1111 1494 1172 Isidoro
1556 1116 1683 1181 etc„

407 1202 511 1275 qui
555 1202 729 1279 lapsu
773 1201 1064 1277 temporis
1114 1200 1518 1262 additionibus
1568 1201 1688 1260 fuit

407 1295 636 1349 auctus.
694 1290 1107 1350 Commentarii
1140 1291 1204 1348 in
1234 1291 1289 1348 ll.
1323 1291 1546 1370 Reyum
1580 1286 1684 1369 (ib.

415 1376 876 1459 1047—1212)
926 1382 1070 1437 sunt
1119 1379 1343 1454 pariter
1374 1378 1683 1454 suppositi,

1740 845 2029 921 opuscula
2051 846 2189 909 stilo
2211 845 2487 920 eleganti,
2523 845 2844 921 eloquenti,
2877 864 3022 905 unc-

1740 934 1926 993 tionis
1959 935 2166 1009 pleno:
2212 934 2423 995 merito
2471 954 2611 1011 ergo
2649 934 2872 995 dicitur
2894 935 3020 1011 ¹Eu·

1740 1022 1976 1082 cherius
2038 1042 2073 1080 a
2134 1042 2179 1083 s.
2230 1024 2534 1084 Isidoro
2596 1024 2750 1099 hisp.
2808 1043 2854 1083 c.
2909 1033 3020 1088 28:

1743 1150 1771 1179 ,
1785 1112 2043 1189 Elegans
2059 1113 2665 1192 sententiifflornatus
2678 1113 2742 1171 in
2761 1113 2980 1177 verbis,
2993 1122 3022 1152 ‹

1834 1289 1881 1348 V
1897 1290 1967 1349 al
1982 1309 2014 1349 e
2029 1291 2094 1349 ri
2111 1311 2147 1349 a
2159 1309 2200 1348 n
2215 1309 2256 1353 11
2274 1309 2301 1350 6
2348 1291 2717 1351 cemeliensis
2757 1286 3023 1371 (Cimiez)

1742 1378 1901 1455 apud
1934 1378 2101 1454 alpes
2134 1380 2479 1449 maritimas,
2504 1388 2507 1391 '
2524 1380 2633 1455 qui
2685 1380 2879 1439 medio
2913 1398 3025 1440 sec.

406 1468 627 1543 quibus
646 1472 864 1539 tamen,
900 1468 1058 1527 sicut
1082 1472 1145 1527 et
1160 1467 1284 1526 illis
1304 1468 1369 1527 in
1390 1468 1684 1537 Genesim,
1741 1466 1810 1526 V.
1861 1467 2083 1538 floruit,
2145 1468 2394 1543 reliquit
2440 1470 2709 1528 homilias
2756 1468 2898 1537 XX,
2962 1470 3027 1527 iu

407 1575 601 1633 neque
616 1557 863 1615 scientia
878 1556 1314 1633 scripturarum
1336 1575 1530 1632 neque
1549 1575 1686 1617 eru-

1744 1556 1966 1631 quibus
1998 1557 2197 1634 gravis
2231 1558 2510 1633 succique
2541 1558 2718 1632 plena
2749 1557 3027 1616 facundia

409 1645 556 1705 ditio
607 1646 794 1710 deest.
838 1680 925 1690 ——
971 1646 1078 1722 Ep.
1127 1645 1197 1704 ad
1248 1646 1532 1704 Faustum
1581 1663 1687 1703 seu
1742 1651 2003 1722 apparet,
2035 1664 2267 1706 necnon
2297 1651 2362 1705 et
2390 1646 2685 1722 epistolam
2718 1646 2788 1704 ad
2824 1665 3027 1704 mona-

407 1734 762 1794 Faustinum
812 1736 880 1794 de
928 1738 1045 1795 situ
1069 1748 1072 1751 ’
1095 1736 1357 1794 Judaeae
1401 1734 1688 1810 urbisque
1743 1735 1902 1805 ehos,
1947 1754 2067 1811 qua
2110 1754 2208 1794 eas
2253 1735 2327 1794 ad
2373 1735 2720 1811 praecipuas
2751 1735 3029 1795 hortatur

409 1824 967 1900 hierosolymitanae
1041 1844 1112 1882 ex
1187 1824 1226 1881 J
1229 1842 1309 1883 06.
1385 1824 1431 1882 F
1447 1824 1465 1882 1
1482 1844 1518 1883 a
1531 1842 1568 1882 v
1584 1823 1602 1881 1
1622 1840 1656 1881 o
1674 1866 1687 1892 ,

409 1912 499 1970 Hi
515 1933 546 1971 6
564 1932 641 1971 ro
656 1931 698 1970 11
712 1932 754 1989 y
769 1933 825 1971 m
844 1931 878 1971 o
909 1914 1163 1988 aliisque
1182 1912 1547 1983 concinnata,
1569 1912 1687 1970 Eu-

1745 1824 2007 1883 virtutes
2025 1843 2043 1885 :⁷
2079 1825 2188 1882 hae
2220 1825 2413 1884 editae
2443 1823 2741 1887 habentur
2770 1824 2865 1882 Mi
2884 1842 3028 1900 gne

1744 1912 1868 1977 LII,
1921 1922 2289 1978 cel—758.
2355 1913 2714 1973 Prodierunt
2749 1913 2873 1988 jam
2922 1932 3026 1971 an·

409 2002 605 2060 cherio
635 2001 878 2078 quidem
926 2002 1126 2078 digna,
1172 2000 1355 2060 dubia
1391 1997 1687 2081 tamen²):
1744 2004 1903 2075 teal)
1951 2002 2111 2060 inter
2160 2002 2551 2062 Sirmondi
2602 1999 2735 2079 opp.
2787 2002 3028 2060 Parisiis

410 2090 649 2150 videtur
679 2091 836 2149 enim
869 2109 998 2150 esse
1017 2094 1358 2165 excerptum
1389 2110 1458 2148 ex
1492 2089 1692 2147 Beda

410 2182 466 2237 et
498 2179 846 2239 Adamnano
878 2182 987 2242 etc.
1035 2181 1314 2239 Prostant
1347 2198 1391 2237 6.
1411 2178 1691 2238 Eucherii

410 2285 587 2342 opera
631 2269 695 2328 in
739 2269 890 2333 Max.
933 2269 1080 2327 bibl.
1129 2269 1238 2326 PP.
1284 2269 1448 2345 lugd.
1505 2277 1692 2330 1677.

482 2500 524 2560 μ’)
553 2492 637 2546 Cf.
664 2492 749 2545 Hi
768 2511 837 2547 rs
854 2493 935 2547 ch
954 2511 1007 2546 m
1026 2508 1059 2545 a
1077 2511 1114 2545 n
1135 2511 1171 2544 n
1213 2492 1304 2546 die
1347 2495 1577 2549 neueste
1608 2491 1694 2545 Li·

410 2565 629 2618 teratur
672 2563 813 2619 iiber
850 2564 951 2619 das
979 2563 1320 2633 Martyrium
1346 2564 1447 2620 der
1477 2564 1696 2619 thebai-

410 2635 600 2688 schen·
623 2635 839 2706 Legion
879 2636 941 2691 in
981 2637 1115 2690 hist.
1140 2635 1337 2692 Jahrb.
1385 2641 1518 2692 1892
1549 2636 1695 2701 Xlll,

411 2709 688 2765 783-982
731 2706 783 2761 J.
828 2707 864 2761 S
880 2724 910 2761 c
925 2708 964 2762 h
983 2707 1127 2761 mid
1162 2708 1461 2778 (adversus
1500 2707 1546 2759 E
1562 2727 1600 2777 g
1618 2707 1635 2759 l
1656 2707 1694 2777 i)

411 2776 511 2830 der
536 2778 614 2833 hl.
631 2777 936 2832 Mauritius
952 2778 1070 2832 und
1086 2777 1241 2832 seine
1259 2777 1541 2834 Genossen
1562 2779 1697 2832 oder

412 2847 512 2901 das
556 2848 896 2916 Martyrium
925 2851 1025 2903 der
1063 2848 1433 2903 thebaischen
1462 2849 1694 2919 Legion,

413 2917 631 2973 Luzern
664 2926 799 2978 1893
818 2943 828 2980 ;
857 2926 905 2973 A
922 2921 943 2974 1
959 2921 1028 2974 la
1044 2938 1072 2973 r
1088 2921 1123 2973 d
1153 2921 1230 2974 La
1247 2922 1608 2991 persecution
1627 2921 1696 2973 de

412 2990 729 3046 Diocletien
780 2997 840 3045 et
886 2992 938 3046 16
990 2992 1276 3062 triumphe
1327 2992 1396 3045 de
1447 2991 1697 3061 l'Eglise,

413 3061 572 3116 Paris
601 3069 757 3119 1890.
800 3064 838 3128 1,
886 3066 1121 3119 17-34:
1170 3064 1235 3126 11,
1263 3068 1541 3122 335—64;
1593 3062 1698 3115 Ka-

415 3133 603 3188 tholik
660 3139 810 3190 1888.
863 3134 904 3199 Ι,
956 3141 1270 3192 618-639;
1334 3135 1402 3196 11,
1453 3136 1523 3189 70
1539 3140 1697 3194 -94;

418 3209 691 3264 156-782
744 3204 1098 3259 Potthast
1134 3226 1190 3276 p.
1236 3209 1402 3263 1472:
1455 3203 1698 3260 Stolle

414 3275 514 3329 das
541 3275 855 3344 Martyrum
882 3277 982 3330 der
1009 3277 1161 3331 theb.
1190 3275 1422 3346 Legiou,
1463 3275 1698 3331 Breslau

423 3351 574 3411 1890,
603 3365 706 3416 qul
750 3348 1092 3416 martyrium
1140 3348 1375 3416 quidem
1418 3347 1697 3410 admittit,

414 3418 510 3471 sed
551 3419 624 3472 ad
668 3420 928 3473 umbram
967 3423 1200 3473 revocat
1237 3435 1552 3488 paucorum
1577 3421 1699 3472 tan·

415 3491 539 3542 tum
565 3489 817 3545 militum
837 3489 1107 3559 martyrio
1124 3507 1407 3545 concess0.
1433 3489 1540 3543 Pro
1559 3489 1698 3542 veri—

416 3562 535 3614 tate
597 3560 857 3629 martyrii
912 3563 1069 3615 stant
1129 3565 1422 3632 praeterea
1474 3561 1521 3615 D
1541 3579 1577 3614 u
1596 3561 1657 3616 ci
1674 3578 1700 3613 6

415 3630 470 3689 S..
496 3631 749 3686 Maurice
790 3636 848 3687 et
885 3632 944 3686 la
983 3632 1177 3703 legion
1203 3632 1561 3694 Thebeenne,
1591 3634 1700 3687 An-

414 3719 557 3771 necy
589 3708 751 3761 1887:
785 3706 835 3759 J.
858 3703 1023 3760 Bern.
1051 3704 1120 3757 de
1162 3703 1617 3760 Montmelian
1646 3703 1698 3756 S.

416 3772 666 3830 Maurice
684 3778 742 3828 et
758 3775 814 3829 la
836 3774 1029 3855 legion
1051 3775 1226 3829 Theb.
1256 3775 1414 3829 Paris
1435 3782 1572 3832 1888
1588 3779 1627 3828 t.
1650 3783 1698 3828 ι).

418 3844 501 3899 Cf.
529 3846 575 3900 G
593 3845 790 3899 risar
833 3844 1102 3900 Zextschr.
1132 3846 1224 3900 fiir
1249 3847 1305 3900 k.
1334 3846 1531 3901 Theoi.
1566 3853 1700 3903 1889

417 3917 564 3980 xm,
592 3919 894 3975 7⁴6—749.

490 3993 529 4050 τ)
559 3988 760 4043 Exstat
784 3988 847 4041 in
872 4005 969 4042 cor
1014 4029 1025 4041 .
1048 3988 1239 4059 script.
1262 3991 1394 4043 eccl.
1415 3989 1514 4042 lat.
1534 3986 1698 4040 Vien-

416 4075 522 4112 nae
579 4064 716 4118 1898
763 4064 804 4113 t.
855 4059 1107 4123 XXXIX,
1163 4067 1442 4117 123—134
1480 4076 1598 4113 cur.
1640 4058 1699 4112 P.

418 4131 669 4200 Geyer.
753 4131 835 4185 cf.
892 4130 961 4184 de
1026 4131 1307 4186 Eucherio
1372 4131 1701 4186 Fessler·

416 4202 843 4273 Jungmann
892 4213 919 4265 ξ
965 4210 1099 4261 23ος
1151 4202 1701 4256 Bardenhewer

417 4282 446 4339 5
472 4279 540 4330 96
581 4292 634 4328 11.
663 4280 725 4334 2;
777 4273 1087 4329 Nirschl
1133 4274 1276 4339 1115
1318 4280 1454 4330 221:
1508 4272 1701 4326 Guil-

420 4344 543 4398 lan
560 4344 597 4398 d
648 4345 702 4398 8.
729 4343 969 4406 Eucher‚
1021 4344 1218 4398 Lerins
1262 4347 1321 4397 et
1359 4343 1590 4412 l'Eglise
1631 4343 1701 4396 de

419 4414 558 4469 Lion
588 4432 665 4470 au
705 4417 778 4468 ve
821 4415 1005 4477 siecle,
1046 4417 1204 4484 Lyon
1251 4421 1404 4479 1881,
1449 4432 1611 4485 opus,
1638 4414 1698 4467 in

421 4503 535 4554 quo
550 4486 908 4541 desideratur
916 4486 1207 4556 judicium
1224 4486 1491 4542 criticum
1509 4508 1520 4545 ς
1549 4485 1606 4538 Μ
1617 4502 1648 4539 6
1661 4486 1702 4537 l-

421 4557 567 4611 lier
606 4559 675 4611 de
703 4559 825 4612 vita
864 4562 921 4612 et
958 4557 1186 4628 scriptis
1226 4577 1267 4611 s.
1297 4556 1583 4620 Eucherii,
1623 4555 1700 4609 ib.

427 4632 591 4690 1878:
636 4630 782 4684 Hist.
810 4628 896 4684 lit.
924 4629 992 4683 de
1021 4629 1109 4686 Fr.
1137 4630 1205 4693 11,
1232 4635 1336 4686 275
1350 4634 1545 4686 —2942
1589 4627 1629 4680 F
1647 4644 1702 4680 a·

423 4699 715 4755 bricius
779 4700 918 4754 bibl.
966 4701 1065 4755 lat.
1117 4700 1263 4754 med.
1313 4702 1422 4754 aet.
1476 4701 1514 4754 Ι.
1567 4705 1701 4758 525;

423 4771 788 4828 Schroedl
816 4769 929 4825 KL.
961 4772 1052 4835 lV,
1081 4778 1202 4829 952.

1757 2100 1939 2154 1596.
1978 2091 2024 2161 I,
2065 2100 2351 2154 604-702
2371 2112 2385 2161 3
2440 2091 2702 2151 venetiis
2762 2099 2924 2153 1728
2983 2091 3027 2155 1.

1755 2189 2074 2251 345-4043
2097 2179 2164 2239 111
2183 2181 2450 2256 Heptade
2467 2180 2808 2258 praesulum
2830 2180 3029 2239 christ.

1748 2269 2061 2344 Theophili
2092 2269 2142 2327 R
2155 2278 2242 2345 ay
2259 2289 2300 2328 11
2316 2289 2350 2328 a
2364 2290 2405 2329 u
2420 2270 2526 2337 di,
2579 2268 2824 2328 Parisiis
2865 2279 2936 2331 16
2949 2280 3018 2331 71

1747 2377 1807 2433 p.
1858 2370 1888 2421 7
1901 2367 2178 2429 26—-55,
2224 2358 2330 2434 qui
2377 2378 2515 2418 eum
2560 2359 2740 2418 etiam
2789 2362 3031 2416 strenue

1749 2447 2033 2506 adversus
2069 2447 2643 2525 Semipelagianismi
2685 2450 2897 2505 tuetur
2926 2463 3031 2504 no-

1749 2541 1873 2596 tam
1904 2536 1994 2598 ib..
2023 2545 2388 2609 7563—802,
2422 2539 2484 2597 et
2513 2537 2669 2613 apud
2703 2536 2909 2613 Mign
2927 2556 2958 2596 e
2988 2538 3032 2596 t.

1749 2627 2336 2701 ost-p.757—-837.

1846 2813 1989 2866 244.
2031 2804 2366 2880 Lituryiam
2396 2802 2830 2878 quadamtenus
2863 2821 3031 2877 spec-

1751 2896 1844 2951 tat
1864 2893 2209 2952 Lateroulus
2240 2893 2366 2951 sive
2388 2892 2565 2954 index
2589 2893 2874 2951 festorum
2910 2893 2953 2949 P
2969 2910 3032 2949 o-

1754 2981 1822 3040 le
1839 2999 1898 3039 m
1913 2982 1982 3040 ei
2013 2979 2310 3058 (Polemii)
2332 2979 2506 3038 silvii
2527 2978 2750 3055 (Salvii,
2773 2980 3034 3038 Polemei

1752 3065 2011 3148 Annaei)
2056 3070 2322 3146 episcopi
2360 3068 2721 3128 Octodurani
2757 3065 3031 3150 (Martig-

1751 3176 1865 3217 nac
1894 3158 1967 3217 ad
1997 3158 2388 3232 Rhodanum),
2440 3157 2546 3233 qui
2578 3158 2835 3233 singulis
2869 3176 3033 3215 men-

1755 3247 1922 3306 sibus
1942 3247 2091 3306 festa
2105 3247 2566 3307 christianorum
2581 3243 2672 3327 (et
2685 3243 3031 3326 gentilium)

1757 3336 2002 3395 indicat.
2068 3337 2301 3395 Partem
2363 3336 2523 3410 ejus,
2585 3353 2847 3395 mensem
2911 3334 3036 3393 scil.

1755 3425 2128 3492 Januarium,
2175 3428 2237 3484 et
2277 3427 2548 3501 excerpta
2578 3443 2647 3483 ex
2679 3424 2814 3483 aliis
2847 3423 3035 3488 edidit

1755 3514 2189 3572 Bollandus
2237 3515 2298 3573 iu
2342 3513 2523 3589 praef.
2568 3532 2699 3590 gen.
2747 3517 2791 3575 t.
2824 3513 2869 3571 I.
2902 3513 3034 3572 Jan.

1754 3623 1817 3668 n.
1862 3613 1917 3664 4.
1994 3601 2447 3662 continuatores
2497 3612 2698 3662 autem
2748 3604 3036 3661 Actorum

1758 3691 1856 3754 88.
1891 3692 2137 3767 plenum
2169 3691 2336 3751 illius
2357 3691 2654 3767 exemplar
2671 3690 2849 3760 nacti,
2884 3691 3036 3749 illud

1756 3775 2133 3862 ediderunt2)
2177 3785 2222 3839 t.
2254 3780 2381 3846 VII.
2413 3780 2556 3843 Jun.
2594 3801 2650 3856 p.
2692 3789 3033 3844 178-184

1758 3867 1920 3950 (inde
1982 3869 2231 3945 Migne
2289 3869 2445 3939 XIII,
2517 3873 2910 3943 676—688)‚
2976 3869 3036 3926 in

1757 3976 1874 4035 quo
1905 3962 2104 4016 tamen
2137 3958 2309 4032 plura
2340 3957 2512 4016 aliter
2543 3958 2828 4034 leguntur
2858 3976 3037 4033 quam

1757 4048 1920 4123 apud
1950 4046 2324 4107 Bollandum.
2372 4046 2685 4122 Adjecerat
2715 4050 2917 4106 autem
2948 4046 3037 4103 illi

1836 4274 1872 4342 ¹)
1901 4269 1981 4325 Cf.
2012 4267 2386 4323 Fessler-.1
2408 4286 2444 4321 11
2468 4284 2785 4337 ngmann
2832 4277 2857 4332 ξ
2903 4271 3037 4322 222:

1758 4342 1902 4396 Hist.
1933 4343 2019 4399 lit.
2047 4342 2117 4406 Il,
2144 4346 2423 4398 3:38—333
2449 4338 2562 4391 KL.
2590 4339 2710 4401 XII,
2740 4343 2860 4394 558.
2987 4339 2995 4349 '

1834 4417 1874 4485 ²)
1897 4412 2079 4469 Simul
2093 4429 2223 4467 cum
2239 4427 2306 4466 eo
2322 4410 2629 4464 ediderunt
2644 4412 2817 4464 Kalen
2825 4412 3039 4463 darium

1757 4485 2063 4553 antiquum
2128 4483 2169 4536 F
2187 4501 2224 4537 u
2241 4482 2341 4537 rii
2402 4479 2665 4550 Dionysii
2741 4479 3039 4534 Philocadi

1756 4572 1806 4610 a.
1834 4564 1939 4613 354
1965 4554 2368 4624 conscriptum,
2397 4552 2500 4622 qui
2538 4552 2652 4606 fuit
2692 4551 2907 4607 celeber
2934 4553 3040 4604 6111)

1758 4627 2001 4681 Damaso
2053 4626 2324 4708 pontifice
2376 4624 2792 4705 kaliographus
2812 4665 2823 4683 ‚
2875 4623 3039 4691 cujus

1757 4699 1947 4753 adhuc
1990 4701 2273 4752 mirantur
2316 4689 2678 4765 archaeolog1
2720 4693 3040 4763 inscriptio-

1758 4787 1857 4824 nes
1884 4769 2168 4840 singulari
2192 4772 2312 4823 arte
2342 4767 2636 4838 lapidibus
2665 4766 3002 4835 insculptae.
