3505 5161
349 236 510 288 1065

1070 215 1362 268 Marianus
1389 215 1605 275 Scottis,
1635 216 1888 269 Adamas·
1917 217 2239 269 bremensis.

2792 236 2954 289 1066

337 422 385 462 s.
406 402 662 462 Martino
683 403 943 461 dicatum
975 404 1249 479 receptus
1283 403 1623 462 solitudinis
1682 413 2027 466 448—656
2064 403 2153 463 ed.
2187 400 2277 484 (2)
2312 406 2621 473 Struve;
2654 403 2690 461 l.
2721 406 2956 462 tantum

337 493 631 551 desiderio
665 492 933 551 inclusus
969 491 1204 550 duobus
1235 493 1408 551 annis
1455 512 1620 551 man·
1683 503 1738 555 3.
1772 492 2006 550 omissis
2039 493 2101 551 ll.
2144 504 2192 554 1.
2226 495 2288 550 et
2323 501 2378 556 2.
2427 487 2709 573 (quorum
2756 496 2959 551 tamen

339 582 433 640 sit.
468 581 614 640 Inde
633 581 1065 639 Paderbornam
1097 581 1357 652 transiit,
1389 582 1495 640 ubi
1529 600 1619 640 sa·
1678 582 1992 640 exhibetur
2036 581 2207 639 index
2240 578 2345 664 cc.)
2393 601 2514 640 cnr.
2559 581 2800 640 Waitz
2833 582 2958 642 MG.

336 671 541 730 cerdos
574 673 667 729 est
697 670 1009 729 ordinatus
1043 672 1222 746 atque
1254 675 1456 746 postea
1483 672 1623 729 Ful·
1680 670 1779 734 SS.
1812 670 1878 741 V,
1931 679 2275 733 481—564
2324 692 2357 729 a
2402 670 2634 729 Christo
2678 689 2735 734 n.
2769 689 2961 747 usque

341 761 473 818 dam
520 778 583 818 se
627 760 853 836 recepit
897 758 1101 834 ibique
1146 779 1316 817 muro
1355 761 1623 819 inclusus
1678 760 1754 818 ad
1795 780 1844 817 a.
1887 768 2071 829 1082,
2118 778 2252 817 cum
2298 759 2747 819 continuatione
2793 759 2865 818 ad
2911 780 2959 817 a.

340 848 695 908 decennium
745 849 1043 926 transegit
1093 848 1364 918 orationi,
1419 849 1620 925 poeni·
1690 860 1709 910 1
1737 860 1875 917 109,
1909 848 1987 906 ib.
2022 857 2401 919 562—5643
2434 848 2498 906 in
2531 848 2782 926 Migne
2815 850 2875 906 P.
2897 848 2960 910 L.

340 938 564 997 tentiae
600 937 921 1012 studioque
953 937 1240 997 intentus,
1304 938 1471 997 Alios
1502 941 1622 996 tre-

341 1028 533 1085 decim
564 1045 749 1085 annos
770 1026 1068 1103 transegit
1087 1027 1352 1086 inclusus
1373 1029 1622 1104 Mogun·

343 1117 478 1186 tiae,
512 1116 619 1175 ubi
651 1118 715 1173 et
743 1116 1067 1174 Chronicon
1099 1133 1274 1174 suum
1308 1117 1622 1175 concinna-

342 1206 432 1264 vit
462 1204 818 1280 laudemque
851 1223 968 1263 non
998 1205 1304 1281 vulgarem
1326 1208 1446 1263 tam
1469 1205 1624 1283 apud

340 1312 583 1353 coaevos
615 1312 794 1368 quam
827 1293 985 1367 apud
1019 1299 1285 1370 posteros
1319 1294 1436 1353 sibi
1469 1313 1623 1354 com-

345 1383 578 1459 paravit
612 1378 674 1465 (†
715 1391 878 1445 1082
916 1383 1009 1440 vel
1051 1378 1264 1465 1083).
1323 1383 1628 1453 ,Solerter

342 1471 731 1547 perscrutatis
772 1471 1077 1530 veteribus
1110 1476 1171 1529 et
1204 1474 1501 1531 modernis
1529 1491 1624 1531 co-

341 1562 598 1633 dicibus,
630 1559 833 1635 inquit
866 1560 1002 1618 Ord.
1035 1561 1329 1620 Vitalis
1362 1563 1400 1624 l.
1427 1572 1462 1624 3
1486 1580 1627 1619 suae

345 1651 499 1719 hist„
532 1650 1060 1726 chronographiam
1082 1649 1287 1720 edidit,
1322 1651 1386 1709 in
1418 1670 1535 1726 qua
1555 1651 1628 1708 ab

344 1740 516 1798 initio
550 1737 761 1797 mundi
795 1786 807 1799 .
839 1785 853 1801 .
889 1786 903 1800 .
950 1757 1055 1815 per
1097 1758 1300 1798 omnes
1348 1740 1412 1803 11.
1453 1740 1521 1801 V.
1568 1743 1628 1797 et

346 1829 416 1889 N.
469 1829 529 1890 T.
581 1832 643 1886 et
699 1827 1093 1886 Romanorum
1154 1828 1627 1903 Graecorumque

345 1917 622 1976 historias
675 1916 1036 1986 discurrens,
1088 1918 1314 1991 optima
1359 1936 1628 1993 quaeque

343 2006 601 2083 collegit,
636 2008 698 2063 et
722 2007 1083 2064 enumeratis
1104 2008 1274 2065 annis
1296 2027 1401 2083 per
1419 2025 1629 2083 regum

347 2099 408 2154 et
452 2096 761 2154 consulum
809 2099 1078 2170 tempora
1123 2113 1314 2171 usque
1359 2095 1424 2154 in
1471 2096 1626 2153 diem

347 2185 556 2243 mortis
599 2202 742 2242 suae
773 2185 1047 2242 annalem
1079 2184 1390 2243 historiam
1421 2184 1623 2243 lauda-

347 2274 549 2332 biliter
568 2273 866 2336 distinxit.
883 2282 908 2310 ‘
934 2274 1239 2331 Laudatur
1256 2278 1454 2332 autem
1471 2272 1627 2348 apud

351 2381 594 2421 coaevos
627 2365 689 2420 et
720 2380 1006 2437 suppares
1029 2363 1349 2437 scriptores
1368 2365 1627 2421 nontam

348 2452 424 2511 ob
456 2470 548 2511 res
582 2471 617 2509 a
646 2470 707 2510 se
755 2448 874 2532 (sat
897 2452 1102 2526 jejune
1135 2455 1196 2509 et
1229 2452 1369 2510 stilo
1402 2451 1537 2510 rudi
1570 2454 1630 2508 et

352 2541 648 2620 neglecto)
680 2544 970 2611 narratae,
1017 2560 1194 2617 quam
1244 2542 1318 2600 ob
1364 2540 1629 2600 ordinem

349 2630 850 2707 chronologicum,
876 2648 1053 2706 quem
1087 2630 1353 2689 stabilire
1385 2630 1628 2689 nititur:

352 2720 603 2794 ideoque
635 2720 983 2778 melioribus
1017 2720 1199 2778 medii
1236 2719 1366 2778 aevi
1398 2720 1627 2778 chroni-

349 2809 438 2867 cis
503 2809 792 2868 accenseri
856 2811 1058 2866 meret.
1141 2809 1370 2866 Prodiit
1418 2808 1568 2866 illud
1588 2803 1630 2887 ¹)

351 2899 508 2974 apud
556 2898 986 2956 Pistorium
1037 2898 1159 2958 Ser.
1204 2917 1313 2959 rer.
1347 2898 1537 2955 Germ.
1580 2908 1630 2966 1,

433 3147 465 3210 ¹)
495 3139 839 3193 Robertus
867 3137 1055 3208 patria
1072 3136 1458 3204 Lotharingus
1486 3141 1634 3189 tran·

356 3210 457 3263 siit
484 3211 543 3263 in
571 3210 845 3279 Angliam
876 3209 1072 3277 ibique
1100 3211 1285 3262 factus
1313 3210 1400 3261 est
1423 3207 1634 3278 episco-

353 3300 461 3352 pus
508 3280 948 3336 herefordiensis
992 3285 1183 3350 (10792
1228 3290 1253 3338 †
1303 3282 1479 3348 1095).
1528 3279 1635 3332 Hic

352 3354 658 3408 chronicon
689 3351 932 3405 Mariani
973 3352 1126 3406 Scoti
1167 3351 1439 3405 diffusum
1469 3350 1635 3404 deflo-

353 3441 502 3477 rasse
529 3424 759 3484 dicitur,
811 3427 878 3476 ut
919 3423 1103 3493 magis
1143 3425 1330 3478 valere
1371 3422 1636 3475 videatur

352 3495 669 3559 defloratio,
714 3512 885 3563 quam
913 3494 1165 3564 ingentis
1193 3493 1502 3547 voluminis
1530 3492 1634 3546 dif-

355 3567 522 3628 fusi0‚
552 3570 618 3620 ut
644 3565 843 3620 scribit
867 3565 896 3618 J
919 3583 950 3619 o
967 3583 1000 3617 a
1018 3586 1054 3619 n
1075 3585 1111 3619 n
1128 3583 1156 3618 e
1175 3583 1199 3618 s
1227 3564 1636 3619 tinmuthensis

355 3638 415 3691 in
446 3637 588 3694 Hist.
631 3655 803 3690 aurea
846 3637 1016 3699 XXII,
1059 3645 1107 3691 ⁶2.
1163 3636 1242 3688 Ea
1281 3639 1475 3689 autem
1511 3653 1634 3705 pro·

353 3709 526 3763 ‹liisse
572 3710 842 3763 scribitur
887 3708 1142 3762 Basileae
1174 3712 1338 3767 1559;
1409 3711 1636 3777 recepta

356 3781 524 3835 suita
549 3780 667 3833 Pis
683 3785 706 3832 t
723 3797 754 3833 0
772 3780 881 3833 rio
911 3781 1061 3832 inter
1076 3778 1144 3832 ill
1188 3781 1282 3831 vet
1319 3778 1515 3848 script.
1529 3796 1635 3832 rer.

358 3868 531 3920 germ.
561 3868 688 3921 pag.
719 3856 1021 3906 266-456.
1073 3849 1407 3903 inscribitur
1446 3853 1637 3904 autem

353 3923 524 3977 aliter
551 3926 725 3990 atque
753 3922 936 3985 aliter,
978 3923 1044 3974 ut
1087 3938 1231 3992 opus
1258 3925 1320 3974 de
1345 3925 1505 3974 annis
1531 3925 1633 3976 Do·

358 3999 505 4058 mini,
534 3994 649 4046 sive
680 3993 956 4063 Excerpta
975 4011 1003 4045 e
1025 3992 1307 4046 chronicis
1327 3991 1465 4047 Mar.
1485 3990 1637 4045 Scoti

357 4068 463 4118 etc.
517 4065 600 4118 Cf.
627 4065 775 4119 Hist.
803 4064 890 4118 lit.
910 4063 1059 4128 vlu,
1086 4071 1387 4120 414—418.
1416 4096 1480 4102 -—
1511 4063 1636 4116 Cui·

356 4137 487 4191 dam
527 4135 574 4188 D
592 4154 623 4190 o
643 4135 678 4187 d
696 4153 724 4188 e
742 4153 770 4188 c
787 4136 824 4188 h
841 4136 863 4188 i
879 4154 915 4188 0
933 4152 983 4200 ο,
1021 4152 1193 4203 quem
1232 4134 1436 4188 dicunt
1462 4135 1636 4188 fuisse

400 4210 751 4275 resbyterum
814 4206 876 4258 iu
938 4205 1340 4276 Longenstein,
1405 4206 1636 4259 natione

405 4278 756 4341 eutonicutn,
802 4281 860 4330 et
901 4278 1164 4332 abbatem
1202 4277 1263 4330 in
1290 4278 1636 4331 monasterio

359 4348 830 4416 Disibodenberg,
857 4348 1137 4402 tribuitur
1157 4347 1516 4403 continuatio
1538 4365 1637 4401 seu

1682 938 1953 1007 CXLVII,
2010 946 2308 1000 623—79
2323 948 2378 1007 6,
2436 956 2567 996 cnm
2623 937 2838 996 notitia
2888 937 2959 995 de

1679 1028 1942 1085 Mariano
1975 1029 2214 1085 auctore
2247 1027 2433 1085 Waitz
2463 1027 2544 1085 ib.
2579 1035 2959 1097 col—6223

1681 1134 1803 1174 cur.
1838 1117 1962 1174 Mac
1994 1116 2221 1175 Carth
2238 1137 2279 1193 y
2314 1117 2375 1173 in
2406 1135 2497 1191 op.
2532 1104 2817 1191 inscripto
2841 1115 2960 1173 The

1682 1205 1872 1263 Codex
1894 1205 2505 1263 Palatino-vaticanus
2537 1224 2593 1265 n.
2619 1213 2762 1273 830,
2800 1204 2960 1262 Dub-

1681 1295 1790 1352 lini
1825 1303 2006 1356 1892.
2054 1293 2430 1353 Tribuuntur
2448 1295 2501 1352 ei
2522 1312 2759 1369 quoque
2781 1312 2961 1368 quae-

1681 1384 1818 1442 dam
1850 1383 2088 1453 inedita,
2123 1386 2193 1440 ut
2225 1382 2536 1442 concordia
2567 1382 2961 1459 evangelista-

1682 1492 1834 1541 rum,
1870 1471 2088 1530 scholia
2109 1471 2513 1531 interlinearia
2531 1474 2594 1531 et
2612 1472 2961 1548 marginalia

1682 1563 1741 1619 in
1777 1580 1868 1636 ep.
1886 1561 2060 1619 Pauli
2076 1565 2202 1632 etc.‚
2220 1560 2323 1620 sed
2339 1561 2407 1623 cf.
2425 1563 2620 1620 annot.
2642 1570 2676 1622 2
2695 1581 2750 1636 p.
2779 1571 2849 1622 10
2863 1572 2960 1623 64.

1796 1749 1939 1802 596.
1992 1738 2250 1815 Insignis
2300 1738 2810 1816 historiographus
2871 1743 2964 1796 est

1686 1829 1786 1886 Ad
1806 1847 2013 1885 amus
2044 1829 2226 1903 vulgo
2259 1827 2585 1886 bremensis
2618 1827 2833 1898 dictuS,
2868 1846 2961 1885 ca-

1682 1917 1933 1975 nonicus
1966 1920 2026 1974 et
2057 1916 2448 1992 probabiliter
2472 1917 2806 1975 scholarum
2838 1934 2961 1974 ma-

1683 2007 1891 2083 gister,
1939 2006 2011 2063 de
2057 2025 2176 2082 quo
2221 2006 2307 2063 ita
2351 2005 2861 2082 Lappenberg
2898 2005 2962 2062 in

1683 2095 1897 2153 notitia
1959 2113 2099 2153 suae
2162 2095 2250 2153 ed.
2313 2096 2636 2169 praemissa
2686 2090 2804 2176 (Mi
2823 2113 2964 2171 gne

1685 2184 1924 2255 CXLVI,
1962 2180 2146 2263 433):
2200 2183 2592 2252 ,paucissimi
2639 2202 2776 2241 sane
2823 2186 2966 2241 sunt

1685 2274 1845 2331 inter
1876 2272 2054 2331 medii
2089 2273 2217 2331 aevi
2251 2272 2581 2341 historicOS,
2630 2272 2734 2347 qui
2767 2291 2965 2330 rerum

1683 2363 2043 2420 traditarum
2066 2362 2374 2439 gravitate,
2395 2362 2839 2438 perspicuitate,
2866 2362 2966 2435 ju-

1686 2451 1826 2509 dicii
1850 2451 2307 2527 ingenuinitate,
2337 2451 2593 2509 fontium
2611 2450 2967 2526 scriptorum

1687 2541 2045 2617 cognitione,
2095 2558 2433 2600 sermonum
2481 2559 2579 2600 ore
2611 2539 2967 2599 traditorum

1688 2634 1963 2689 accurata
1995 2630 2368 2705 perceptione
2406 2630 2491 2688 ita
2534 2630 2851 2698 emineant,
2898 2633 2969 2686 ut

1688 2720 1949 2777 Adamus
1996 2719 2278 2795 magister
2322 2719 2654 2777 scholarum
2699 2718 2967 2777 bremen·

1689 2809 1862 2866 sium.
1925 2807 2169 2866 Accedit
2219 2808 2376 2882 quod
2428 2807 2968 2883 archiepiscopatus

1689 2897 2143 2972 hamburgensis
2185 2900 2245 2954 et
2284 2916 2601 2973 regnorum
2636 2896 2776 2954 huic
2808 2895 2966 2953 dioe-

1689 2986 1807 3044 cesi
1858 2987 2279 3060 subjectorum,
2331 3004 2588 3060 quorum
2637 2984 2738 3043 ille
2789 2984 2968 3042 histo-

1691 3076 1839 3132 riam
1884 3073 2086 3143 tradit,
2136 3074 2693 3149 septentrionalium
2727 3073 2968 3131 annales

1690 3163 1933 3221 omnino
1954 3163 2071 3220 sere
2093 3163 2506 3221 desiderantur
2527 3208 2539 3220 .
2562 3205 2576 3221 .
2600 3207 2611 3218 .
2634 3161 2790 3230 Quid
2810 3161 2968 3237 quod

1692 3253 1886 3310 multa
1916 3252 2031 3309 alia
2062 3252 2133 3309 de
2164 3253 2345 3310 rebus
2377 3251 2729 3329 germanicis
2760 3255 2822 3309 et
2854 3251 2967 3308 sla·

1690 3341 1835 3400 vicis
1868 3341 2024 3399 scitu
2055 3340 2425 3417 dignissima,
2471 3359 2702 3400 necnon
2734 3341 2805 3399 de
2836 3339 2968 3398 Bri·

1689 3431 1895 3489 tannia
1939 3432 2001 3488 et
2039 3430 2323 3488 Hibernia
2353 3430 2512 3488 haud
2544 3427 2972 3488 contemnenda

1692 3519 2026 3578 meminit.‘
2085 3519 2233 3579 Stilo
2264 3519 2464 3578 utitur
2494 3519 2766 3578 nonnihil
2801 3519 2967 3586 duro,

1691 3609 1794 3667 sed
1814 3609 2005 3667 veraci
2026 3610 2086 3667 et
2106 3609 2367 3680 sincer03
2402 3609 2612 3678 fonteS,
2647 3626 2716 3667 ex
2749 3607 2969 3682 quibus

1691 3717 1828 3757 suas
1850 3697 2050 3756 hausit
2069 3698 2335 3768 notitia8‚
2369 3698 2562 3775 aperit
2591 3701 2769 3772 atque
2802 3715 2869 3754 ex
2895 3695 2969 3754 iis

1690 3790 1826 3862 apte
1858 3786 2173 3845 concinnat
2210 3804 2363 3861 opus
2396 3787 2724 3862 pretiosum
2758 3785 2968 3843 inscri-

1693 3887 1869 3951 ptum
1896 3877 2071 3934 Gesta
2090 3870 2528 3952 hamburyensis
2548 3871 2808 3934 ecclesiae
2820 3892 2968 3948 pon-

1692 3966 1908 4037 teficum
1939 3964 2013 4022 ad
2047 3984 2096 4026 a.
2138 3973 2322 4034 1072,
2370 3964 2466 4022 vel
2497 3964 2760 4022 Historia
2790 3964 2970 4021 eccle-

1694 4054 1952 4123 siastica,
2019 4072 2126 4112 seu
2174 4053 2579 4111 Bremensium
2631 4052 2971 4127 praesulum

1693 4143 1942 4201 historia
2003 4143 2063 4200 11.
2105 4142 2199 4212 IV,
2264 4161 2515 4218 quorum
2563 4140 2660 4199 IV.
2709 4141 2975 4198 continet

1693 4231 2148 4307 descriptionem
2234 4231 2560 4289 insularum
2641 4229 2974 4305 Aquilonis·

1692 4322 1846 4379 Aliis
1888 4319 2257 4378 editionibus
2293 4320 2528 4378 omissis
2542 4321 2588 4394 ¹)
2625 4317 2848 4395 prodiit
2881 4318 2973 4375 in-

355 4424 629 4491 appende‘x
663 4420 736 4472 ad
764 4419 1073 4475 chronicon
1114 4419 1359 4473 Mariani
1387 4419 1540 4473 Stoti
1565 4421 1639 4472 ab
1694 4415 1787 4468 ter
1820 4409 2031 4484 Script.
2070 4428 2182 4471 rer.
2220 4410 2410 4467 Germ.
2459 4409 2524 4467 in
2568 4426 2746 4466 usum
2794 4407 2971 4466 schol.

356 4510 410 4548 a.
447 4498 808 4554 1084-1200,
854 4507 1023 4559 quem
1050 4491 1233 4544 edidit
1259 4490 1538 4544 Pistorius
1564 4491 1637 4544 ad

359 4564 568 4618 calcem
602 4579 735 4616 suae
765 4562 1010 4615 Mariani
1046 4562 1133 4616 ed.
1173 4563 1262 4616 SS.
1303 4579 1408 4616 rer.
1450 4562 1635 4616 Germ.

359 4635 426 4697 12,
455 4639 740 4690 457—476
785 4637 890 4687 etc.
941 4635 1151 4686 Verum
1195 4634 1289 4687 hic
1334 4634 1509 4687 abbas
1555 4636 1640 4686 est

357 4707 542 4768 fictus,
589 4721 774 4773 neque
818 4707 1021 4758 auctor
1069 4705 1242 4774 hujus
1286 4704 1638 4774 appendicis.
1701 4712 1747 4766 1,

356 4778 441 4832 Cf.
471 4777 832 4831 Potthast
857 4795 909 4846 p.
938 4781 1058 4832 382.

1778 4637 1811 4694 Ι)
1842 4632 2490 4702 Cf.Potthastp.10
2519 4627 2972 4689 sS.;FehrKL.

1801 4710 1932 4758 211:
1998 4703 2375 4757 Bertheau
2427 4702 2688 4755 Realenc.
2743 4708 2789 4762 1,
2846 4705 2974 4756 161:

1697 4774 2299 4838 W’attenbachII,
2329 4774 2568 4840 IV§11.
