3505 5161
393 216 516 272 333
1382 198 1708 265 victricius,
1732 199 2021 268 Synesms.
2883 216 3009 273 334

388 385 557 446 liaris
589 385 833 458 amicus,
881 385 987 462 qui
1025 390 1158 445 orta
1186 386 1251 445 in
1284 404 1330 446 s.
1362 387 1454 445 Jo.
1488 385 1669 463 Chry·
1724 386 1845 457 XX,
1871 396 2209 457 443—583
2243 404 2364 445 cur.
2386 385 2738 462 Sauvage
2769 386 3012 445 Parisiis

388 478 719 535 sostomum
735 477 1088 551 tempestate
1107 493 1241 535 cum
1261 475 1397 536 aliis
1416 474 1669 552 quibus·
1736 484 1920 547 1895,
1982 475 2072 538 ed.
2136 475 2388 553 egregia,
2441 476 2779 552 posthuma,
2830 495 3010 551 quam

388 564 523 623 dam
572 563 868 640 episcopis
933 564 1192 640 acceptis
1256 564 1447 623 literis
1490 565 1668 624 Inno-
1722 564 1889 641 typis
1919 564 2085 624 dedit
2113 566 2184 627 A.
2217 564 2510 641 Tougard.
2577 563 2812 624 Obiisse
2862 564 3009 623 dici-

387 653 568 713 centii
611 653 641 711 I
698 656 762 712 et
804 652 1054 712 Honorii
1097 653 1237 729 imp.
1282 654 1518 731 legatus
1562 671 1669 730 pro
1722 650 1889 736 turl)
1945 665 1999 716 7.
2042 656 2196 732 Aug.
2249 662 2408 724 4153
2464 655 2641 731 juxta
2685 654 2835 713 alios
2883 654 3012 730 jam

386 742 494 801 illo
541 741 767 801 tuendo
817 740 922 801 ΟΡ.
980 744 1075 801 est
1121 742 1455 818 profectus:
1518 761 1670 818 quae
1723 763 1774 806 a.
1809 754 1933 808 405
1968 744 2065 803 vel
2098 750 2242 807 407.

385 835 586 891 tamen
635 830 857 908 legatio
904 830 1098 890 caruit
1151 832 1366 891 effectu
1378 830 1441 909 ¹).
1508 831 1672 891 Obiit

386 939 435 982 c.
469 930 597 984 410
631 915 830 1002 (juxta
859 919 1007 979 alios
1039 938 1087 983 c.
1106 939 1157 979 a.
1178 917 1354 1003 427).
1405 920 1672 997 Reliquit
1822 929 1963 985 182.
2003 921 2109 980 Sui
2155 922 2389 999 generis
2435 921 2692 998 scriptor
2733 923 2826 981 est
2872 922 2911 980 S
2925 941 3009 998 y-

394 1011 702 1069 stuetatus
746 1026 855 1068 seu
899 1027 1199 1069 sermones
1248 1020 1351 1083 21,
1400 1009 1672 1069 doctrina
1724 1012 2031 1081 nesius,
2072 1012 2179 1086 qui
2209 1011 2365 1072 circa
2395 1030 2446 1073 a.
2482 1019 2782 1075 370-75
2818 1010 3011 1071 nobili

387 1102 451 1158 et
480 1098 809 1174 praeceptis
823 1101 1195 1173 praestantes
1217 1103 1278 1158 et
1295 1098 1669 1170 utilissimos,
1724 1119 1939 1178 genere
2000 1103 2169 1160 ortus
2218 1100 2612 1159 Alexandriae
2672 1099 3010 1175 disciplinis

388 1206 539 1265 quos
557 1186 875 1247 ediderunt
892 1187 1241 1263 praesertim
1276 1188 1672 1248 Galeardus
1726 1189 2180 1249 humanioribus
2212 1193 2394 1266 atque
2431 1188 2840 1265 philosophiae
2883 1208 3010 1249 ma·

386 1276 619 1336 Patavii
647 1284 812 1341 1720
834 1277 901 1337 in
923 1286 984 1340 4.
1001 1276 1092 1338 ed.
1125 1278 1669 1352 praestantissima3
1726 1279 1880 1338 xime
1924 1278 2255 1354 platonicae
2301 1278 2415 1338 sub
2460 1277 2737 1355 Hypatio„
2793 1277 3011 1337 celebri

385 1367 922 1443 recusaAugustae
942 1365 1025 1437 V„
1062 1377 1087 1429 1
1106 1375 1259 1437 7573
1295 1366 1670 1437 Quirinus
1724 1368 1895 1427 illius
1926 1368 2137 1427 aetatis
2156 1367 2526 1444 philosopha,
2560 1385 2795 1443 operam
2829 1367 3010 1426 dedit.

385 1456 451 1513 in
479 1457 751 1514 veterum
778 1454 1012 1514 Brixiae
1055 1455 1470 1532 episcoporum
1514 1474 1669 1532 opp„
1725 1457 1963 1516 Invitus
1993 1457 2221 1516 electus
2253 1458 2348 1515 est
2383 1456 2447 1515 in
2493 1456 2840 1532 episcopum
2869 1456 3008 1515 Pto-

388 1543 629 1604 Brixiae
654 1552 821 1608 1738
855 1544 920 1602 in
950 1544 1008 1615 f„
1040 1545 1296 1621 Migne
1325 1546 1389 1609 P.
1410 1545 1473 1604 L.
1505 1548 1549 1604 t.
1568 1545 1673 1604 XX
1725 1545 2018 1616 lomaidis,
2051 1564 2203 1622 quae
2220 1544 2614 1620 Pentapoleos
2642 1544 2762 1603 fuit
2791 1548 3009 1603 metro-

390 1641 804 1697 843-1009.
836 1666 924 1677 -
970 1633 1027 1692 8.
1066 1633 1503 1694 Victricius
1548 1634 1670 1710 pri·
1723 1635 1897 1712 polis,
1920 1637 1983 1694 et
2000 1632 3008 1695 fortenonnisianteordinationem

386 1740 552 1781 mum
571 1721 747 1782 miles
769 1723 928 1781 erat:
962 1723 1065 1782 sed
1097 1723 1318 1782 militia
1345 1723 1568 1794 relicta,
1599 1726 1673 1782 ut
1726 1724 2066 1800 baptizatus
2127 1727 2236 1784 est.
2317 1723 2562 1782 Munere
2612 1741 2721 1782 suo
2769 1722 3011 1783 videtur

385 1812 582 1869 totum
614 1828 680 1870 se
701 1810 934 1871 Christo
954 1812 1334 1888 manciparet,
1367 1812 1561 1871 multa
1579 1816 1673 1871 est
1724 1813 1876 1873 bene
1908 1813 2169 1884 functus,
2220 1812 2494 1888 quamvis
2539 1810 2720 1871 nimis
2764 1813 3011 1888 neopla÷

386 1917 615 1976 passus,
648 1899 769 1959 imo
790 1901 852 1958 et
867 1900 1028 1959 vitae
1044 1901 1379 1977 periculum
1397 1901 1669 1971 incurrit,
1724 1902 2061 1963 tonicorum
2105 1905 2167 1961 et
2205 1902 2303 1961 Ori
2426 1901 2676 1961 istarum
2708 1899 3007 1976 opinioni-

384 2006 507 2063 quo
536 1988 690 2046 miro
724 1988 832 2048 Dei
862 1988 1147 2048 beneficio
1178 1991 1424 2066 ereptus
1456 2007 1669 2049 curan-
1727 1991 1840 2051 bus
1891 1991 2210 2051 malesanis
2272 1918 2547 2050 effictus
2558 1985 2629 2074 ⁸).
2713 1990 3010 2060 Quamdiu

387 2076 496 2136 dae
528 2077 861 2136 concivium
895 2077 1079 2137 saluti
1112 2096 1176 2142 se
1208 2078 1446 2138 dicavit.
1508 2079 1672 2139 Circa
1724 2081 1946 2141 vixerit
1964 2080 2140 2156 plane
2161 2085 2254 2140 est
2277 2080 2602 2140 incertum:
2635 2080 2767 2156 ejus
2788 2081 3011 2157 scripta

385 2185 437 2224 a.
473 2175 596 2230 393
644 2166 870 2225 electus
916 2169 1011 2225 est
1053 2166 1366 2244 episcopus
1409 2171 1670 2228 rotoma-
1725 2169 2067 2247 perducunt
2096 2172 2335 2228 tantum
2381 2169 2455 2227 ad
2501 2188 2552 2227 a.
2586 2177 2732 2232 413.
2798 2169 3010 2228 Priora

386 2255 592 2332 gensis
622 2258 686 2315 et
716 2253 830 2313 sub
863 2255 994 2332 ipso
1012 2258 1246 2331 pastore
1265 2257 1671 2317 ecclesiahaec
1724 2260 1854 2336 ejus
1887 2259 2109 2335 scripta
2138 2259 2214 2317 ad
2259 2278 2309 2318 a.
2353 2276 2547 2334 usque
2581 2266 2709 2322 404
2741 2257 3010 2317 nondum

385 2363 564 2419 quam
609 2343 860 2403 maxime
909 2344 1187 2405 effloruit.
1253 2346 1467 2423 Magna
1511 2347 1669 2422 apud
1724 2348 1969 2424 sapiunt
1998 2347 2416 2418 Christianum,
2449 2346 2554 2406 sed
2585 2345 3010 2422 philosophum

382 2450 588 2491 omnes
620 2432 810 2492 valuit
842 2434 1212 2493 auctoritate.
1268 2435 1512 2494 Amicus
1542 2438 1671 2494 erat
1723 2437 1927 2512 potius
1958 2438 2022 2495 et
2051 2435 2381 2506 rhetorem3
2413 2435 2765 2511 posterioris
2797 2436 3009 2495 aetatis

383 2540 428 2580 s.
459 2521 704 2580 Martini
735 2524 799 2582 et
827 2522 1067 2583 Paulini
1097 2523 1332 2597 Nolani,
1379 2524 1484 2601 qui
1531 2542 1668 2584 eum
1725 2528 1872 2585 sunt
1898 2543 2187 2585 sormones
2222 2525 2341 2585 duo
2373 2523 2696 2585 admodum
2726 2525 3009 2601 eloquen-

382 2612 617 2689 magnis
649 2611 820 2671 effert
848 2612 1133 2672 encomiis
1165 2630 1257 2689 ep.
1284 2622 1364 2678 18
1398 2616 1460 2673 et
1483 2623 1560 2678 37
1594 2613 1668 2671 ad
1723 2618 1837 2686 tes,
1886 2615 2157 2674 homiliae
2188 2614 2359 2686 duae,
2409 2615 2511 2675 sed
2556 2634 2678 2675 non
2722 2614 3007 2692 integrae,

382 2701 582 2777 ipsum
613 2701 787 2761 datis.
833 2700 928 2760 Ab
958 2701 1308 2762 Innocentio
1333 2703 1379 2765 Ι.
1410 2702 1668 2778 epistola
1724 2704 1959 2780 aliquot
2019 2701 2158 2786 (10)
2218 2704 2438 2780 hymni,
2499 2707 2680 2779 atque
2742 2705 3011 2779 epistolae

379 2789 755 2865 responsoria
783 2791 858 2849 ad
877 2791 1080 2866 plures
1112 2784 1254 2871 (13)
1286 2791 1668 2867 quaestiones
1724 2793 1952 2869 plures,
2006 2812 2260 2869 quarum
2314 2802 2435 2856 156
2484 2795 2828 2869 supersunt.
2892 2793 3009 2852 Eae

379 2878 716 2954 propositas
765 2878 885 2938 fuit
934 2878 1275 2939 honoratus.
1348 2881 1465 2941 Pro
1510 2880 1667 2940 bono
1723 2881 1981 2942 maxime
2013 2881 2408 2941 aestimantur
2456 2884 2701 2957 propter
2748 2880 3008 2957 leporem

377 2966 673 3026 Ecclesiae
722 2967 787 3025 in
836 2967 1213 3028 Britanniam
1270 2969 1533 3028 excurrit
1592 2971 1668 3030 ab
1723 2974 1905 3046 atque
1925 2970 2302 3048 elegantiam,
2336 2970 2532 3029 dictus
2561 2969 2718 3029 enim
2738 2972 2833 3028 sst
2851 2988 3008 3040 ‚sua-

379 3058 511 3131 ejus
542 3055 765 3115 accitus
796 3057 1107 3133 episcopis.
1169 3057 1222 3115 A
1272 3076 1320 3120 s.
1350 3059 1667 3117 Ambrosio
1725 3059 2011 3118 vissimus
2041 3059 2435 3135 philosophus
2479 3062 2542 3119 et
2585 3058 2819 3135 piarum
2858 3060 3008 3118 deli-

381 3144 535 3204 dono
595 3145 824 3221 accepit
881 3145 1186 3222 reliquias,
1266 3146 1330 3206 in
1405 3166 1666 3222 quarum
1723 3148 1884 3208 cium
1913 3154 2272 3207 musarum‘:
2311 3146 2563 3206 refertae
2594 3166 2832 3224 quoque
2865 3151 3011 3208 sunt

377 3234 769 3294 translatione
813 3234 1038 3293 librum
1082 3234 1379 3312 insignem
1431 3254 1664 3312 compo-
1722 3236 2010 3314 gravibus
2044 3236 2358 3296 sententiis
2391 3238 2571 3311 atque
2608 3236 2775 3295 varia
2811 3238 3009 3296 erudi·

381 3323 507 3381 suit
535 3324 606 3381 de
635 3323 805 3384 laude
822 3331 1176 3401 sanctorum,
1211 3343 1390 3400 quem
1409 3324 1481 3383 cf.
1503 3325 1663 3401 apud
1721 3327 1905 3389 tione.
1937 3325 2093 3384 Hinc
2122 3325 2222 3383 Ph
2241 3325 2456 3384 otius
2488 3325 2617 3389 cod.
2641 3334 2719 3388 26
2745 3320 3010 3408 (Migne

380 3411 750 3471 Gallandi
796 3412 953 3485 VIII,
1005 3421 1343 3484 224—38;
1410 3414 1664 3491 Migne
1721 3411 1870 3486 0111,
1908 3410 2018 3497 61)
2052 3433 2148 3474 eas
2179 3413 2328 3472 dicit
2361 3416 2718 3482 ,venustate
2763 3433 2830 3474 ac
2875 3415 3007 3474 dul-

1721 3503 1928 3562 cedine
1961 3505 2214 3563 fluentes
2258 3521 2396 3561 cum
2441 3503 2872 3563 sententiarum
2911 3523 3007 3564 ro-

380 3615 487 3669 uo
503 3634 532 3669 r
548 3616 569 3670 i
586 3634 623 3668 n
672 3616 735 3671 in
775 3616 968 3671 Reme
1013 3616 1383 3675 Benedictine
1430 3625 1566 3676 1898
1609 3638 1665 3689 p.
1720 3593 1864 3651 *³010
1926 3611 1994 3652 ⁸0
2054 3591 2355 3651 densitate
2367 3587 2435 3674 3)·
2451 3600 2479 3631 ‘
2566 3592 2827 3668 Operum
2877 3595 3008 3669 05⁰⁸

380 3693 629 3746 488—93
669 3704 735 3742 ea
759 3687 963 3742 asserit
1000 3688 1370 3753 Fastidio,
1408 3692 1446 3746 l.
1474 3692 1665 3744 tamen

378 3763 443 3812 de
464 3763 573 3814 vita
595 3763 911 3824 christiana,
952 3776 1123 3829 quem
1165 3759 1484 3815 Fastidium
1534 3761 1663 3814 scri-
1802 3762 1836 3832 ¹)
1865 3759 1948 3817 Cf.
1977 3760 2095 3816 Til
2114 3763 2177 3818 le
2194 3778 2296 3817 mo
2315 3764 2396 3817 nt
2433 3762 2500 3826 X,
2546 3768 2810 3820 667—74.
2861 3761 3008 3817 Hist.

378 3830 556 3900 psisse
604 3833 852 3884 testatur
902 3828 950 3885 G
967 3846 997 3884 e
1014 3849 1053 3885 n
1068 3849 1108 3884 n
1124 3847 1158 3884 a
1174 3829 1211 3884 d
1228 3830 1249 3885 i
1265 3849 1303 3885 u
1320 3849 1363 3897 s,
1391 3847 1510 3886 esse
1550 3831 1664 3902 pri·
1717 3830 1805 3884 lit.
1857 3831 1928 3886 de
1971 3832 2030 3886 la
2075 3832 2288 3888 France
2335 3834 2402 3896 11,
2448 3836 2726 3895 752-ὄ4ς
2778 3835 2826 3887 G
2842 3850 2876 3886 a
2892 3854 2945 3889 m
2963 3853 3008 3888 s·

376 3917 527 3956 mam
543 3917 611 3955 ex
631 3900 749 3956 illis
763 3901 989 3956 duabus
1016 3917 1104 3972 ep.
1133 3902 1255 3957 sine
1268 3901 1445 3956 inscri
1488 3901 1663 3968 tione,
1721 3903 1775 3956 N
1792 3918 1823 3957 e
1840 3903 1878 3956 h
1895 3918 1925 3956 e
1942 3920 1969 3956 r
1994 3902 2110 3957 KL.
2137 3904 2260 3969 XII,
2288 3911 2410 3962 928.

375 3971 588 4027 librum
615 3988 748 4027 vero
777 3972 864 4026 ita
891 3971 1043 4027 inter
1065 3974 1346 4044 opuscula
1371 3991 1413 4027 s.
1493 3992 1663 4045 ugus·
1793 3978 1836 4045 ²)
1864 3973 1909 4027 B
1924 3991 2003 4028 ar
2020 3975 2055 4027 d
2073 3990 2103 4028 e
2119 3993 2158 4027 n
2173 3976 2213 4028 h
2230 3992 2260 4030 e
2277 3992 2329 4028 w
2345 3992 2375 4029 e
2391 3993 2420 4029 r
2444 3984 2472 4042 θ
2497 3979 2569 4033 76
2582 3993 2639 4028 n.
2659 3982 2719 4030 1:
2746 3975 2825 4029 Zu
2848 3975 3006 4030 einer

376 4042 500 4097 tino
527 4044 827 4115 supposita
851 4043 1213 4115 inscriptum,
1243 4060 1360 4098 esse
1381 4044 1662 4117 Pelagii
1717 4045 1843 4099 rein
1893 4044 2265 4100 christlichen
2316 4046 2501 4100 Denk·
2552 4046 2670 4102 und
2711 4046 3006 4101 Sinuesart

375 4118 598 4176 censen
622 4115 661 4170 1.
685 4117 749 4170 de
771 4117 1045 4180 viduitate,
1085 4131 1258 4184 quem
1297 4114 1485 4185 aliqui
1531 4133 1661 4171 con·
1717 4115 1942 4170 scheint
1966 4116 2236 4185 Syensius
2261 4117 2357 4172 nie
2384 4117 2906 4187 durchgedrungen
2933 4136 3003 4171 zu

363 4185 586 4254 jiciunt
608 4202 726 4240 esse
753 4186 987 4241 nonnisi
1013 4189 1190 4257 caput
1229 4186 1331 4242 ult.
1361 4190 1490 4260 (15.)
1517 4187 1557 4245 l.
1601 4192 1664 4244 de
1719 4188 1861 4244 sein.
1911 4186 2095 4242 Ueber
2121 4187 2231 4240 den
2258 4187 2663 4257 Beziehungen
2690 4188 2790 4242 der
2816 4189 3003 4242 Achn-

370 4261 480 4311 τίω
528 4261 842 4323 clu-istium,
962 4258 1124 4313 riisse
1176 4261 1364 4328 putat.
1413 4257 1496 4312 De
1547 4276 1663 4327 qua
1717 4258 1964 4315 lichkeit
2022 4258 2304 4315 zwischen
2370 4257 2803 4313 Christenthum
2883 4260 3002 4312 und

372 4328 760 4408 controversia
774 4331 848 4384 cf.
872 4274 1033 4384 {etin
1050 4329 1196 4384 stle
1223 4329 1399 4384 theol.
1417 4329 1660 4396 Qtlschr.
1718 4329 2107 4385 Platonismus
2158 4330 2261 4383 hat
2309 4346 2369 4383 er
2419 4328 2532 4383 den
2594 4328 3002 4410 principiellen

375 4398 674 4470 Tflbingae
706 4405 841 4457 1900
886 4405 928 4456 t.
954 4406 1023 4458 82
1051 4420 1106 4471 p.
1138 4405 1451 4464 193—204;
1503 4400 1662 4456 Bar·
1722 4400 2096 4456 Unterschied
2124 4402 2460 4455 fiheroehen.
2513 4399 2705 4454 Christ
2739 4400 2849 4455 mit
2873 4401 3002 4455 dem

373 4470 410 4523 d
429 4486 459 4524 e
476 4491 511 4526 n
529 4471 568 4524 h
586 4487 617 4525 e
633 4489 685 4524 w
701 4487 776 4526 er
802 4481 829 4538 5
855 4479 925 4530 94
949 4491 1005 4526 n.
1038 4479 1120 4530 16.
1716 4473 2010 4529 Wunsche
2062 4472 2245 4527 seines
2289 4472 2553 4537 flemene,
2605 4471 2760 4527 blieb
2798 4489 2856 4526 er
2895 4472 3005 4527 mit

452 4545 488 4612 ¹)
516 4542 599 4597 cf.
627 4540 697 4597 de
724 4560 790 4598 eo
817 4546 1041 4614 praeter
1082 4543 1127 4598 G
1145 4543 1498 4598 aleardiu
1516 4563 1554 4597 n
1597 4544 1662 4598 in
1716 4545 1849 4599 dem
1879 4543 2196 4599 Verstande
2223 4543 2576 4600 Platoniker.

410 4613 831 4685 raef.ed.opp.;
857 4617 1002 4669 Acta
1020 4614 1115 4672 SS.
1142 4621 1227 4672 29.
1256 4617 1393 4686 Apr.
1422 4616 1516 4679 111,
1540 4622 1660 4681 618,
1792 4619 1838 4741 Ἴ
1862 4615 1946 4670 cf.
1987 4615 2761 4686 Fessler·Jungmann
2801 4623 2828 4681 5
2869 4619 3002 4674 207:

433 4702 468 4738 a
484 4683 682 4740 brici
699 4703 737 4738 u
755 4704 780 4739 s
822 4685 972 4742 Bibl.
1000 4687 1100 4740 lat.
1125 4685 1272 4742 med.
1311 4689 1423 4740 aet.
1464 4687 1533 4751 Π,
1561 4694 1660 4748 23;
1716 4687 1801 4742 Ti
1853 4686 1992 4742 lem
2009 4703 2041 4742 o
2059 4707 2097 4741 n
2113 4689 2139 4740 t
2177 4686 2281 4740 XII
2300 4708 2312 4745 ;
2353 4692 2639 4743 499—554
2680 4703 2810 4741 cum
2852 4684 3004 4741 notis

371 4755 686 4811 Nirschl
717 4756 818 4824 115
850 4764 981 4818 181;
1008 4756 1274 4812 Hefele
1300 4756 1414 4812 KL.
1442 4757 1511 4821 V,
1544 4760 1659 4815 117.
1717 4765 1998 4818 682··88;
2022 4757 2388 4813 Petavius
2414 4757 3001 4828 invitaSynesiisuae
