3505 5161
345 245 464 299 393
1346 230 1379 283 J
1384 245 1600 284 oannes
1629 229 1946 284 Cassianus,
2829 251 2907 303 39
2919 252 2956 303 4

270 413 275 417 ’
340 415 569 490 timque
617 416 798 475 ferit‘
832 421 942 474 etc.
1009 415 1119 475 Sed
1168 416 1320 474 nihil
1366 417 1623 492 amplius
1680 416 1861 476 centii
1893 416 1936 479 Ι.
1980 418 2268 476 auxilium
2300 418 2726 494 imploraturus
2760 415 2958 497 (405).

341 507 632 578 superest.
697 505 930 564 Floruit
960 524 1007 565 c.
1040 525 1089 564 a.
1127 515 1204 567 46
1218 516 1270 569 7.
1681 506 1827 564 Inde
1873 506 1936 564 in
1969 504 2216 565 Galliam
2263 508 2508 566 transiit
2538 511 2717 581 atque
2750 508 2959 566 Massi-

1680 595 1795 654 liae
1827 594 2116 665 substitit,
2151 595 2259 655 ubi
2291 590 2369 677 (si
2389 615 2508 655 non
2528 591 2769 677 Romae)
2794 614 2971 672 pres-.

431 690 575 744 219.
625 683 695 740 In
742 682 1166 742 Occidente
1210 683 1445 758 praeter
1492 682 1624 742 Ca·
1680 683 1858 761 byter
1891 688 1984 743 est
2016 684 2342 748 ordinatus,
2406 684 2686 743 Condidit
2718 685 2813 743 hic
2843 686 2961 743 duo

336 771 692 845 preolum
737 772 1077 848 episcopum
1110 772 1622 848 carthaginensem
1679 773 1718 831 i.
1752 792 1803 836 e.
1834 772 2099 832 virorum
2132 776 2194 831 et
2239 774 2557 833 mulierum
2588 776 2960 832 monasteria.

337 854 398 939 (†
427 861 566 917 ante
599 880 648 917 a.
685 856 858 942 439),
910 862 1081 937 cujus
1115 864 1440 938 supersunt
1471 860 1622 919 duae
1678 862 1778 920 Illi
1814 861 1943 937 ipse
1962 862 2222 938 praefuit
2239 866 2417 938 atque
2453 864 2525 921 ad
2556 866 2792 921 tantum
2825 882 2960 937 per-

339 950 608 1022 epistolae
655 945 800 1030 (una
843 949 915 1007 ad
964 968 1123 1009 conc.
1170 950 1520 1026 ephesinum
1553 949 1625 1007 de
1682 951 1853 1009 duxit
1884 951 2105 1022 florem,
2143 953 2214 1009 ut
2243 952 2320 1011 ad
2351 953 2618 1028 quinque
2648 953 2962 1010 monacho-

344 1056 457 1095 una
479 1038 701 1096 Christi
729 1039 853 1097 veri
874 1039 982 1097 Dei
1010 1042 1070 1097 et
1100 1040 1358 1099 hominis
1378 1057 1626 1115 persona
1682 1060 1817 1098 rum
1881 1041 2073 1099 millia
2120 1040 2343 1099 rexisse
2405 1041 2648 1101 feratur.
2732 1039 2964 1100 Obiisse

342 1125 713 1185 Gallandi
774 1128 871 1199 IX,
940 1138 1093 1197 490,
1157 1129 1410 1206 Migne
1471 1127 1624 1200 LIII,
1685 1130 2002 1205 conjicitur
2045 1130 2198 1188 circa
2243 1150 2292 1189 a.
2328 1140 2452 1194 435
2491 1130 2683 1205 (juxta
2727 1130 2875 1188 alios
2914 1150 2963 1188 a.

345 1224 469 1278 843
497 1249 550 1259 ··-
573 1212 728 1298 858)
764 1221 826 1275 et
856 1217 1142 1277 sortetres
1160 1235 1448 1276 sermones
1466 1216 1626 1275 inter
1683 1227 1829 1287 433,
1864 1218 1959 1277 vel
1993 1229 2116 1281 448
2156 1218 2249 1278 vel
2283 1216 2435 1301 450)
2470 1222 2580 1282 etc.

340 1321 641 1363 sermones
703 1325 748 1367 s.
814 1307 1143 1381 Augustini
1203 1306 1527 1365 attributos
1542 1299 1622 1386 1):

337 1393 766 1453 incarnationis
787 1396 1141 1471 mysterium
1172 1395 1462 1472 exposuit,
1494 1394 1625 1451 vin·
1777 1404 1922 1458 220.
1956 1397 2220 1472 Rogante
2252 1396 2491 1455 Castore
2538 1396 2814 1472 episcopo
2860 1416 2963 1473 ap-

331 1482 562 1540 dicavit
594 1483 1045 1559 illustravitque
1064 1483 1625 1544 JoannesCassia-
1682 1484 1843 1542 tensi
1876 1484 2114 1560 scripsit
2147 1485 2308 1544 intra
2352 1506 2403 1547 a.
2438 1494 2786 1548 419—-428
2824 1504 2964 1554 ,ex-

337 1589 514 1640 nuS,
579 1573 753 1647 cujus
804 1573 1042 1632 illustre
1091 1593 1306 1636 nomen
1355 1572 1474 1631 fuit
1521 1588 1627 1647 per
1682 1573 1975 1647 perientia
2005 1574 2414 1650 magistrante,
2448 1579 2521 1632 ut
2552 1573 2753 1647 inquit
2784 1574 2965 1632 Gen-

340 1660 614 1718 Galliam.
677 1661 934 1720 Natione
967 1662 1086 1721 fuit
1117 1663 1348 1739 Scytha,
1397 1661 1449 1719 si
1480 1659 1624 1718 fides
1683 1662 1824 1719 nad
1845 1663 1967 1720 ius
2001 1682 2046 1720 c.
2084 1674 2185 1733 61,
2237 1663 2452 1721 librato
2485 1680 2750 1721 sermone
2783 1668 2860 1725 et.
2895 1666 2967 1720 ut

343 1749 440 1806 Ge
460 1767 562 1807 nn
582 1749 759 1809 adio
793 1746 998 1828 (c.61)‚
1034 1752 1138 1827 qui
1160 1751 1267 1810 hac
1286 1752 1350 1809 in
1369 1768 1433 1808 re
1451 1748 1626 1807 testis
1683 1751 1948 1827 apertius
1981 1751 2187 1821 dicam,
2237 1769 2418 1811 sensu
2448 1752 2628 1810 verba
2660 1752 2965 1810 inveniens

338 1836 583 1897 videtur
613 1839 727 1897 fide
762 1834 1061 1923 dignus²)‚
1104 1841 1280 1916 juxta
1311 1839 1457 1898 alias
1490 1838 1626 1895 Gal·
1684 1843 1745 1897 et
1794 1839 2022 1898 actione
2067 1840 2340 1917 linguam
2386 1858 2646 1911 movens),
2696 1858 2791 1898 res
2841 1858 2965 1899 om-

339 1926 452 1996 lus‚
487 1946 549 1985 n.
582 1927 742 1986 inter
777 1937 1099 1992 350—60.
1164 1929 1270 1988 Vix
1307 1926 1624 2005 pueritiam
1683 1928 1853 1986 nium
1899 1930 2322 1988 monachorum
2368 1928 2719 2004 professioni
2764 1945 2966 1987 neces-

339 2033 618 2074 emensus
650 2018 1080 2093 monasterium
1109 2016 1480 2076 Bethlehemi
1521 2033 1627 2090 pe·
1686 2017 1874 2076 sarias
1889 2024 1936 2088 ‘,
1987 2017 2110 2078 scil.
2151 2019 2222 2076 de
2266 2018 2544 2078 institutis
2573 2017 2969 2077 coenobiorum

338 2104 459 2171 tiit,
510 2105 617 2163 ubi
665 2105 770 2163 diu
802 2105 1170 2165 familiariter
1201 2125 1337 2165 cum
1371 2103 1627 2180 quodam
1685 2107 1742 2164 ll.
1776 2105 1927 2182 XII,
1982 2106 2316 2187 inquibus
2364 2107 2628 2183 primum
2678 2106 2803 2183 agit
2853 2106 2969 2177 ‚de

342 2192 639 2252 Germano
661 2197 1048 2254 conversatus
1078 2196 1143 2254 in
1174 2196 1271 2254 via
1289 2192 1628 2253 sanctitatis
1685 2195 1898 2253 habitu
1930 2198 1993 2253 et
2024 2195 2095 2254 de
2129 2197 2411 2255 canonico
2433 2196 2768 2254 orationum
2788 2198 2968 2271 atque

340 2287 404 2340 et
450 2281 518 2340 in
563 2283 756 2342 literis
794 2284 1121 2358 plurimum
1152 2284 1419 2360 profecit.
1484 2280 1630 2339 Inde
1684 2284 2050 2360 psalmorum
2082 2285 2275 2355 mode,
2326 2285 2431 2360 qui
2477 2285 2542 2342 in
2586 2284 2966 2343 monasteriis

340 2371 498 2429 circa
534 2380 659 2433 390
696 2389 830 2429 cum
863 2373 1049 2431 amico
1083 2392 1191 2431 suo
1224 2373 1461 2447 majoris
1493 2388 1630 2446 per·
1689 2373 1955 2449 Aegypti
1999 2372 2095 2431 die
2127 2377 2429 2450 noctuque
2460 2376 2742 2433 tenetur‘
2777 2373 2969 2447 deque

340 2459 619 2518 fectionis
639 2460 933 2520 desiderio
965 2465 1240 2521 aestuans
1270 2461 1363 2520 bis
1396 2461 1628 2519 sancto·
1688 2462 2065 2536 susceptione
2086 2463 2451 2522 novit-iorum
2473 2457 2563 2543 (ll.
2594 2457 2802 2542 1—4)‚
2830 2462 2970 2521 dein

345 2564 481 2608 rum
527 2549 908 2610 eremitarum
954 2551 1305 2628 praecipuos
1349 2550 1413 2609 in
1462 2548 1629 2607 abdi·
1688 2548 1779 2632 (11.
1816 2547 2059 2633 5—12)
2092 2551 2409 2611 monachos
2443 2552 2712 2611 instituit
2743 2550 2814 2610 ad
2848 2569 2968 2611 cer-

339 2638 600 2696 tissimis
651 2639 834 2697 etiam
882 2641 1144 2717 Aegypti
1193 2640 1444 2699 desertis
1493 2637 1630 2696 lati·
1688 2642 1891 2698 tamen
1942 2640 2256 2714 spirituale
2305 2640 2591 2700 adversus
2642 2645 2773 2699 octo
2827 2641 2973 2699 vitia

345 2730 547 2786 tantes
624 2727 841 2786 invisit
916 2732 1094 2804 atque
1160 2728 1634 2805 praeclarissima
1685 2728 2027 2804 principilia
2058 2747 2165 2788 seu
2197 2724 2549 2807 capitalia1).
2572 2730 2802 2787 -Hoc
2823 2749 2971 2804 opus

345 2815 647 2874 virtutum
711 2818 1064 2876 documenta
1126 2818 1403 2894 collegit,
1480 2833 1633 2890 quae
1689 2817 1999 2893 excipiunt
2053 2818 2396 2878 Collationes
2449 2817 2617 2876 XXI
2622 2819 2688 2892 1⁷,
2752 2818 2970 2893 prioris

345 2903 567 2963 deinde
596 2904 792 2963 literis
824 2907 1215 2983 consignavit,
1267 2906 1426 2965 unde
1475 2905 1635 2963 inter
1690 2906 1888 2981 operis
1940 2907 2128 2964 veluti
2179 2907 2548 2966 continuatio
2606 2910 2667 2965 et
2717 2907 2972 2981 comple-

342 2996 578 3052 ascetas
613 2992 949 3054 immortale
983 2996 1101 3054 sibi
1133 2995 1366 3071 peperit
1398 3011 1632 3052 nomen.
1691 3000 1976 3055 mentum.
2042 2995 2293 3054 Exhibet
2323 2995 2482 3054 enim
2511 2995 2576 3052 in
2609 2994 2732 3053 illis
2764 3012 2974 3052 eorum

343 3081 837 3159 Peregrinatione
886 3084 1062 3163 longa
1123 3103 1230 3161 per
1278 3101 1463 3142 annos
1512 3082 1632 3140 fere
1690 3083 1864 3158 quasi
1910 3083 2251 3153 medullam,
2306 3103 2457 3159 quae
2501 3086 2640 3142 cum'
2684 3083 2973 3142 Germano

344 3171 552 3230 decem
586 3169 842 3230 feliciter
872 3177 1108 3248 peracta
1136 3172 1631 3245 Constantinopo·
1689 3171 2003 3231 individuo
2024 3172 2333 3248 religiosae
2363 3173 2749 3248 professionis
2785 3172 2973 3230 sodali

344 3260 454 3318 lim
476 3260 659 3330 venit,
692 3260 799 3318 ubi
820 3262 1070 3338 gratiam
1092 3264 1154 3320 et
1172 3260 1634 3320 familiaritatem
1691 3261 2043 3336 itinerisque
2093 3261 2251 3319 socio
2300 3260 2588 3319 fidissimo
2650 3261 2787 3318 viva
2834 3279 2975 3318 voce

347 3349 463 3407 sibi
498 3349 838 3408 conciliavit
870 3368 914 3408 s.
936 3349 1185 3409 Joannis
1208 3347 1630 3426 chrysostomi,
1693 3349 1941 3408 edoctus
1993 3369 2027 3407 a
2076 3349 2473 3408 celeberrimis
2525 3348 2785 3426 Aegypti
2824 3349 2973 3406 *ana-

343 3439 456 3513 qui
503 3438 701 3513 ipsum
750 3438 1066 3497 diaconum
1112 3439 1424 3500 ordinavit.
1493 3436 1636 3495 Orta
1694 3439 1949 3497 choretis
1983 3438 2286 3511 didicerat,
2320 3458 2507 3512 eaque
2538 3439 2610 3496 ad
2644 3438 2971 3515 profectum

348 3527 414 3585 in
434 3545 482 3588 s,
503 3527 844 3602 praesulem
859 3531 1215 3603 tempestate
1235 3528 1473 3586 nomine
1494 3525 1634 3584 cleri
1691 3527 1993 3603 pertinent
2053 3528 2241 3604 magis
2302 3527 2605 3586 internum
2663 3526 2974 3603 cordisque

341 3615 979 3691 constantinopolitani
1002 3617 1244 3676 Romam
1277 3616 1427 3675 abiit
1457 3616 1634 3672 Inno-
1692 3616 2129 3692 perfectionem.
2164 3616 2492 3692 Utrumque
2512 3634 2679 3692 opus,
2714 3616 2818 3676 sed
2836 3634 2975 3692 prae

1693 3705 1907 3780 primis
1939 3705 2048 3763 hoc
2068 3705 2322 3763 alterum
2355 3724 2387 3762 a
2416 3705 2854 3780 probatissimis
2887 3705 2975 3763 vi-

430 3789 465 3846 “”)
496 3784 578 3837 Uf-
606 3784 900 3838 Kaulen
927 3785 1039 3839 ΚΒ·
1069 3786 1163 3850 11⁹,
1197 3791 1348 3842 1925.
1691 3797 1790 3852 tae
1836 3793 2122 3851 asceticae
2167 3794 2473 3871 magistris
2518 3814 2694 3869 quam
2727 3794 2976 3852 maxime

345 3855 930 3982 Lxxyglsf'f‘fflHoqhh
954 3857 1151 3911 'rhem’
1203 3857 1445 3922 Qflschr·
1497 3860 1636 3955 3909
1694 3881 1996 3941 tironibus
2028 3882 2148 3940 fuit
2166 3883 2656 3953 commendatum,
2691 3886 2753 3941 et
2783 3882 2975 3940 medio

608 3967 622 3988 ‚
725 3969 735 3989 ‚
764 3943 866 3995 qui
934 3945 1040 3982 auc
1057 3931 1251 3982 tuetur
1268 3928 1635 3981 sententiam.

346 3997 447 4051 sed
476 4014 543 4051 en
575 3998 852 4051 Merkle
882 3998 957 4054 ib·
986 4005 1267 4055 419-442
1310 3996 1518 4051 statuit
1541 4013 1636 4049 an,
1693 3988 1843 4030 aevo
1893 3990 1928 4028 a
1976 3970 2269 4047 religiosis
2321 3971 2561 4029 assidue
2607 3972 2973 4031 lectitatum:

341 4068 641 4123 tithesim:
705 4068 937 4123 Cassian
983 4071 1120 4123 kein
1173 4073 1357 4138 Smer,
1402 4086 1529 4123 cum
1581 4070 1640 4120 et
1696 4059 1802 4119 sed
1834 4059 2155 4118 dolendum
2189 4059 2339 4117 illud
2373 4059 2971 4136 Semipelagianorum

348 4139 748 4194 testimonium
776 4139 1060 4195 Gennadii
1087 4142 1147 4196 in
1175 4141 1418 4195 dubium
1446 4138 1639 4193 vocari
1696 4148 1998 4206 erroribus
2038 4146 2213 4217 infici,
2263 4165 2517 4222 quorum
2563 4149 2815 4224 vestigia
2850 4149 2975 4221 jam

351 4210 549 4281 possit,
579 4229 709 4264 nam
737 4211 908 4265 lectio
930 4214 1192 4281 „scytha“
1224 4229 1340 4266 non
1369 4213 1455 4264 est
1480 4211 1639 4263 extra

347 4281 795 4336 controversiam
809 4282 1050 4351 aliisque
1063 4301 1130 4337 ex
1145 4282 1482 4338 rationibus.
1497 4280 1637 4334 Diss.

345 4353 642 4408 conclusio
669 4357 783 4407 est:
825 4353 1005 4408 Unser
1033 4354 1294 4408 Resultat
1330 4354 1471 4407 lasst
1519 4353 1641 4406 sich
1774 4356 1812 4424 ¹)
1841 4352 1923 4405 Ex
1973 4351 2265 4423 prioribus
2305 4359 2340 4406 4
2378 4352 2434 4406 11.
2476 4350 2765 4421 epitomen
2808 4349 2975 4405 unico

353 4424 416 4477 in
456 4425 549 4478 die
577 4425 775 4478 Worte
816 4425 1366 4478 zusammenfassen:
1407 4423 1639 4477 Cassian
1697 4424 1989 4480 volumine
2018 4421 2476 4493 composueratE
2494 4440 2529 4475 u
2549 4421 2828 4474 cherius
2854 4423 2975 4490 lug-

353 4497 587 4550 stammt
611 4496 796 4551 sicher
837 4495 1000 4549 nicht
1024 4513 1128 4550 aus
1157 4496 1376 4565 Syrien,
1404 4496 1641 4548 schwer·
1696 4494 1986 4557 dunensis,
2014 4512 2160 4563 quae
2188 4494 2249 4547 in
2276 4510 2542 4564 graecum
2560 4491 2675 4546 fuit
2689 4509 2976 4548 conversa.

354 4565 468 4620 lich
494 4583 599 4620 aus
627 4567 742 4621 Siid
821 4567 980 4630 llien,
1015 4568 1221 4622 hochst
1261 4566 1639 4620 wahrschein-
1698 4566 1839 4620 Eam
1880 4565 2195 4620 versionem
2235 4581 2363 4620 cum
2402 4563 2873 4646 interpretatione
2902 4564 2975 4616 la-

351 4637 467 4692 lich
496 4655 601 4691 aus
628 4638 729 4691 der
799 4639 1136 4692 obrudscha.
1164 4638 1272 4693 Pro
1290 4637 1643 4691 Galliastant
1698 4637 1823 4691 tina
1864 4637 1920 4689 M
1938 4655 1969 4692 o
1988 4656 2025 4690 n
2042 4640 2067 4690 t
2083 4639 2112 4690 f
2121 4655 2153 4690 a
2173 4656 2208 4691 u
2227 4654 2255 4690 c
2272 4654 2304 4691 o
2322 4656 2359 4689 u
2412 4636 2596 4689 edidit
2644 4635 2793 4689 inter
2843 4651 2976 4704 opp.

355 4709 499 4763 Grfi
518 4713 654 4762 tzm
676 4710 808 4763 ach
827 4725 899 4764 er
940 4709 1296 4778 Realencycl.
1337 4709 1460 4771 ΙΙΙ-9,
1506 4712 1641 4769 746;
1698 4727 1739 4761 e.
1770 4708 2073 4762 Athanasii
2103 4709 2197 4771 111,
2238 4715 2342 4764 366
2369 4725 2465 4767 ss:
2512 4725 2717 4761 novam
2762 4706 2846 4759 ed.
2890 4722 2979 4758 ex-

359 4779 400 4833 P
417 4797 445 4834 e
463 4783 489 4834 t
504 4799 528 4834 s
544 4797 574 4834 c
591 4782 630 4833 h
649 4797 677 4834 e
695 4798 733 4833 n
751 4799 788 4832 n
806 4781 827 4833 i
842 4801 881 4851 g
908 4780 970 4833 in
997 4782 1138 4850 prol.
1166 4781 1253 4836 ed.
1283 4796 1417 4834 suae
1439 4779 1515 4832 IV
1537 4781 1641 4834 etc.
1699 4779 1865 4834 hibet
1892 4780 1963 4831 W
1981 4797 2011 4832 o
2030 4782 2055 4832 t
2071 4779 2107 4832 k
2125 4797 2172 4843 e,
2200 4779 2368 4832 Wien
2401 4785 2551 4835 1898.
