3505 5161
1197 219 1531 293 Apringius,
1559 219 1817 277 Andreas
1845 218 2209 274 caesariensis
2236 224 2338 274 etc.

460 237 584 290 489
2948 239 3073 292 490

459 405 763 475 nonnulla,
829 424 979 483 quae
1040 408 1239 465 tamen
1311 406 1383 464 ad
1460 405 1736 465 notitiam
1793 407 2005 483 Magna
2037 407 2356 482 sagacitate
2390 407 2755 482 Diekamp
2799 408 2951 465 illud
2982 407 3078 465 ni-

455 497 694 552 nostrae
725 495 1000 553 lectionis
1033 496 1278 557 minime
1317 498 1735 570 pervenerunt.
1791 496 1946 553 titur
2007 496 2398 554 determinare
2452 500 2691 571 statque
2745 516 2851 571 pro
2900 497 3076 554 initio

453 581 678 641 Claruit
727 584 1096 659 temporibus
1141 584 1400 643 Theudis
1449 583 1734 660 principis
1793 603 1904 643 sec.
1938 584 2033 646 VI.
2069 579 2235 665 (post
2271 581 2440 666 515).

459 672 786 730 Gothorum
832 670 896 754 (5
908 682 941 735 3
953 685 979 735 1
1000 707 1071 717 —-
1086 683 1118 736 5
1130 684 1163 735 4
1175 668 1259 755 8).
1271 683 1298 713 ¹
1355 674 1531 732 Hunc
1579 691 1733 731 com-

452 761 811 820 mentarium
827 780 888 821 se
904 762 1194 837 reperisse
1213 763 1396 821 refert
1427 764 1473 820 B
1487 781 1520 821 o
1532 781 1574 821 u
1586 781 1614 820 s
1627 780 1653 820 s
1666 782 1697 821 e
1709 765 1736 820 t

455 849 852 909 Nachrichten
928 853 1078 910 iiber
1153 851 1284 910 eine
1345 852 1736 927 Kopenhager

454 938 839 997 Handschrift
855 940 956 998 des
972 942 1385 999 Kommentars
1401 940 1504 999 des
1515 942 1732 1016 Aprin-

453 1026 590 1104 gius
620 1047 725 1087 zui·
755 1030 1164 1105 Apokalypse:
1227 1030 1280 1088 N
1284 1031 1438 1088 achr.
1481 1047 1598 1088 von
1628 1030 1735 1088 der

452 1117 511 1174 k.
546 1118 860 1176 Gesellsch.
895 1118 1000 1177 der
1020 1119 1375 1178 Wissensch.
1407 1139 1480 1178 zu
1497 1120 1732 1178 Gottin-

1884 824 2029 878 276.
2077 816 2285 891 Opera,
2338 835 2487 891 quae
2537 815 2608 873 ad
2657 788 3083 874 historiam

1790 904 2244 964 ecclesiasticam
2297 909 2565 980 spectant
2582 901 2646 986 ¹),
2701 904 3077 980 reliquerunt

1783 1147 1881 1216 jus
1898 1148 2141 1200 aetatem
2156 1162 2320 1216 posse
2338 1162 2456 1200 esse
2472 1145 2842 1199 recentiorem
2860 1164 2966 1199 sec.
2979 1146 3075 1199 VI.

452 1224 588 1282 gen.
619 1207 911 1283 Philolog.
941 1208 1082 1268 hist.
1103 1208 1183 1266 Cl.
1224 1217 1388 1271 1895
1425 1229 1480 1284 p.
1521 1218 1734 1271 187-
1792 1217 2147 1271 Heinrici
2174 1218 2500 1285 Realencyl.
2530 1219 2596 1280 1³,
2625 1224 2923 1273 514-516.

458 1304 602 1365 209,
639 1297 741 1357 sed
775 1315 909 1354 eum
943 1316 1064 1357 non
1094 1296 1284 1356 edidit
1300 1300 1358 1372 ¹).
1397 1331 1474 1340 -
1511 1298 1733 1356 Referri

458 1385 695 1444 demum
745 1385 862 1444 huc
893 1386 1067 1445 debet
1097 1388 1438 1446 Andreas
1490 1387 1733 1445 caesari-

1870 1292 1906 1360 ¹)
1935 1288 2451 1342 Praetermittimus
2490 1289 2543 1342 H
2558 1305 2587 1341 e
2606 1307 2629 1341 s
2644 1306 2680 1356 y
2698 1307 2727 1341 c
2743 1289 2780 1341 h
2799 1288 2819 1341 i
2836 1306 2874 1341 u
2890 1307 2945 1341 in
2973 1288 3075 1341 Mi-

1790 1361 1992 1416 lesium
2041 1377 2139 1414 seu
2166 1359 2526 1423 Miletanum,
2573 1359 2675 1427 qui
2714 1375 2748 1412 a
2788 1359 3074 1427 dignitate

1795 1432 2107 1493 „Illustris“
2125 1435 2211 1484 est
2221 1431 2676 1501 cognominatus.
2693 1429 2913 1485 Floruit
2928 1431 3075 1484 circa

458 1474 615 1532 emis
647 1476 1046 1549 metropoutssv
1081 1476 1404 1551 cappadox,
1439 1477 1611 1551 cujus
1645 1479 1736 1534 3⁸¹³
1792 1504 1966 1572 hujus
2007 1503 2184 1557 seculi
2227 1501 2498 1556 medium.
2565 1501 2896 1571 Composuit
2942 1503 3074 1556 stilo

453 1564 907 1622 commentarius
953 1564 1109 1623 haud
1157 1565 1622 1624 contemnendus
1674 1568 1734 1623 in

457 1653 870 1728 Apocalypsim
904 1649 988 1733 (M
1007 1654 1023 1710 i
1043 1674 1135 1730 gn
1152 1674 1182 1713 e
1213 1655 1278 1716 P.
1313 1655 1376 1712 G.
1411 1654 1548 1723 CVI,
1577 1663 1732 1717 215·

456 1754 490 1801 4
502 1753 533 1803 5
545 1745 628 1820 ὃ),
682 1742 746 1800 in
796 1761 913 1816 quo
962 1743 1252 1802 rationem
1303 1743 1483 1801 habet
1527 1762 1733 1802 sensus

450 1830 795 1904 praesertim
858 1832 1183 1908 anagogici.
1276 1832 1479 1891 Utitur
1538 1832 1604 1890 in
1664 1850 1732 1890 eo

450 1919 801 1994 praeprimis
847 1920 1102 1980 Metho
1122 1921 1243 1980 dio
1287 1923 1350 1979 et
1397 1922 1660 1980 Irenae
1678 1940 1731 1992 ο,

445 2007 586 2066 dein
631 2012 694 2066 et
737 2008 1188 2084 EpiphaniO,
1231 2010 1550 2081 Basilio,
1598 2011 1729 2069 Eu-

450 2097 681 2168 sebio,
738 2097 1116 2175 Dionysio
1148 2100 1524 2175 Areopagita,
1558 2100 1731 2158 Jus-

445 2186 565 2244 tin
583 2205 616 2244 o
648 2190 755 2245 etc.
787 2187 895 2245 Est
925 2188 1157 2263 primus
1177 2188 1556 2262 antiquitatis
1574 2206 1728 2248 com·

1791 1576 2060 1645 eleganti,
2086 1575 2183 1628 sed
2211 1573 2435 1628 conciso
2477 1577 2758 1628 historiam
2796 1578 3074 1629 universa-

1789 1649 1890 1700 lem
1916 1646 1977 1699 u.
2003 1647 2081 1699 Vi
2107 1663 2141 1698 a
2170 1646 2306 1699 Belo
2341 1662 2474 1715 rege
2502 1645 2866 1712 Assyriorum
2893 1662 3073 1713 usque

1789 1718 1862 1770 ad
1880 1718 2247 1771 Anasta-sium
2277 1716 2413 1786 imp.
2433 1722 2478 1788 (†
2502 1723 2641 1787 518),
2663 1717 2828 1784 cujus
2845 1719 3072 1770 tantum

1790 1790 2454 1859 Μ
2480 1787 3073 1912 aazias&

1788 1877 1877 1985 {is
1905 1877 2395 2000 By'zilxliziimuffigg
2425 1876 2971 1984 331Constantinun11n
2998 1930 3073 1985 M.

1789 2003 1854 2056 ln
1881 2003 1997 2057 alio
2015 2020 2182 2070 opere
2200 2002 2538 2073 (deperdito)
2566 2003 2761 2055 narrat
2776 2000 3073 2055 historiam

1789 2074 2018 2144 imperii
2043 2075 2074 2128 J
2092 2093 2131 2127 u
2149 2093 2173 2127 s
2191 2077 2215 2127 t
2230 2074 2249 2127 i
2263 2073 2339 2129 ni
2365 2076 2651 2142 (518—27)
2679 2075 2737 2125 et
2755 2072 3073 2141 primorum
3128 2105 3131 2108 <

1788 2163 2068 2199 annorum
2096 2146 2127 2198 J
2146 2164 2185 2198 u
2203 2163 2228 2197 s
2245 2144 2305 2197 ti
2320 2163 2358 2196 n
2376 2146 2397 2198 i
2412 2161 2445 2197 a
2462 2144 2568 2197 ni:
2594 2144 2730 2198 hinc
2758 2144 2965 2212 prioris
2991 2147 3074 2197 est

1790 2218 1970 2272 veluti
1996 2215 2372 2270 continuatio.
2425 2215 2667 2285 Collegit
2706 2218 2763 2268 et
2791 2218 3071 2270 onomato-

448 2277 794 2346 mentariuS,
830 2277 934 2351 qui
954 2280 1207 2336 aetatem
1227 2278 1456 2348 tulerit,
1490 2282 1730 2353 etprae-
1785 2294 1938 2357 loyen
1981 2306 2080 2342 seu
2128 2287 2498 2357 biographias
2544 2286 2887 2356 scriptorum
2934 2287 3073 2339 cele-

444 2360 745 2445 cipuus2)‚
809 2366 982 2439 cujus
1044 2361 1363 2425 editionem
1405 2368 1729 2443 principem
1790 2359 1977 2414 brium
2004 2376 2354 2430 graecorum,
2384 2358 2538 2427 quod
2564 2358 2715 2412 alius
2735 2358 2797 2411 in
2819 2362 3072 2427 Compen-

445 2454 680 2512 curavit
746 2454 839 2514 Fr.
892 2452 928 2513 S
944 2475 983 2531 y
1001 2456 1076 2513 lb
1091 2475 1132 2514 u
1148 2476 1178 2513 r
1191 2475 1232 2532 g
1247 2475 1287 2514 u
1305 2475 1332 2514 s
1387 2456 1730 2532 appendicis

449 2542 638 2602 instar
682 2543 755 2601 ad
804 2540 1077 2603 homilias
1125 2564 1169 2607 s,
1212 2545 1249 2602 J
1254 2546 1463 2605 oannis
1512 2545 1552 2605 C
1567 2546 1606 2604 h
1620 2565 1730 2623 ry-

1786 2435 1936 2486 dium
1954 2432 2190 2512 red-egit,
2206 2430 2567 2511 alphabetice
2584 2429 2869 2511 disposuit
2887 2429 3072 2510 auxit-

1788 2520 1899 2571 que
1926 2503 2140 2556 additis
2165 2503 2391 2570 aliquot
2416 2501 2790 2571 scriptoribus
2817 2501 3072 2554 christia-

1788 2574 1909 2629 nis:
1951 2592 2065 2643 qua
2093 2573 2342 2643 epitome
2384 2572 2474 2627 usi
2515 2576 2651 2626 sunt
2693 2576 2751 2626 et
2795 2571 2830 2626 S
2849 2571 2924 2625 ui
2945 2573 3073 2626 das

451 2650 479 2689 s
496 2652 528 2691 o
546 2651 572 2690 s
590 2637 616 2690 t
631 2650 664 2690 o
682 2654 737 2690 m
755 2633 777 2690 i
808 2634 871 2692 in
886 2653 978 2710 ep.
993 2635 1286 2710 paulinaS,
1304 2635 1731 2712 Heidelbergae
1786 2664 1891 2716 pro
1909 2664 2009 2701 suo
2027 2645 2248 2707 Lexi00‚
2277 2648 2335 2697 et
2358 2645 2400 2696 P
2417 2646 2456 2698 h
2474 2661 2505 2698 o
2524 2644 2582 2698 ti
2600 2663 2636 2696 u
2655 2662 2679 2696 s
2705 2661 2808 2714 pro
2830 2661 2931 2696 sua
2955 2644 3070 2699 bib-

463 2731 639 2784 1596.
703 2723 788 2780 De
834 2725 1117 2800 tempore,
1147 2743 1265 2798 quo
1310 2725 1576 2783 floruerit
1605 2726 1729 2783 An·

459 2809 639 2878 dreas,
671 2830 888 2887 magna
906 2813 1072 2888 viget
1103 2812 1260 2871 inter
1290 2813 1559 2872 eruditos
1592 2832 1729 2872 con·

461 2901 758 2970 troversia,
803 2919 936 2959 cum
969 2903 1138 2960 nulla
1182 2902 1305 2960 fere
1337 2903 1461 2960 sint
1492 2902 1727 2971 indicia,

456 3006 525 3044 ex
584 2990 802 3063 quibus
852 2989 1005 3049 illud
1056 2993 1218 3049 certo
1264 2992 1452 3066 possit
1513 2990 1731 3067 colligi.

449 3212 889 3284 chorepiscopus
917 3232 957 3266 s.
978 3213 1329 3284 Scripturam
1346 3231 1380 3266 a
1396 3230 1598 3284 graeco
1616 3230 1731 3266 ver·

1787 2718 2051 2772 liotheca.
2104 2714 2178 2769 Et
2202 2715 2349 2770 illud
2379 2732 2522 2786 opus
2549 2715 2725 2786 periit
2754 2719 2978 2786 praeter
2992 2732 3071 2768 re-

1787 2789 2019 2857 liquias,
2037 2805 2179 2856 quas
2196 2790 2496 2842 servarunt
2522 2788 2556 2841 S
2574 2805 2611 2839 u
2629 2786 2650 2839 i
2666 2787 2703 2838 d
2719 2803 2751 2838 a
2769 2804 2793 2838 s
2820 2789 2879 2840 et
2903 2786 2945 2837 P
2962 2787 3000 2839 h
3018 2804 3071 2839 o-

1790 2864 1814 2913 t
1830 2861 1850 2913 i
1866 2878 1904 2913 u
1925 2878 1965 2915 s.
2041 2858 2329 2929 Opuscula
2370 2859 2502 2923 duo,
2550 2874 2695 2926 quae
2747 2861 3070 2927 supersunt,

1788 2934 1938 3002 (cum
1960 2931 2157 2986 multis
2172 2928 2586 2992 additionibus)
2605 2928 2789 2981 edidit
2802 2929 2832 2981 J
2838 2945 2889 2981 o.
2908 2928 3071 2985 Conr.

1790 3005 1833 3056 O
1852 3002 2048 3065 relli,
2090 3001 2154 3055 Li
2190 3001 2314 3066 ,siae
2346 3006 2513 3061 182ος
2564 2997 2622 3053 Μ
2640 3000 2841 3052 aller
2868 3000 3072 3071 fragm,

1788 3075 1920 3127 hist.
1943 3090 2127 3142 graec.
2195 3071 2384 3125 arisiis
2408 3079 2540 3127 1841
2558 3075 2686 3128 -70
2703 3072 2743 3123 t.
2767 3081 2815 3134 5,
2842 3070 2958 3125 scil.
2977 3071 3073 3126 IV.

1793 3147 2087 3201 143—177.
2118 3144 2199 3198 Cf.
2227 3143 2269 3194 P
2288 3161 2319 3197 0
2338 3143 2455 3197 tth
2472 3160 2504 3196 a
2523 3161 2547 3196 s
2565 3146 2589 3195 t
2615 3161 2669 3212 p.
2694 3150 2819 3202 58&
2850 3142 3072 3197 Krum·

1790 3217 1827 3269 h
1844 3232 1877 3268 a
1894 3233 1923 3268 c
1939 3215 1979 3268 h
1996 3233 2023 3269 e
2041 3234 2068 3268 r
2092 3215 2311 3268 Gesch.
2356 3215 2456 3267 der
2498 3216 2621 3282 byz.
2668 3212 2777 3266 Lit.
2817 3213 2903 3266 ed.
2946 3221 2977 3269 2
3017 3233 3073 3284 p.

450 3283 522 3337 tit
545 3283 607 3337 in
635 3303 688 3351 s)
700 3284 936 3346 riacum,
979 3286 1130 3339 unde
1173 3284 1391 3339 Philo
1408 3301 1443 3338 x
1460 3301 1489 3337 e
1507 3304 1543 3337 n
1561 3284 1627 3338 ia
1646 3304 1683 3338 n
1700 3302 1734 3338 a
1790 3292 1894 3343 :322
1922 3305 2010 3351 ss.,
2038 3304 2206 3355 quem
2244 3288 2315 3338 cf.
2356 3286 2433 3338 ib.
2468 3289 2719 3341 325—'34
2757 3285 2826 3338 de
2853 3284 3073 3339 Joanne

449 3354 620 3421 dicta,
659 3373 788 3412 acer
826 3358 950 3409 erat
972 3356 1395 3426 monophysita,
1434 3356 1734 3428 episcopus
1790 3358 1848 3411 M
1864 3375 1898 3412 a
1914 3358 1934 3411 i
1948 3374 1981 3410 a
1998 3358 2018 3410 l
2034 3375 2069 3411 a
2086 3376 2112 3411 s
2132 3357 2407 3426 (Malelas)
2424 3356 2784 3418 antiochenO,
2803 3355 3073 3424 Hesychii

450 3427 852 3496 mabbugensis
879 3433 1003 3498 (485
1024 3439 1051 3492 †
1071 3445 1117 3482 c.
1141 3432 1282 3500 523).
1299 3428 1482 3481 Multa.
1497 3429 1736 3498 reliquit
1789 3429 2019 3497 aequali
2047 3432 2135 3485 vel
2152 3429 2406 3511 suppari,
2434 3430 2599 3499 cujus
2625 3432 2710 3481 est
2739 3431 3073 3495 Chronoyra·

448 3515 636 3568 opera,
666 3499 818 3552 unde
846 3500 963 3568 syri
1001 3516 1132 3554 eum
1161 3499 1310 3553 inter
1325 3499 1628 3570 primarios
1653 3517 1732 3553 re·
1782 3505 1915 3571 phia
1941 3517 1975 3553 a
2001 3500 2393 3554 remotissimis
2420 3498 2672 3571 Aegypti
2717 3499 3073 3568 temporibus

450 3574 682 3623 censent
721 3570 1041 3640 scriptores.
1093 3572 1177 3626 Cf.
1217 3571 1459 3647 Duval
1496 3592 1550 3642 p.
1579 3579 1646 3628 64
1673 3589 1732 3634 s.,

1791 3589 1971 3640 usque
1997 3572 2071 3625 ad
2099 3571 2417 3626 Justiniani
2442 3573 2682 3626 mortem
2710 3574 2855 3642 (565)
2882 3570 2975 3625 vel
3000 3570 3073 3624 ad

451 3643 553 3696 229
581 3659 653 3700 s.:
681 3649 786 3700 356
814 3661 912 3700 sa:
959 3642 1001 3694 F
1020 3661 1049 3697 e
1066 3643 1256 3697 ssler
1273 3642 1339 3696 -J
1356 3661 1448 3696 un
1465 3659 1679 3713 gman
1696 3661 1734 3696 n
1790 3661 1840 3697 a.
1870 3646 1990 3705 573,
2018 3660 2163 3712 opus
2202 3644 2417 3712 absque
2459 3641 2613 3697 omni
2650 3641 2873 3711 judicio
2899 3642 3072 3696 histo-

451 3720 479 3777 ἓ
508 3717 627 3768 217.

1789 3715 1907 3768 rico
1936 3717 1994 3768 et
2018 3713 2216 3769 critico
2242 3716 2316 3768 ad
2343 3713 2708 3768 delectandos
2747 3714 2931 3774 rudes,
2958 3730 3075 3767 non

530 3786 565 3854 ⁸)
595 3783 676 3836 Cf.
705 3783 752 3836 D
771 3803 798 3837 z
816 3783 838 3837 i
853 3801 886 3837 a
902 3785 920 3837 l
938 3802 969 3839 o
987 3802 1039 3838 w
1056 3803 1081 3839 s
1095 3784 1135 3837 k
1153 3784 1173 3838 i
1200 3787 1500 3841 comment.
1521 3784 1583 3839 in
1601 3785 1733 3839 Isid.
1790 3787 1862 3840 ad
1891 3786 2256 3839 instruendos
2272 3786 2528 3840 eruditos
2543 3784 3003 3840 consarcinatum
3019 3787 3077 3837 et

454 3853 603 3925 hisp.
630 3873 676 3910 c.
705 3863 791 3911 30.

527 3931 566 3995 2)
596 3925 668 3979 W
690 3929 841 3982 elte
865 3925 979 3979 KL.
1012 3928 1049 3990 Ι,
1076 3934 1211 3983 832;
1246 3926 1348 3982 der
1373 3927 1736 3982 Commentar

451 3997 549 4049 des
599 3997 855 4052 Andreas
905 3998 1062 4051 kann
1101 3998 1185 4052 als
1228 3999 1328 4053 der
1371 3997 1734 4070 patristische

453 4067 999 4139 Hauptcommentar
1023 4070 1357 4123 bezeichnet
1382 4072 1625 4136 werden,
1653 4087 1735 4123 so-

455 4139 578 4192 fern
604 4139 697 4194 die
725 4141 958 4195 nachfol
1001 4140 1184 4195 enden
1212 4141 1618 4210 patristischen
1639 4142 1734 4195 Er-

452 4210 777 4282 klarungen
823 4211 922 4265 des
998 4211 1169 4266 uches
1214 4211 1335 4266 sich
1379 4213 1492 4267 alle
1517 4231 1592 4266 an
1630 4214 1735 4266 ihn

453 4283 855 4347 anschliessen,
895 4284 1016 4337 und
1058 4301 1187 4336 zum
1216 4283 1413 4337 Theile
1457 4302 1569 4337 nur
1595 4285 1735 4338 Aus-

1789 3858 1993 3926 lingua
2021 3858 2249 3927 vulgari
2275 3856 2679 3927 conscriptum.
2732 3855 2979 3909 Multum
3005 3872 3073 3909 eo

1792 3928 1881 3983 usi
1892 3931 2029 3981 sunt
2041 3929 2379 3998 posteriores
2396 3928 2711 3998 scriptores,
2725 3927 2873 3981 illud
2886 3930 3074 3981 tamen

1792 4016 1907 4054 non
1933 3998 2182 4069 amplius
2209 3999 2485 4053 habemus
2524 3998 2585 4052 in
2615 4015 2716 4052 sua
2743 3998 3073 4068 integritate

1792 4069 2080 4141 originali,
2108 4070 2205 4123 sed
2245 4070 2319 4123 ad
2364 4070 2608 4124 formam
2648 4069 2968 4123 breviorem
2993 4086 3074 4121 re·

1791 4144 2022 4197 dactum
2050 4144 2109 4195 et
2133 4141 2415 4196 saniorem
2436 4159 2503 4195 ex
2550 4141 2770 4221 urgatis
2792 4139 3074 4209 opinioni·

1795 4216 1899 4268 bus
1943 4212 2434 4283 monophysiticis.
2487 4161 2712 4265 ffrodlit
2755 4228 2891 4265 cura
2912 4211 3073 4263 Edm.

1793 4285 1833 4339 C
1850 4285 2033 4339 hilm
2050 4301 2079 4338 e
2094 4301 2128 4336 a
2143 4283 2179 4337 d
2198 4283 2219 4337 i
2245 4283 2453 4338 Oxonii
2474 4290 2603 4339 1691
2626 4305 2638 4344 ς
2656 4283 2740 4336 ed.
2759 4287 2895 4354 (non
2918 4284 3074 4353 bene)

451 4359 592 4424 zi’ige
619 4372 723 4408 aus
750 4354 871 4407 ihm
896 4357 1097 4426 geben,
1124 4354 1228 4409 mit
1242 4355 1573 4426 Beifiigung
1589 4358 1736 4409 etwa
1791 4372 1989 4410 recusa
2016 4354 2273 4410 Venetiis
2303 4359 2469 4412 1733:
2495 4354 2542 4407 D
2559 4354 2581 4407 i
2596 4373 2634 4406 n
2651 4354 2687 4406 d
2703 4371 2735 4407 o
2751 4372 2779 4406 r
2796 4355 2824 4406 f
2844 4353 3075 4407 Bonnae

451 4441 626 4480 neuer
675 4425 1075 4496 Erklarungen
1138 4426 1258 4479 und
1297 4426 1737 4498 anderweitiger

452 4513 564 4550 von
579 4497 838 4551 Andreas
854 4496 1018 4550 nicht
1034 4497 1332 4551 beriihrter
1345 4497 1736 4556 Traditionen.

451 4567 536 4621 Cf.
564 4567 610 4621 D
629 4568 693 4622 ie
709 4569 749 4621 k
765 4585 799 4621 a
816 4587 872 4621 m
887 4588 925 4638 p
966 4568 1098 4623 hist.
1125 4569 1321 4623 Jahrb.
1354 4573 1507 4634 1897,
1533 4571 1632 4623 XV
1644 4570 1735 4635 111,

459 4645 661 4701 1—36;
707 4640 809 4708 qui
855 4645 1045 4694 tamen
1085 4643 1310 4711 reperto
1351 4656 1384 4692 a
1421 4657 1477 4693 se
1519 4641 1738 4695 Oecu·

452 4728 509 4762 m
526 4726 555 4762 e
571 4729 609 4763 n
626 4710 646 4764 i
663 4710 684 4764 i
733 4712 1138 4767 commentario
1200 4712 1262 4766 in
1311 4712 1737 4783 Apocalypsim,

455 4797 568 4847 quo
597 4784 742 4837 forte
771 4800 906 4836 usus
933 4785 1020 4836 est
1043 4784 1316 4849 Andreas,
1357 4783 1608 4852 conjicit,
1636 4785 1737 4837 hu-

1796 4435 1928 4484 1831
1951 4450 1964 4490 ;
2015 4427 2074 4480 M
2091 4428 2111 4480 i
2128 4446 2166 4497 g
2182 4446 2221 4479 n
2238 4443 2267 4479 e
2318 4426 2379 4479 P.
2430 4426 2495 4481 G.
2554 4425 2769 4489 XCVII,
2832 4428 3074 4483 9-9702

1793 4498 2107 4552 Pothast
2130 4503 2335 4569 p.670:
2363 4498 2617 4566 Knoep
2637 4495 2908 4551 flerKL.
2928 4496 3075 4560 VIlI,

1795 4579 1914 4626 544.
1941 4603 2009 4613 —
2037 4569 2202 4623 Alius
2249 4570 2280 4622 J
2300 4587 2331 4623 o
2347 4586 2381 4622 a
2397 4588 2435 4623 n
2453 4587 2490 4621 n
2508 4586 2536 4622 e
2554 4586 2578 4621 s
2629 4567 2698 4621 de
2749 4565 3075 4632 Antiochia,

1795 4641 2191 4696 Antiochenus
2253 4641 2459 4706 dictus,
2521 4639 2749 4710 scripsit
2797 4641 3076 4694 historiam

1793 4716 2162 4775 universalem,
2243 4713 2407 4781 cujus
2488 4712 2811 4782 fragmenta
2895 4709 3080 4763 edidit

1795 4784 1851 4836 M
1869 4791 1905 4837 ii
1922 4784 1942 4837 1
1959 4785 1980 4837 l
1997 4802 2025 4837 e
2042 4802 2069 4836 r
2094 4783 2154 4836 in
2196 4784 2339 4854 frag.
2380 4783 2513 4837 hist.
2555 4799 2737 4854 graec.
2781 4782 2872 4835 IV.
2903 4787 3077 4837 536—
