3505 5161
1359 196 1587 250 Lucifer
1612 196 1977 251 cala-ritanus,
2856 217 2874 268 1
2892 214 2972 269 42

360 213 469 267 141

362 383 641 442 damnare
674 382 850 442 fidem
887 378 978 468 (in
1026 401 1185 443 conc.
1218 381 1645 445 mediolanensi
1698 382 2006 444 nonnullis
2037 382 2224 442 nimio
2254 383 2461 443 ardore
2505 382 2603 443 vel
2645 383 2805 443 inter
2842 403 2978 442 san·-

362 492 396 531 a
430 467 606 553 355),
657 472 721 531 in
766 471 1167 533 Palaestinam
1200 472 1499 551 relegatus
1532 472 1643 531 mi·
1700 474 1827 533 ctos
1859 466 2284 557 recensetur-¹).
2321 472 2504 531 Plura
2535 473 2772 533 exstant
2802 490 2979 548 opera

365 579 461 620 rae
492 561 867 620 constantiae
897 563 961 621 et
988 560 1539 637 praeparatifanimi
1569 560 1644 620 ad
1698 561 1775 622 ab
1826 576 1895 620 eo
1940 560 2003 619 in
2048 560 2260 621 exsilio
2307 561 2644 637 conscripta
2689 561 2979 620 adversus

363 650 718 726 martyrium
781 653 989 709 contra
1039 641 1451 709 Constantium
1502 650 1642 727 imp.
1698 649 2133 726 imperatorem,
2182 649 2294 711 zeli
2325 649 2632 725 intrepidi,
2678 649 2978 711 libertatis

364 739 602 815 scripsit
618 738 839 798 librum
858 739 1032 815 eique
1048 738 1367 816 legendum
1380 739 1646 810 misit,ac
1698 742 1762 797 et
1800 738 2175 798 fortitudinis
2208 738 2389 797 animi
2421 737 2857 815 imperterritae
2887 758 2976 797 sr-

361 846 478 886 non
500 829 693 887 multo
705 832 846 904 post
865 829 979 887 snb
1000 829 1244 887 Juliano
1263 828 1533 905 principe
1553 847 1641 887 re·
1699 831 2003 904 gumenta.
2069 828 2344 887 Cernitur
2381 827 2869 904 promptissimus
2916 828 2978 886 in

362 935 587 987 versus,
635 917 864 976 Caralis
896 917 1317 979 Valentiniano
1356 921 1644 995 regnante
1696 917 1775 975 iis
1825 934 1872 981 s,
1923 917 2261 994 Scripturas
2309 934 2474 985 usus,
2536 934 2729 976 sermo
2777 920 2978 976 tamen

362 1005 1222 1083 obiit.‘1taHieronymus
1252 1024 1301 1066 c.
1323 1007 1643 1069 95.Prius·

365 1114 541 1175 quam
586 1095 659 1160 ad
707 1094 907 1154 sedem
937 1095 1161 1154 rediret
1192 1114 1381 1166 suam,
1431 1096 1642 1155 Antio·

365 1184 551 1243 chiam
584 1184 766 1256 venit,
815 1183 1016 1260 ibique
1063 1178 1196 1244 cum
1226 1183 1642 1245 Eustachianis

366 1273 668 1332 Meletium
723 1273 1068 1349 episcopum
1116 1273 1291 1348 quasi
1336 1272 1640 1333 arianismi

367 1357 494 1443 (sed
544 1356 872 1442 immerito)
926 1366 1274 1438 suspectum
1324 1380 1642 1439 agnoscere

362 1451 582 1520 noluit,
635 1450 738 1510 sed
791 1451 917 1510 zelo
967 1450 1390 1527 intempestivo
1439 1451 1641 1511 Pauli-

363 1559 502 1599 num
525 1534 571 1624 ¹)
602 1539 666 1598 in
699 1538 1041 1616 episcopum
1062 1539 1382 1611 ordinavit,
1409 1539 1549 1600 inde
1580 1540 1643 1599 in

363 1629 468 1687 illa
516 1628 761 1689 ecclesia
811 1628 1117 1689 schismati
1149 1628 1510 1689 occasionem
1541 1628 1642 1689 de·

364 1718 466 1779 dit.
506 1717 666 1794 quod
711 1737 839 1776 eam
885 1717 992 1776 diu
1029 1717 1318 1781 turbavit.
1361 1717 1455 1778 Ad
1486 1718 1641 1796 rigo-

360 1826 482 1865 rem
518 1824 743 1884 pronus
764 1805 1127 1881 improbavit
1145 1806 1378 1866 concilii
1408 1808 1643 1866 alexan-

361 1896 527 1954 drini
561 1914 611 1958 a.
635 1903 757 1959 362
794 1895 1276 1967 moderationem,
1311 1915 1430 1971 qua
1461 1895 1643 1973 lapsis

360 1985 420 2043 in
454 1984 857 2055 arianismum,
892 1984 995 2044 sed
1015 1984 1506 2061 resipiscentibus
1526 2003 1639 2061 pax

361 2075 422 2131 et
436 2072 811 2150 indulgentia
841 2072 1284 2145 concedebatur,
1323 2076 1640 2151 acpropte-

360 2181 475 2232 rea,
506 2161 581 2220 ab
599 2160 848 2227 Eusebii
867 2163 1246 2222 vercellensis
1268 2162 1640 2240 aliorumque

361 2250 784 2328 episcoporum,
836 2251 939 2327 qui
972 2250 1067 2311 illi
1099 2251 1501 2312 interfuerant
1538 2270 1637 2331 sy·

359 2340 530 2415 nodo,
576 2342 649 2398 ut
692 2339 948 2409 videtur,
1003 2340 1416 2400 communione
1449 2358 1511 2399 se
1546 2359 1638 2400 se-

360 2429 604 2503 paravit.
637 2427 863 2488 Deinde
894 2428 1075 2487 etiam
1109 2447 1225 2500 eos,
1259 2429 1364 2506 qui
1383 2428 1638 2489 Arimini

360 2517 508 2576 dolis
559 2517 915 2576 Arianornm
966 2517 1353 2578 circumventi
1415 2537 1449 2576 a
1499 2537 1637 2578 con-

358 2606 575 2666 stantia
617 2608 971 2678 defecerant,
1020 2609 1167 2667 dure
1219 2608 1637 2668 condemnavit

357 2713 537 2771 seque
568 2697 642 2755 ab
675 2696 816 2767 illis,
867 2696 972 2772 qui
1004 2715 1104 2757 eos
1134 2697 1508 2774 poenitentes
1540 2716 1633 2756 re-

356 2788 647 2860 ceperant,
682 2785 962 2862 sejunxit.
1008 2786 1170 2845 Num
1189 2805 1258 2845 eo
1278 2803 1634 2863 progressus

357 2874 451 2944 sit,
497 2877 570 2932 ut
600 2878 807 2933 auctor
837 2875 1135 2933 exstiterit
1165 2874 1430 2934 formalis
1464 2875 1634 2934 illius

356 2963 705 3035 schismatis,
739 2962 900 3039 quod
921 2962 1299 3040 postmodum
1322 2963 1395 3022 ab
1428 2983 1496 3023 eo
1528 2982 1634 3023 no-

353 3070 488 3110 men
519 3046 824 3128 accepist),
867 3070 988 3112 non
1020 3052 1212 3128 liquet
1244 3048 1308 3133 (†
1346 3049 1517 3135 371).
1582 3054 1634 3112 A

429 3261 464 3327 ¹)
494 3256 681 3327 Hujus
746 3256 789 3310 P
805 3274 839 3310 a
856 3276 894 3311 u
911 3258 930 3310 l
947 3257 967 3311 i
982 3258 1059 3312 ni
1123 3261 1310 3313 exstat
1369 3263 1635 3328 professio

350 3331 474 3394 fidei
495 3329 570 3381 ab
594 3328 912 3383 Athanasio
934 3331 1197 3399 probata,
1216 3346 1389 3398 quam
1418 3349 1457 3383 s.
1480 3329 1521 3382 E
1540 3349 1576 3399 p
1593 3330 1633 3384 i-

404 3399 441 3453 h
457 3416 490 3452 a
507 3418 545 3452 n
562 3398 582 3451 i
599 3418 637 3453 u
655 3417 679 3452 s
706 3400 860 3453 haer.
888 3403 956 3457 77
983 3409 1009 3467 5
1026 3405 1088 3456 21
1112 3400 1278 3455 nobis
1302 3401 1634 3458 asservavit.

400 3469 600 3523 ecessit
626 3487 677 3523 a.
706 3475 812 3526 388
839 3471 930 3524 vel
960 3477 1081 3528 389.

422 3547 462 3610 ²)
480 3541 972 3597 Luciferianorum
990 3545 1121 3614 post
1138 3542 1461 3597 Luciferum
1479 3561 1634 3611 cory-

1696 1005 1868 1065 rudis
1901 1008 1961 1065 et
1992 1006 2331 1083 incomptus
2362 1000 2536 1087 est2).
2595 1005 2683 1065 De
2712 1025 2757 1065 s.
2790 1006 2977 1064 Atha-

1697 1096 1866 1155 nasio
1899 1095 1955 1153 ll.
1986 1099 2048 1171 2,
2100 1095 2166 1154 in
2211 1094 2434 1171 quibus
2464 1094 2647 1170 hujus
2679 1094 2977 1170 praeclare

1696 1185 1906 1243 tuetur
1932 1202 2187 1255 causam,
2221 1184 2440 1243 invicte
2469 1182 2810 1254 ostendenS,
2841 1202 2976 1245 eum

1698 1290 1808 1335 nec
1837 1273 2032 1333 visum
2065 1291 2175 1331 nec
2219 1272 2498 1334 auditum
2542 1290 2663 1331 non
2709 1272 2978 1349 potuisse

1697 1360 1914 1441 deponi
1934 1362 2262 1421 conventus
2282 1361 2741 1423 mediolanensis
2773 1362 2834 1419 et
2865 1361 2975 1423 im-

1697 1450 1988 1526 peratoris
2012 1450 2339 1519 sententia3
2374 1450 2446 1508 de
2468 1468 2582 1509 non
2602 1451 2976 1510 conveniendo

1698 1559 1827 1598 cum
1859 1540 2156 1598 haereticis
2167 1561 2193 1614 ‚·
2236 1539 2305 1597 de
2353 1539 2580 1615 reqibus
2617 1540 2972 1613 apostaticis,

1697 1647 1818 1704 quo
1868 1628 1932 1687 in
1981 1629 2022 1691 l.
2082 1627 2403 1706 impiorum
2451 1627 2717 1703 exemplo
2766 1645 2975 1703 regum

1699 1717 1982 1788 ostendit,
2004 1717 2310 1777 florentem
2331 1716 2565 1793 imperii
2587 1716 2815 1775 romani
2837 1733 2973 1775 con-

1698 1806 1985 1866 ditionem
2017 1825 2140 1866 non
2183 1824 2312 1869 esse
2345 1806 2763 1884 argumentum
2789 1804 2972 1882 justi-

1696 1896 1816 1955 tiae
1866 1913 2074 1954 causae
2123 1895 2374 1966 arianae,
2426 1913 2607 1971 quam
2656 1894 2978 1970 imperator

1695 1988 1818 2043 tam
1850 1983 2176 2061 praefracte
2206 1984 2524 2055 tuebatnr;
2570 1984 2639 2042 dc
2682 2002 2796 2042 non
2823 2002 2973 2059 par-

1697 2075 1873 2133 cendo
1903 2075 1966 2131 in
1985 2073 2176 2132 Deum
2194 2072 2644 2150 delinquentibus
2658 2094 2687 2145 ,·
2719 2070 2973 2132 Morien-

1694 2163 1836 2221 dum
1869 2181 1987 2221 esse
2015 2181 2125 2238 pro
2156 2162 2309 2222 Filio
2339 2162 2468 2220 Dei.
2533 2161 2806 2222 Meliores
2837 2162 2974 2237 ope-

1693 2270 1830 2311 rum
1893 2251 2182 2311 editiones
2246 2254 2390 2310 sunt
2454 2251 2708 2310 fratrum
2769 2250 2973 2319 Coleti,

1698 2340 1961 2400 Venetiis
1993 2349 2175 2410 1778,
2208 2342 2444 2417 recepta
2473 2361 2508 2398 a
2537 2340 2790 2416 Migne
2822 2339 2885 2402 P.
2906 2338 2972 2399 L.

1693 2431 1737 2487 t.
1771 2428 1943 2500 x111;
1977 2429 2342 2488 Gallandi
2374 2428 2518 2492 bibl.
2537 2427 2635 2500 VI,
2662 2436 2972 2497 153-2603

1693 2517 1988 2590 Hartel,
2024 2518 2291 2578 Viennae
2331 2527 2494 2583 1886
2544 2517 2634 2577 ed.
2674 2515 2880 2576 critica
2910 2515 2975 2575 in

1693 2607 1860 2684 Corp.
1906 2608 2108 2684 script.
2154 2609 2292 2667 eccl.
2339 2612 2383 2666 t.
2429 2607 2580 2667 XIV.
2631 2607 2975 2666 Exhortatio

1692 2719 1739 2759 s.
1772 2697 2069 2757 Ambrosii
2098 2716 2180 2773 ep.
2228 2697 2299 2756 ad
2331 2697 2661 2774 neophytos
2708 2695 2779 2755 de
2813 2714 2972 2772 sym·

1691 2902 1846 2955 mine
1874 2905 2204 2970 comparent
2229 2901 2325 2972 (ib.
2342 2920 2397 2969 p.
2417 2906 2582 2958 237—
2594 2907 2735 2972 334),
2754 2919 2975 2956 necnon

1692 2975 1763 3030 tr.
1789 2976 1852 3027 de
1876 2977 1930 3027 ll.
1954 2993 2021 3028 ss.
2051 2975 2483 3041 &sripturarum
2524 2990 2666 3040 quos
2695 2977 2801 3026 sub
2828 2972 2871 3026 Ο
2891 2974 2974 3026 ri·

1748 3061 1777 3096 e
1795 3063 1834 3096 n
1852 3043 1872 3096 i
1889 3063 1912 3096 s
1940 3044 2172 3097 nomine
2199 3042 2586 3099 recentissime
2603 3043 2834 3098 Batiffol
2859 3045 2973 3098 edi-

1690 3063 1871 3176 gerat,
1913 3133 2086 3182 quam
2128 3113 2470 3168 sententiam
2515 3113 2564 3166 Κ
2584 3120 2619 3167 il
2638 3133 2675 3166 n
2692 3133 2716 3167 s
2734 3116 2792 3169 tl
2808 3132 2836 3168 e
2864 3114 2974 3171 Lit.

1690 3186 2041 3240 Rundschau
2093 3192 2229 3242 1900
2273 3204 2328 3254 p.
2379 3189 2475 3242 171
2528 3205 2569 3238 S.
2621 3185 2973 3254 probabilem

1690 3261 1884 3312 censet
1909 3258 1999 3328 (cf.
2028 3274 2200 3325 supra
2225 3277 2279 3327 p.
2308 3261 2414 3328 62).

1775 3335 1807 3398 ¹)
1840 3328 1988 3393 Quid
2016 3328 2085 3381 de
2114 3329 2237 3398 ejus
2264 3327 2568 3383 sanctitate
2609 3327 2972 3382 sentiendum

1690 3399 1783 3464 sit,
1800 3399 2039 3471 exponit
2055 3399 2099 3452 B
2117 3416 2145 3452 e
2163 3418 2200 3453 n
2219 3417 2248 3453 e
2263 3401 2298 3454 d
2317 3399 2337 3452 i
2355 3418 2384 3455 c
2400 3402 2426 3452 t
2442 3418 2515 3453 us
2533 3398 2680 3452 XIV.
2696 3399 2765 3453 de
2779 3398 2975 3453 beatis.

1689 3475 1747 3524 et
1787 3470 2042 3525 canoniz.
2087 3472 2174 3526 SS.
2205 3475 2244 3524 t.
2279 3481 2297 3527 l
2331 3472 2368 3524 1.
2401 3480 2424 3527 1
2454 3488 2501 3525 c.
2529 3477 2598 3526 40
2624 3489 2679 3523 n.
2708 3475 2757 3526 2.
2786 3478 2834 3534 3,
2873 3472 2973 3525 ubi

1690 3547 1900 3604 narrat,
1953 3542 2395 3598 controversiam
2446 3541 2652 3598 acriter
2693 3541 2973 3612 agitatam

391 3613 566 3667 haeus
592 3611 807 3667 dicitur
835 3613 881 3667 G
898 3632 927 3668 r
942 3631 971 3668 e
988 3633 1026 3684 g
1043 3631 1074 3667 o
1091 3614 1155 3668 ri
1173 3632 1209 3668 u
1222 3633 1263 3678 s,
1293 3615 1633 3685 cognomine
1688 3614 1864 3668 fuisse
1892 3616 2000 3669 sub
2029 3614 2258 3668 Urbano
2276 3615 2445 3679 vlu„
2473 3613 2576 3683 qui
2595 3616 2787 3667 tamen
2810 3613 2974 3670 silen-

393 3684 629 3748 aeticus,
683 3683 900 3739 Eliberi
958 3685 1258 3756 episcopus
1311 3694 1357 3757 (†
1397 3705 1452 3756 p.
1488 3689 1632 3758 392),
1690 3685 1837 3739 tium
1900 3685 2132 3754 utrique
2184 3685 2338 3755 parti
2389 3684 2683 3754 imposuit,
2759 3685 2904 3753 Pap
2923 3701 2974 3738 e-

350 3755 609 3822 quiteste
637 3755 1092 3825 Hieronymo
1120 3775 1164 3812 c.
1188 3764 1304 3821 105,
1329 3757 1631 3825 „usquead
1689 3755 2053 3811 brochius
2081 3758 2143 3810 in
2168 3758 2310 3811 actis
2340 3756 2431 3810 SS.
2458 3757 2529 3808 ad
2558 3757 2611 3809 d.
2643 3764 2730 3812 20.
2754 3755 2887 3825 Maj.

349 3829 659 3880 extremam
688 3831 1038 3881 senectutem
1066 3827 1318 3881 diversos
1358 3827 1632 3883 mediocri

349 3915 605 3952 sermone
633 3900 913 3952 tractatus
952 3899 1291 3969 composuit,
1334 3903 1390 3950 et
1434 3904 1497 3954 de

1531 3903 1634 3967 side
1688 3898 2088 3952 denhewer
2130 3898 2244 3952 KL.
2291 3899 2338 3951 V

1764 3832 1805 3898 ²)
1833 3827 2613 3954 Fessler-Junfilngon
2641 3826 2973 3964 {sigliis}-

2428 3940 2440 3961 ‚
2605 3920 2615 3956 ;
2773 3919 2788 3953 t
2882 3938 2894 3950 .
2960 3938 2972 3949 .

348 3971 668 4039 elegantem
708 3969 939 4033 librum,
981 3970 1084 4037 qui
1128 3970 1413 4038 hodieque
1441 3988 1635 4041 super·
1687 3968 1792 4023 Die
1820 3969 2097 4040 Eigenart
2121 3970 2222 4023 der
2249 3969 2536 4024 Schriften
2555 3969 2808 4022 Luzifers
2830 3968 2976 4038 liegt

348 4057 463 4094 esse
491 4039 752 4096 dicitur.“
784 4040 849 4093 In
876 4041 1109 4110 synodis
1136 4040 1419 4095 sirmiensi
1444 4046 1501 4095 et
1525 4042 1631 4095 ari·
1688 4040 1748 4094 in
1773 4040 1958 4094 ihrem
1975 4040 2456 4093 riicksichtslosen
2474 4041 2628 4094 'Pone
2645 4040 2972 4110 gegenfiber

349 4110 593 4165 minensi
644 4111 868 4166 fortiter
916 4111 1132 4166 restitit
1183 4112 1430 4166 Arianis.
1494 4113 1631 4182 Ejus
1688 4112 1819 4165 dem
1869 4111 2087 4165 Kaiser.
2137 4111 2320 4165 Dabei
2382 4110 2458 4164 ist
2519 4111 2618 4164 der
2669 4110 2970 4162 Ausdruck

348 4182 556 4253 scripta
583 4182 926 4238 dicebantur
964 4183 1229 4252 periisse:
1282 4201 1480 4239 verum
1507 4183 1629 4240 dili·
1688 4182 2100 4252 grossentheils
2163 4182 2263 4236 der
2326 4181 2788 4249 Vulgarsprache
2853 4184 2970 4232 ent·

346 4253 716 4323 gentissimus
743 4253 965 4309 Morin
993 4254 1462 4309 inRevued'hist.
1484 4260 1543 4310 et
1561 4255 1631 4308 de
1687 4270 1975 4316 nommen,
2023 4253 2140 4306 und
2186 4253 2335 4307 auch
2363 4248 2470 4305 auf
2491 4252 2840 4322 geordneten
2869 4253 2969 4303 (je-

348 4324 518 4381 litter.
546 4325 712 4397 relig.
743 4332 880 4382 1900
906 4325 975 4390 V,
1004 4334 1036 4382 2
1071 4326 1286 4382 librum
1312 4327 1629 4397 elegantem
1686 4324 2075 4395 dankengang
2125 4324 2267 4379 wird
2320 4322 2483 4376 nicht
2531 4323 2630 4376 der
2680 4321 2970 4391 geringste

345 4401 407 4451 de
430 4402 534 4466 side
557 4401 857 4453 orthodoxa
884 4400 1082 4451 contra
1109 4397 1371 4461 Arianos,
1422 4398 1526 4466 qui
1550 4415 1629 4452 re·
1687 4396 1892 4451 Werth
1942 4397 2065 4466 gele
2109 4398 2149 4449 t.
2201 4394 2426 4448 Luzifer
2476 4392 2550 4446 ist
2593 4393 2693 4445 der
2744 4393 2970 4447 hervor-

346 4470 565 4538 peritur
604 4469 763 4540 apud
791 4466 993 4539 Mign
1011 4486 1040 4524 e
1081 4469 1233 4523 inter
1270 4487 1313 4522 s.
1340 4471 1390 4522 A
1407 4488 1462 4522 m
1480 4471 1517 4524 b
1536 4487 1560 4520 r
1577 4486 1629 4522 o·
1684 4468 1991 4538 ragendste
2096 4470 2331 4521 ertreter
2393 4465 2490 4518 des
2541 4463 2970 4532 Vulgfirlateins

345 4539 441 4594 sii
485 4540 663 4604 XVII,
694 4547 995 4602 549—568‚
1042 4544 1099 4594 et
1124 4541 1298 4595 etiam
1344 4540 1394 4594 V
1411 4539 1432 4593 i
1448 4560 1485 4610 g
1503 4540 1557 4595 il
1574 4539 1630 4593 ii
1685 4538 1871 4592 seiner
1897 4538 2019 4592 Zeit
2043 4537 2162 4592 und
2202 4552 2399 4607 wegen
2427 4535 2525 4588 der
2550 4535 2970 4615 ausserordent-

345 4612 623 4682 tapsensis
639 4628 815 4681 opera
832 4611 999 4675 LXII,
1016 4619 1122 4669 466
1134 4618 1300 4668 —468
1319 4633 1331 4672 ;
1348 4617 1631 4668 449-463
1684 4610 1802 4666 lich
1853 4610 2084 4664 reichen
2125 4607 2516 4663 Schriftcitate
2562 4605 2824 4676 zugleich
2874 4623 2968 4658 ein

344 4683 453 4754 ipsi
478 4684 715 4744 asserit;
743 4683 979 4754 insuper
1007 4684 1065 4737 ll.
1084 4683 1189 4736 VII
1206 4681 1423 4752 priores
1442 4699 1507 4736 ex
1526 4683 1630 4736 XII
1686 4682 1817 4735 sehr
1869 4680 2168 4748 wichtiger
2219 4680 2404 4749 Zeuge
2451 4678 2548 4731 des
2591 4675 2968 4744 Vorhierony-

342 4760 404 4810 de
428 4762 689 4818 trinitate,
732 4753 835 4824 qui
875 4756 981 4809 sub
1022 4753 1306 4826 Vigilii
1349 4757 1493 4824 taps.
1534 4771 1627 4809 no·
1686 4751 2041 4808 mianischen
2070 4750 2435 4806 Bibeltextes.
