3505 5161
216 4733 285 4784 Ἧι

527 222 604 274 99
1032 210 1330 260 201—300.
1357 202 1666 274 Gregorius
1694 205 2179 277 Thaumaturgus‚
2205 208 2409 261 Sextus
2434 204 2646 269 Julius,
3016 224 3135 276 100

520 391 613 450 Ita
644 392 969 467 Cornely
1021 392 1176 450 Hist.
1209 396 1270 451 et
1300 391 1427 450 crit.
1460 392 1676 454 introd.
1709 392 1800 454 ed.
1857 392 2134 451 habiliter
2165 411 2276 456 sec.
2310 393 2393 462 V„
2435 411 2555 451 non
2597 393 2796 450 autem
2827 390 3137 467 Apollina-

526 488 560 541 2
594 499 654 555 p.
690 489 835 543 641.
866 514 952 524 —
986 480 1070 538 Ex
1103 481 1233 557 ejus
1284 480 1556 557 epistolis
1606 483 1804 540 exstat
1857 480 2039 539 ristae
2085 482 2358 557 alicujus,
2405 482 2500 540 vel
2547 498 2660 543 sec.
2705 480 2976 538 exeuntis
3018 479 3136 548 IV„

519 571 757 630 tantum
791 570 1035 644 epistola
1066 573 1344 628 canonica
1374 570 1654 646 episcopo
1674 571 1800 629 cui·
1857 588 1991 629 cum
2024 570 2585 646 ApollinarIstarum
2607 586 2834 628 errores
2866 568 3137 644 rejician-

519 657 656 715 dam
704 658 881 717 Ponti
931 658 1221 733 inscripta
1268 679 1317 717 a.
1369 668 1514 731 254,
1561 679 1596 718 a
1639 677 1800 718 conc.
1854 654 2039 741 teu-1).
2102 660 2284 718 Plura
2316 678 2408 735 op.
2441 658 2708 736 Gregorii
2753 658 2944 716 nostri
2975 657 3137 733 frag-

519 746 893 805 Trullano
956 749 1381 817 commendata,
1459 748 1630 807 utilis
1692 767 1800 824 pro
1856 750 2056 807 menta
2104 749 2343 807 exhibet
2388 749 2608 807 Pitra
2638 748 2702 805 in
2733 748 2906 808 Anal.
2951 748 3137 806 sacris

518 835 836 912 disciplina
864 836 1280 912 poenitentiali
1299 836 1467 895 illius
1498 838 1800 912 temporis.
1854 836 1961 908 ΠΙ,
1985 846 2365 908 589-595;
2397 837 2496 907 IV,
2519 846 2843 904 81—-1693
2865 835 2969 894 sed
2989 855 3137 894 num

516 922 860 1001 Lagarde
896 925 1054 997 juris
1100 926 1327 1000 publici
1374 925 1512 985 fecit
1543 926 1605 984 in
1639 927 1799 984 Ana·
1855 926 2053 985 omnia
2084 926 2206 985 sint
2237 927 2514 1003 genuina,
2547 925 2812 986 nondum
2833 926 2979 983 satis
2996 942 3137 984 con-

516 1013 687 1072 lectis
721 1014 966 1090 syriacis
996 1013 1230 1089 Lipsiae
1261 1035 1317 1091 p.
1361 1023 1519 1077 1858
1546 1035 1601 1090 p.
1627 1025 1800 1078 31-
1855 1018 1990 1074 stat.
2032 1015 2394 1074 Prodierunt
2424 1016 2555 1091 ejus
2588 1033 2765 1092 opera
2793 1014 3040 1073 collecta
3068 1015 3137 1072 in

518 1109 599 1165 67
634 1101 916 1162 idiomate
948 1102 1178 1179 syriaco
1210 1102 1330 1162 duo
1350 1105 1649 1180 opuscula,
1671 1104 1797 1180 epi·
1855 1104 2222 1164 Gallandi
2252 1104 2397 1162 bibl.
2429 1104 2535 1173 III,
2574 1113 2940 1173 385-569;
2968 1103 3025 1159 Μ
3034 1103 3136 1180 ig-

516 1191 730 1250 stolam
764 1192 889 1250 scil.
924 1192 997 1251 ad
1029 1192 1400 1269 Philagrium
1445 1193 1515 1251 de
1557 1194 1798 1252 consub-
1854 1212 1941 1252 ne
1974 1193 2038 1252 P.
2073 1194 2140 1252 G.
2172 1193 2240 1264 X,
2280 1200 2670 1257 963—1232

515 1281 778 1339 stantiali
820 1280 858 1341 i.
906 1300 955 1343 e.
1001 1280 1073 1339 de
1123 1282 1483 1355 aequalitate
1514 1300 1796 1358 persona-

515 1388 649 1428 rum
680 1368 1021 1428 divinarum
1052 1369 1247 1445 quoad
1263 1372 1557 1441 naturam,
1592 1374 1653 1429 et
1673 1371 1797 1430 dia·
1946 1382 2047 1434 51.
2093 1371 2426 1448 Supersunt
2477 1371 2810 1446 scriptoreS,
2876 1388 3134 1444 quorum

514 1458 720 1535 logum
752 1477 887 1518 cum
919 1459 1295 1535 Theopompo
1341 1461 1410 1517 de
1443 1460 1716 1534 passibili
1747 1468 1799 1519 et
1853 1478 2030 1535 opera
2089 1461 2392 1519 historiam
2469 1464 2759 1535 spectant.
2853 1459 2890 1517 S
2906 1460 3133 1527 extus

514 1549 861 1624 impassibili
891 1547 957 1606 in
976 1548 1116 1617 Deo,
1150 1551 1477 1624 utrumque
1510 1549 1793 1626 Gregorio
1852 1548 2142 1619 Julius,
2191 1550 2584 1626 chronologus
2615 1549 2994 1624 perinsignis,
3027 1566 3134 1623 pa·

514 1640 720 1696 nostro
753 1637 1030 1708 asseruit,
1078 1655 1229 1712 quae
1275 1637 1615 1712 conjectura
1663 1638 1798 1697 aliis
1852 1638 1969 1696 tria
1999 1638 2330 1707 Africanus,
2366 1638 2729 1714 professione
2756 1637 2907 1696 forte
2939 1654 3131 1712 quon-

514 1744 754 1801 quoque
785 1726 1029 1802 placuit.
1064 1725 1176 1784 Sed
1197 1725 1452 1800 epistola
1470 1726 1577 1784 illa
1590 1744 1798 1803 graece
1852 1726 1988 1785 dam
2051 1727 2241 1796 miles,
2293 1727 2737 1786 accuratissime
2799 1725 3136 1801 composuit

513 1817 710 1873 exstat
752 1818 933 1890 atque
981 1814 1054 1872 ab
1088 1814 1225 1872 aliis
1271 1815 1645 1891 Gregorio
1688 1834 1795 1873 na·
1851 1815 2118 1891 quinque
2177 1818 2248 1875 do
2293 1816 2756 1894 chronoyraphia
2808 1815 3015 1884 libros,
3064 1815 3134 1872 in

514 1903 787 1962 zianzeno
834 1902 1021 1982 (inter
1065 1903 1246 1979 hujus
1292 1921 1375 1961 or.
1423 1912 1503 1965 45
1554 1922 1662 1962 seu
1704 1923 1795 1980 ep.
1851 1905 2074 1979 quibus
2107 1924 2170 1964 se
2202 1905 2615 1965 Alexandriam
2649 1905 2978 1980 profectum
2999 1922 3133 1962 esse

520 2000 644 2054 243
680 1992 932 2068 Migne
963 1993 1026 2050 P.
1060 1991 1125 2049 G.
1158 1991 1441 2063 XXXVII,
1478 1986 1651 2075 383),
1700 1994 1795 2052 vel
1852 1989 2260 2076 (211—215)
2294 1997 2554 2053 testatur
2573 1993 2647 2051 ob
2666 1993 2983 2052 maximam
3003 2010 3131 2051 om-

515 2080 819 2140 Basilio
908 2081 1003 2139 vel
1080 2079 1363 2157 Gregorio
1441 2083 1728 2140 asseritur
1741 2076 1791 2161 ¹)
1850 2084 2020 2142 nium
2053 2082 2266 2142 famam
2299 2087 2481 2158 atque
2521 2081 3024 2142 existimationem
3055 2080 3133 2139 de

513 2187 847 2244 nysseno
924 2165 1041 2249 (ep.
1122 2178 1201 2231 26
1281 2169 1534 2246 Migne
1594 2171 1791 2239 XLVI,
1849 2172 2195 2241 Heracla,
2230 2173 2433 2248 quiin
2463 2171 2842 2247 philosophia
2877 2170 3134 2246 aliisque

523 2253 1005 2339 nob-1108),
1039 2276 1229 2333 neque
1254 2260 1659 2318 controversia
1687 2279 1793 2335 pe·
1847 2278 2190 2338 graecorum
2238 2260 2573 2337 disciplinis
2614 2260 2764 2319 bene
2807 2259 3132 2319 institutus

512 2346 828 2424 remplorie
859 2349 952 2405 est
982 2346 1242 2408 definita.
1286 2381 1373 2392 —
1417 2348 1479 2405 P.
1512 2347 1792 2407 Martin
1849 2351 1919 2408 ad
1953 2350 2360 2426 episcopatum
2392 2349 2805 2410 alexandrinae
2850 2348 3131 2407 ecclesiae

510 2437 730 2511 reperit
763 2435 877 2494 sub
917 2437 1048 2510 ejus
1088 2435 1331 2495 nomine
1360 2436 1628 2496 homilias
1659 2441 1791 2496 octo
1847 2441 2164 2513 provectus
2195 2439 2328 2498 fuit.
2361 2439 2443 2497 Eo
2475 2439 2541 2498 in
2572 2457 2746 2513 opere
2780 2436 3131 2512 praecipuos

510 2524 835 2584 armeniace
867 2543 1086 2596 versae,
1122 2543 1270 2601 quas
1305 2525 1494 2584 edidit
1513 2527 1575 2585 in
1593 2527 1792 2586 Pitrae
1845 2528 1919 2586 ab
1951 2546 2003 2587 0.
2024 2545 2070 2586 c.
2091 2527 2164 2587 ad
2184 2547 2233 2586 a.
2259 2537 2374 2591 221
2405 2528 2638 2587 circiter
2671 2530 2808 2604 post
2827 2525 3133 2585 Christum

510 2613 790 2672 analectis
840 2615 1023 2673 sacris
1070 2614 1167 2685 IV,
1225 2625 1524 2678 134—-69
1576 2611 1790 2699 (latine
1846 2621 2102 2675 eventus
2133 2636 2266 2678 cum
2287 2621 2558 2677 accurata
2574 2621 2910 2692 temporum
2933 2615 3130 2674 deter-

512 2698 919 2784 386—412):
966 2721 1035 2762 ex
1068 2703 1161 2762 his
1207 2705 1401 2778 prima
1443 2706 1680 2763 tantum
1726 2705 1791 2763 in
1846 2706 2170 2765 minatione
2218 2706 2619 2783 prosequitur.
2682 2705 2924 2763 Interiit
2970 2703 3128 2763 illud

509 2791 885 2850 nativitatem
916 2791 1137 2851 Christi
1167 2793 1407 2851 videtur
1425 2793 1706 2869 genuina,
1728 2797 1791 2852 et
1846 2795 1898 2852 si
1930 2795 2260 2871 fragmenta
2275 2795 2549 2871 excipias,
2585 2814 2654 2854 ex
2672 2793 2895 2871 quibus
2927 2793 3131 2868 aliqua

509 2880 659 2938 forte
721 2885 886 2940 sexta
946 2881 1019 2940 de
1082 2881 1264 2940 Maria
1310 2881 1415 2939 Dei
1476 2882 1788 2959 genitrice.
1845 2883 1918 2942 de
1939 2883 2087 2941 LXX
2107 2883 2493 2943 hebdomadis
2514 2882 2823 2942 danielicis
2843 2886 3126 2951 tractant,

511 2968 779 3037 Quatuor
807 2988 946 3029 vero
979 2971 1262 3039 homiliae,
1311 2989 1455 3044 quae
1498 2971 1615 3046 ipsi
1644 2971 1788 3030 olim
1846 2990 2100 3046 quarum
2130 2972 2371 3032 initium
2392 2973 2454 3030 in
2479 2983 2578 3036 20.
2600 2971 2941 3031 Artaxerxis
2972 2989 3127 3030 anno

507 3057 930 3117 tribuebantur
952 3054 1100 3140 (tres
1120 3059 1183 3118 in
1204 3060 1258 3122 b.
1275 3059 1539 3136 Virginis
1554 3078 1788 3118 annun-
1843 3061 2029 3135 ponit.
2093 3061 2178 3119 Eo
2224 3080 2398 3137 opere
2429 3062 2525 3119 usi
2559 3064 2705 3120 sunt
2734 3060 2781 3118 Ε
2799 3077 2884 3118 us
2901 3060 3082 3118 ebiu
3099 3079 3128 3118 s

507 3147 827 3206 ciationem
869 3150 931 3205 et
975 3166 1094 3206 una
1132 3148 1196 3206 in
1227 3149 1648 3224 theophaniam
1680 3166 1787 3206 seu
1844 3149 1908 3207 in
1929 3167 2037 3208 suo
2059 3149 2333 3208 chronico
2353 3150 2572 3225 aliique
2588 3153 2817 3208 veteres
2839 3148 3127 3207 historici.

506 3236 876 3311 epiphaniam
894 3232 1515 3318 Domini),censentur
1534 3237 1787 3312 spuriae.
1845 3238 2191 3312 Composuit
2264 3257 2502 3313 quoque
2565 3238 2747 3297 libros
2810 3237 2943 3296 XIV
3004 3238 3125 3314 (vel

506 3323 599 3383 Ita
629 3328 692 3383 et
723 3325 963 3384 homilia
984 3325 1048 3383 in
1066 3343 1271 3384 omnes
1291 3327 1525 3384 sanctos
1546 3345 1580 3382 a
1603 3325 1786 3382 Min·
1843 3326 2069 3406 plures)
2110 3329 2313 3390 κεστοὶ
2356 3325 2396 3412 ἢ
2441 3326 2758 3409 παράδοξα
2801 3326 3124 3401 inscriptos

508 3413 796 3488 garelli
845 3414 1148 3471 Bononiae
1190 3423 1351 3476 1770
1387 3412 1548 3471 edita
1581 3409 1786 3494 (etiam
1843 3417 1905 3472 et
1935 3416 2265 3474 Alexandro
2299 3416 2427 3475 Sev.
2481 3417 2620 3493 imp.
2670 3416 2971 3474 dedicatos
3018 3433 3127 3473 seu

507 3501 665 3576 apud
696 3501 901 3577 Mign
921 3520 953 3559 e
983 3501 1046 3558 P.
1082 3501 1146 3558 G.
1179 3502 1246 3562 X.
1306 3513 1330 3563 1
1357 3497 1786 3583 191—1206).
1844 3507 2144 3574 stromata,
2179 3505 2243 3561 in
2275 3505 2495 3579 quibus
2527 3506 2655 3580 agit
2684 3505 2756 3563 de
2786 3523 2851 3562 re
2881 3503 3125 3573 medica,

503 3625 594 3634 —
625 3590 718 3651 Tr.
749 3591 819 3647 de
849 3592 1051 3648 anima
1101 3589 1174 3647 ad
1207 3590 1521 3648 'ratianum
1567 3590 1786 3650 dubius
1844 3591 2111 3667 physica,
2148 3593 2413 3662 militari,
2449 3594 2689 3663 rustica,
2723 3593 2905 3651 etiam
2928 3593 2997 3650 de
3020 3610 3124 3650 su-

504 3681 613 3736 est.
677 3679 1164 3736 Anathematismi
1207 3680 1303 3737 vel
1349 3679 1608 3754 capitula
1640 3679 1786 3738 duo·
1843 3681 2206 3757 perstitiosis
2252 3682 2650 3758 absurdisque
2694 3682 2874 3740 rebus
2921 3685 3032 3740 etc.
3065 3684 3127 3738 et

504 3767 696 3824 decim
745 3766 817 3824 de
866 3767 981 3825 fide
1025 3768 1330 3842 supposita
1375 3772 1535 3829 sunt.
1601 3768 1788 3826 Juxta
1842 3788 2098 3844 quorum
2149 3771 2324 3845 plura
2385 3773 2713 3847 supersunt
2761 3771 3124 3845 fragmenta;

506 3855 1001 3917 DraesekeGeS.
1019 3860 1168 3932 patr.
1187 3857 1418 3915 Unters.
1437 3876 1505 3915 ea
1521 3857 1785 3916 suntVi-
1841 3860 2139 3933 epistolam
2184 3859 2258 3917 ad
2292 3858 2624 3936 Origenem‚
2671 3860 2735 3917 in
2784 3879 2903 3934 qua
2934 3858 3126 3917 histo-

506 3943 696 4001 talis
724 3944 1082 4014 antiocheni,
1102 3945 1466 4020 Apollinaris
1489 3946 1786 4020 discipuli.
1841 3947 1990 4006 riam
2023 3947 2325 4006 Susannae
2371 3949 2436 4007 in
2481 3949 2519 4006 l.
2555 3949 2816 4007 Danielis
2858 3948 3126 4022 spuriam

506 4031 647 4091 Cum
682 4051 820 4094 vero
854 4051 922 4091 ea
952 4034 1243 4110 respicere
1276 4034 1594 4093 videantur
1625 4054 1784 4094 erro-
1841 4054 1968 4095 esse
2020 4039 2080 4094 et
2128 4038 2591 4095 commentitiam
2642 4037 2997 4113 suspicatur,
3050 4036 3126 4094 ad

503 4139 597 4179 res
623 4123 748 4196 jam
782 4122 1043 4180 Nestorii
1075 4126 1135 4181 et
1168 4123 1466 4198 Eutychis,
1490 4126 1633 4182 sunt
1650 4143 1785 4200 pro·
1843 4144 2020 4200 quam
2053 4125 2337 4201 Origenes
2358 4126 2763 4200 copiosissime
2794 4123 3127 4200 respondit.

1843 4213 2001 4270 Haec
2033 4213 2224 4271 adhuc
2256 4216 2464 4284 exstat,
2488 4215 2645 4272 sicut
2665 4217 2727 4272 et
2745 4214 2862 4272 alia
2882 4209 3130 4294 (magna

1843 4303 2051 4359 saltem
2084 4322 2151 4360 ex
2185 4298 2377 4384 parte)
2428 4303 2509 4361 ad
2541 4305 2864 4363 Aristidem
2894 4301 2966 4360 de
3000 4302 3127 4360 dis-

586 4330 620 4398 ¹)
650 4327 756 4380 Pro
786 4327 1058 4397 Gregorio
1080 4331 1275 4381 nostro
1298 4331 1523 4398 pugnat
1543 4329 1636 4397 Ry
1651 4348 1675 4381 s
1689 4332 1786 4384 sel

501 4397 700 4450 Jahrb.
725 4399 760 4450 f.
784 4403 927 4468 prot.
957 4398 1148 4454 Theol.
1185 4405 1311 4455 1881
1343 4400 1464 4462 VH,
1487 4405 1786 4462 565-573,

504 4471 702 4521 contra
753 4486 882 4524 eum
985 4488 1046 4524 ro
1100 4470 1374 4540 Gregorio
1439 4470 1785 4524 nazianzeno

504 4537 552 4591 D
569 4558 596 4591 r
611 4556 643 4592 a
660 4556 689 4592 e
708 4559 731 4592 s
748 4557 777 4594 e
793 4541 833 4593 k
848 4559 876 4595 e
905 4547 923 4612 ζ
949 4544 1050 4596 ies.
1068 4542 1429 4610 patristische
1448 4541 1784 4596 Untersuch.
1922 4545 1958 4612 ¹)
1987 4541 2069 4594 Cf.
2095 4541 2165 4594 de
2194 4542 2299 4594 hac
2325 4542 2708 4595 controversia
2749 4542 2790 4594 F
2811 4561 2846 4596 u
2864 4561 2900 4594 n
2917 4542 2957 4594 k
2997 4541 3128 4594 Kir-

509 4615 644 4667 1889
666 4632 718 4681 p.
749 4621 1037 4669 103—162.
1067 4613 1150 4668 cf.
1179 4613 1221 4665 Ε
1239 4614 1277 4665 h
1295 4614 1375 4665 rh
1391 4629 1425 4665 a.
1441 4631 1468 4664 r
1484 4614 1519 4665 (1
1550 4614 1589 4674 1,
1619 4616 1781 4669 107-
1842 4612 2313 4682 chengeschichte
2342 4613 2628 4668 Abhandl.
2650 4615 2716 4667 11.
2744 4613 2878 4669 dise.
2904 4620 2970 4669 16
2989 4630 3126 4682 pag.

510 4688 637 4738 109:
684 4684 747 4746 [1,
775 4687 1087 4741 357-362;
1142 4684 1498 4737 Harnack·
1530 4686 1569 4746 l,
1612 4690 1785 4740 428-
1841 4690 2118 4740 329-38:
2160 4684 2536 4737 Lauchert
2571 4685 2630 4738 in
2658 4686 2851 4738 Theoi.
2879 4683 3128 4748 Qtlschr.

503 4760 637 4812 436:
670 4754 715 4806 K
733 4774 759 4807 r
777 4761 811 4808 ii
830 4777 867 4826 g
885 4774 913 4810 e
930 4775 956 4808 r
983 4765 1009 4822 ἓ
1037 4759 1119 4812 75.
1847 4761 1982 4810 1900
2009 4755 2276 4814 LXXXH,
2305 4761 2604 4810 395—418.
