3505 5161
466 197 590 250 319
1134 186 1434 236 401-431,
1460 178 1713 235 Historia
1740 178 2139 234 ecclesiastica.
2167 177 2417 243 Orosius,
2953 191 3075 246 320

461 366 644 425 cendo
664 365 905 441 penitus
928 365 1292 424 emundaret.
1308 373 1334 401 ⁴¹
1386 365 1543 424 Haec
1573 366 1745 426 nobis
1801 373 1851 425 et
1900 366 2275 442 Om‘yenistas.
2339 364 2484 424 Inde
2530 364 2830 439 profectus
2878 368 2970 422 est
3019 365 3083 422 in

460 454 722 514 fabulam
767 472 972 529 sapere
1022 453 1319 523 videntur,
1372 473 1524 529 quae
1574 455 1744 514 vanis
1804 454 2202 515 Palaestinam
2251 450 2312 537 (a
2347 449 2519 533 415),
2567 453 2739 512 valde
2784 470 3081 513 commen-

459 544 823 620 incertisque
854 544 1087 601 nitatur
1130 543 1503 603 rumoribus:
1551 563 1745 620 neque
1802 544 1978 604 datus
2025 565 2061 603 a
2106 563 2151 608 s.
2196 543 2472 620 praesule
2510 560 2599 618 ep.
2642 554 2760 606 166
2796 560 2842 605 s.
2876 543 3081 602 Hiero-

459 637 584 692 tam
621 632 792 691 facile
838 632 912 691 de
956 631 1100 691 viris
1147 631 1489 692 illustribus
1521 634 1744 692 malum
1800 653 1998 710 nymo,
2032 634 2097 693 in
2129 653 2247 710 qua
2277 633 2498 692 dicitur
2527 632 2885 710 ,religiosus
2908 635 3081 709 juve-

461 722 752 797 suspicari
783 722 969 792 decet,
1003 720 1124 780 nisi
1157 720 1443 799 gravibus
1462 722 1747 797 probetur
1801 724 1914 794 nis,
1949 723 2235 782 catholica
2266 740 2407 799 pace
2439 722 2638 793 frater,
2677 725 2871 780 aetate
2903 721 3081 791 filius,

459 811 808 873 rationibus,
1806 814 2027 872 honore
2059 810 2502 889 compresbyter
2531 814 2753 881 noster,
2799 810 2947 889 vigil
2992 811 3084 870 in-

1801 901 1993 980 geni0,
2027 907 2341 976 promptus
2376 900 2631 976 eloquio,
2665 901 2920 977 flagrans
2953 905 3084 960 stu-

555 999 697 1054 173.
733 988 987 1059 Tertius,
1022 989 1128 1065 qui
1159 989 1275 1047 huc
1300 988 1508 1047 referri
1525 991 1742 1065 potest,
1802 990 1923 1060 dio,
1957 990 2109 1049 utile
2139 1008 2245 1049 vas
2276 990 2339 1050 in
2371 991 2545 1049 domo
2566 989 2804 1049 Domini
2823 1008 2949 1049 esse
2980 989 3082 1050 de-

459 1081 553 1137 est
584 1078 631 1137 Ο
649 1097 728 1137 ro
746 1078 912 1137 sius
931 1123 945 1148 ,
985 1078 1307 1153 Hispanae,
1339 1078 1654 1154 presbyter
1684 1081 1746 1137 et
1803 1080 2068 1140 siderans
2097 1078 2172 1138 ad
2203 1078 2552 1138 refellendas
2583 1078 2758 1137 falsas
2788 1078 3083 1154 pernicio-

462 1166 608 1226 civis
628 1167 1014 1234 bracarensis,
1049 1167 1154 1242 qui
1183 1186 1230 1226 c.
1255 1177 1380 1231 414
1401 1168 1466 1225 in
1486 1167 1745 1226 Africam
1803 1188 2014 1244 sasque
2046 1168 2365 1238 doctrinas,
2413 1187 2565 1244 quae
2605 1168 2831 1227 animas
2862 1168 3080 1244 Hispa·

460 1257 627 1315 venit
671 1258 852 1331 atque
898 1274 944 1318 s.
975 1256 1386 1333 Augustinum
1433 1256 1599 1327 adiit,
1648 1256 1741 1315 cui
1801 1277 2017 1317 norum
2062 1258 2253 1317 multo
2300 1257 2598 1316 infelicius
2631 1276 2809 1332 quam
2841 1274 3086 1333 corpora

460 1345 694 1404 consilii
727 1345 972 1422 petendi
1002 1345 1199 1422 gratia
1230 1346 1457 1405 obtulit
1494 1364 1743 1405 commo·
1801 1347 2144 1406 barbaricus
2195 1347 2432 1424 gladius
2480 1345 2923 1405 trucidarunt.‘
3007 1345 3079 1404 In

462 1435 743 1493 nitorium
774 1436 842 1492 de
872 1453 1068 1492 errore
1099 1430 1744 1516 Priscillianistaruml)
1801 1437 2136 1495 Palaestina
2162 1454 2297 1495 cum
2317 1436 2680 1511 Hieronymo
2713 1453 2775 1494 se
2803 1436 3085 1511 opposuit

458 1531 626 1600 atque
663 1523 1125 1602 origenistarum
1158 1518 1354 1605 (novis
1404 1524 1558 1583 curis
1589 1524 1679 1582 ed.
1712 1544 1747 1582 a
1802 1526 2040 1603 Pelagio
2072 1525 2221 1584 clam
2269 1544 2437 1584 suam
2482 1524 2902 1584 disseminanti
2945 1525 3081 1583 hae·-

459 1612 741 1689 Scheps
762 1632 789 1671 s
829 1615 891 1671 in
923 1632 1013 1688 op.
1037 1613 1544 1672 Priscilliani
1594 1631 1745 1688 quae
1801 1615 1999 1685 resim,
2062 1619 2272 1674 contra
2318 1634 2494 1690 quam
2545 1613 2960 1690 indulgentius
3018 1632 3082 1673 se

459 1705 787 1777 supersunt
832 1705 939 1760 etc.
991 1703 1053 1761 in
1100 1702 1265 1778 Corp.
1300 1702 1499 1778 script.
1533 1701 1741 1773 XVIII,
1801 1704 1993 1780 gessit
2021 1703 2280 1762 Joannes
2310 1704 2625 1780 episcopus
2671 1702 3080 1779 hierosolymi·

458 1790 843 1851 Vindobonae
881 1784 1096 1872 1889),
1130 1791 1204 1849 ab
1237 1810 1304 1850 eo
1335 1792 1505 1850 enixe
1536 1794 1743 1865 petens
1799 1796 1998 1852 tanus.
2047 1792 2191 1851 Cum
2222 1811 2361 1852 vero
2394 1793 2572 1851 salsae
2602 1792 2736 1866 ipse
2767 1791 3080 1850 insimula-

461 1882 573 1948 ,ut
618 1881 942 1956 perspectis
989 1879 1266 1939 omnibus
1305 1880 1526 1939 morbis
1555 1879 1740 1938 medi-

459 1969 652 2027 cinam
683 1969 962 2028 adhibere
985 1968 1293 2028 festinaret
1326 1966 1408 2044 (n.
1431 1965 1559 2049 4).‘
1597 1970 1743 2027 Con-

459 2058 773 2118 sultationi
806 2056 1072 2133 ejusdem
1105 2075 1376 2116 annuens
1423 2058 1664 2133 scripsit
1696 2076 1742 2116 e.

1800 1885 1967 1941 retur
1997 1881 2299 1941 doctrinae
2331 1881 2500 1941 velut
2543 1882 2800 1940 assertor
2842 1881 3077 1948 erroris,

1801 1970 2098 2030 hominem
2128 1989 2203 2029 ne
2235 1970 2535 2045 adjutorio
2568 1970 2804 2046 quidem
2832 1970 2939 2028 Dei
2970 1970 3082 2028 im-

1801 2061 1964 2135 plere
2015 2077 2189 2135 posse
2234 2062 2428 2137 legem
2478 2059 2761 2128 divinam,
2826 2059 3082 2118 scribere

458 2147 663 2206 doctor
693 2147 764 2205 ad
799 2164 937 2205 eum
970 2148 1007 2205 1.
1040 2154 1242 2205 contra
1263 2147 1744 2206 Priscillianistas
1799 2152 2036 2208 coactus
2081 2152 2173 2207 est
2216 2148 2652 2226 apologeticum
2712 2149 2782 2206 de
2841 2148 3083 2207 arbitrii

538 2392 575 2459 ¹)
604 2388 814 2442 Contra
841 2385 1301 2443 Priscillian
1325 2404 1431 2441 um
1460 2390 1746 2442 steterunt

459 2460 573 2513 cluo
600 2459 855 2530 episcopi
894 2459 919 2512 1
937 2459 1013 2511 th
1029 2475 1061 2511 a
1078 2477 1107 2513 c
1123 2458 1143 2511 i
1160 2477 1196 2511 u
1215 2476 1241 2512 s
1285 2457 1536 2531 (Itacius)
1564 2475 1743 2512 sossu-

1801 2239 2071 2309 libertate,
2108 2239 2267 2313 quod
2289 2256 2479 2313 saepe,
2513 2238 2691 2296 etiam
2713 2237 2979 2303 seorsim,
3009 2240 3079 2295 ut

1801 2345 1921 2387 cur.
1944 2326 1999 2389 J.
2021 2327 2061 2386 C
2077 2345 2110 2385 o
2129 2346 2156 2386 s
2172 2330 2341 2386 tero
2360 2327 2620 2402 primum
2643 2325 2890 2385 Lovanii
2913 2333 3074 2389 1558

1800 2420 1928 2484 etc„
1962 2416 2202 2493 prodiit.
2249 2416 2502 2475 Rediens
2533 2435 2566 2473 a
2593 2426 2716 2478 416
2739 2416 2803 2473 in
2825 2415 3082 2473 Airicam

460 2530 649 2585 bensis
666 2531 997 2603 (Ossonoba)
1015 2532 1073 2584 et
1098 2531 1122 2584 1
1138 2531 1174 2584 d
1191 2546 1226 2584 a
1242 2530 1350 2585 ciu
1365 2548 1390 2584 s
1417 2529 1744 2602 (Hydatius‚
1799 2507 1870 2564 ad
1888 2504 2299 2607 APSUStinum
2315 2523 2512 2565 secum
2533 2504 2678 2563 tunt
2695 2523 2786 2580 01³·
2807 2522 2853 2561 ³·
2870 2503 3082 2605 Hie-TO·

459 2601 742 2675 Ursatius)
770 2601 1073 2673 episcopus
1093 2602 1462 2667 emeritensis,
1489 2601 1743 2670 quicum
1799 2615 1966 2672 nymi
1994 2595 2068 2653 ad
2088 2596 2338 2654 eundem
2363 2591 2565 2678 (134),
2598 2613 2827 2653 necnon
2857 2596 2918 2652 et
2946 2594 3083 2652 lite-

457 2677 800 2729 acssufflmnss
818 2672 973 2744 aPUd
995 2672 1309 2729 Maximum
1330 2677 1743 2744 usurpatorem.
1799 2702 1894 2744 ras
1913 2685 2153 2743 Herotis
2185 2688 2247 2743 et
2264 2685 2464 2743 Lazari
2494 2684 2567 2743 ad
2601 2683 2906 2758 praesules
2937 2682 3081 2740 afri-

458 2746 564 2799 Hic
614 2761 747 2800 vero
808 2743 1231 2801 Priscillianum
1295 2745 1421 2799 neci
1470 2744 1743 2798 tradidit:

458 2819 825 2885 quamobrem
852 2819 995 2870 teste
1036 2816 1078 2869 P
1096 2835 1123 2868 r
1140 2834 1171 2869 0
1190 2835 1215 2870 s
1231 2837 1268 2898 p
1286 2833 1314 2870 e
1330 2833 1358 2869 r
1374 2834 1405 2870 o
1447 2816 1643 2870 chron.
1670 2817 1743 2870 ad

457 2906 508 2944 a.
525 2896 647 2952 389.
668 2890 775 2951 „ob
792 2904 985 2942 necem
1004 2887 1370 2952 Priscilliani‚
1399 2888 1563 2957 cujus
1582 2904 1744 2942 accu-

459 2963 672 3014 satores
715 2960 964 3022 fuerant,
1009 2959 1294 3014 Ecclesiae
1345 2958 1743 3014 communione

458 3032 808 3101 privantur.“
842 3030 1057 3085 Itacius
1084 3030 1473 3104 (sossubensis‚
1502 3032 1568 3084 ut
1594 3029 1744 3083 vide·

459 3106 591 3175 tur),
618 3106 760 3157 teste
787 3105 812 3156 1
828 3102 887 3155 si
905 3102 940 3156 d
961 3120 992 3155 o
1008 3121 1036 3155 r
1052 3120 1084 3156 o
1112 3103 1259 3173 hisp.
1288 3102 1356 3155 de
1376 3101 1477 3154 vir.
1496 3101 1577 3154 ill.
1594 3118 1639 3154 c.
1663 3110 1743 3163 15,

463 3177 873 3246 „cognomento
890 3177 948 3226 et
963 3174 1194 3242 eloquio
1222 3173 1263 3228 C
1280 3174 1350 3226 la
1364 3190 1394 3226 r
1411 3191 1447 3226 u
1465 3191 1490 3226 s
1515 3172 1747 3242 scripsit

459 3246 746 3314 quendam
776 3245 989 3299 librum
1018 3246 1124 3300 sub
1151 3241 1500 3326 apologetici
1539 3244 1744 3315 specie,

458 3317 519 3371 in
541 3334 655 3385 quo
677 3317 1010 3370 detestenda
1031 3315 1382 3370 Priscilliani
1402 3316 1671 3384 dogmata
1688 3318 1748 3368 et

459 3388 868 3444 maleficiorum
933 3389 1058 3457 ejus
1117 3390 1269 3441 artes
1319 3387 1745 3455 libidinumque

458 3459 590 3582 3³2¹AE
610 3458 1524 3599 ffisssssshffifflffffigiffiffffl
1568 3474 1742 3583 ἓξὲξ·

461 3600 765 3664 tissimum,
811 3600 1161 3670 discipulum
1207 3600 1381 3654 fuisse
1433 3600 1635 3665 Manis,
1689 3603 1749 3654 et

461 3670 810 3727 priscilliani
860 3672 1269 3739 magistrum“:

460 3742 651 3813 periit.
679 3743 869 3797 Idacio
887 3743 1198 3811 Clar0‚‘qui
1218 3746 1278 3797 et
1287 3743 1488 3813 junior
1513 3741 1745 3808 dicitur,

459 3814 799 3868 tribuuntur
825 3815 883 3869 11.
911 3815 991 3868 111
1016 3824 1201 3869 contra
1230 3818 1583 3869 Varimadum
1633 3814 1746 3867 Ma·

458 3885 745 3957 ribadum)
786 3886 1049 3939 arianum
1090 3886 1312 3967 (Mign
1330 3902 1359 3939 e
1405 3886 1464 3939 P.
1492 3884 1552 3939 L.
1579 3886 1622 3939 L
1678 3887 1727 3939 ΙΙ

461 3961 795 4028 351—434):
822 3956 926 4025 qui
951 3956 1091 4011 olim
1121 3956 1337 4025 vigilio
1358 3958 1613 4027 tapsensi
1628 3959 1746 4013 fue·

1800 2792 1976 2832 canos
2007 2773 2078 2832 de
2097 2774 2337 2851 Pelagio
2370 2777 2432 2832 et
2452 2772 2739 2832 Coelestio
2773 2767 2870 2853 (cf.
2903 2789 3085 2847 supra

1801 2884 1858 2939 p.
1893 2860 2064 2940 284),
2098 2867 2160 2922 et
2191 2863 2476 2938 reliquias
2509 2881 2552 2920 s,
2574 2861 2860 2938 Stephani
2878 2863 3081 2936 proto-

1801 2952 2081 3027 martyris
2152 2970 2345 3027 nuper
2413 2952 2707 3010 inventas.
2792 2951 3084 3009 Hortante

1800 3040 2140 3116 Augustino
2186 3043 2379 3117 majus
2418 3042 2540 3115 jam
2596 3039 2862 3114 suscepit
2908 3056 3079 3114 opus,

1798 3130 2179 3189 historiarum
2219 3130 2343 3194 scil,
2406 3130 2679 3188 adversus
2718 3145 2982 3205 payanos
3023 3128 3083 3189 ll.

1816 3218 1951 3293 VII,
2013 3218 2171 3294 quod
2222 3223 2316 3278 est
2365 3219 2531 3278 velut
2581 3218 3082 3293 complementum

1801 3308 2000 3385 operis
2064 3326 2110 3367 s.
2172 3308 2466 3384 praesulis
2526 3308 2595 3365 de
2656 3308 2886 3364 civiiate
2947 3305 3078 3364 Dei.

1800 3397 2017 3474 Egerat
2039 3397 2166 3473 jam
2197 3398 2326 3473 ipso
2359 3415 2404 3456 s.
2440 3397 2643 3455 doctor
2674 3395 2736 3453 in
2769 3395 2872 3453 illo
2906 3411 3082 3470 opere

1801 3489 2007 3544 contra
2037 3486 2357 3562 gentilium
2388 3485 2676 3562 querelas,
2719 3487 2812 3542 tot
2842 3484 3080 3541 calami-

1801 3578 1954 3633 tates
1977 3574 2082 3633 illo
2102 3578 2367 3651 tempore
2389 3574 2634 3632 irruisse
2666 3573 2731 3631 in
2763 3573 3082 3649 imperium

1321 3671 1425 3740 qui
1474 3673 1511 3727 1.
1555 3674 1744 3727 tamen
1799 3683 2108 3723 romanum
2143 3665 2218 3722 ob
2239 3664 2541 3723 inductam
2560 3662 2910 3738 religionem
2929 3662 3083 3721 chri-

1802 3754 2052 3811 stianam
2086 3758 2147 3811 et
2186 3754 2523 3830 neglectum
2555 3751 2801 3810 deorum
2832 3751 3080 3809 cultum.

1800 3841 2022 3901 Verum
2075 3845 2144 3900 ut
2191 3840 2425 3919 plenius
2469 3841 2575 3899 has
2622 3840 2947 3898 calumnias
2993 3858 3084 3897 re-

1733 3929 1745 3951 '
1802 3931 2032 3990 felleret
2051 3934 2112 3989 et
2132 3931 2495 4001 retunderet,
2531 3929 2805 3988 hortatus
2826 3933 2919 3987 est
2940 3928 3084 3988 Oro—

460 4028 976 4099 runtadscripti.1n
991 4028 1264 4083 iisomnia
1278 4029 1746 4084 fereArianorum
1802 4021 1959 4078 sium
1997 4022 2108 4087 »uio
2146 4038 2215 4078 ex
2262 4020 2559 4090 omnibus,
2608 4019 2714 4093 qui
2761 4017 2962 4075 haberi
3008 4017 3083 4075 ad

460 4103 799 4168 argumenfifl·
826 4116 892 4154 ΕΣ
921 4119 962 4155 ⁸·
991 4101 1286 4171 Sssl'ipssul'fl·
1313 4103 1509 4154 00¹1ss1’21
1534 4099 1576 4153 F
1581 4099 1668 4154 ilfi
1690 4105 1749 4154 2ss
1801 4127 2080 4184 praesens
2126 4111 2400 4184 possunt,
2468 4108 2853 4166 historiarum
2901 4109 3083 4181 atque

462 4170 712 4293 {Pirum
752 4189 793 4253 9·
839 4171 1205 4253 &mitatem
1257 4171 1576 4226 ⁸⁰lvu¹²¹⁵¹¹2
1629 4172 1746 4253 ΤΞῙ·
1803 4197 2108 4256 annalinm
2142 4197 2310 4257 fastis
2352 4214 2740 4272 quaecunque
2772 4200 2877 4253 aut
2907 4195 3081 4253 bellis

501 4244 721 4296 uuntur
749 4261 861 4313 ipsi
890 4246 947 4296 et
974 4244 1035 4296 11.
1064 4243 1169 4296 XII
1194 4242 1307 4313 (vel
1349 4243 1551 4296 saltem
1579 4258 1645 4296 ex
1674 4261 1745 4296 us

464 4314 613 4384 VIII)
641 4318 704 4368 de
727 4334 795 4370 33,
834 4318 1112 4378 Trinium,
1158 4313 1261 4383 qui
1306 4315 1413 4368 gub
1457 4332 1500 4367 Β,
1527 4314 1747 4367 Atha,
1801 4287 2021 4363 gravia,
2055 4291 2161 4345 aut
2193 4289 2472 4364 corrupta
2504 4284 2741 4355 morbis,
2792 4287 2908 4385 aut.
2929 4283 3081 4384 fame

463 4401 499 4436 n
515 4401 548 4437 a
566 4402 590 4438 s
606 4384 660 4437 ii
704 4386 932 4441 nomine
978 4385 1317 4456 prodierunt
1352 4384 1434 4508 {M
1449 4385 1470 4438 i
1486 4402 1578 4454 gn
1594 4401 1623 4437 e
1669 4384 1745 4440 ib.
1801 4375 2018 4446 tristia,
2041 4379 2147 4434 aut
2167 4379 2460 4435 terrarum
2482 4375 2746 4434 motibus
2766 4374 3079 4443 terribilia,

462 4456 608 4509 LXII
637 4462 739 4512 237
758 4459 957 4527 -334),
976 4458 1072 4510 sed
1100 4473 1133 4509 a
1161 4460 1200 4510 U
1218 4457 1256 4509 h
1275 4456 1340 4510 if
1389 4457 1454 4510 10
1474 4461 1499 4508 ὓ
1524 4455 1745 4526 Vigflio
1801 4468 1908 4522 aut
1943 4465 2438 4523 inundationibus
2489 4481 2778 4538 aquarum
2821 4462 3078 4531 insolita,

463 4527 717 4597 tapsensi
766 4530 1113 4582 asseruntur.
1190 4527 1270 4583 Cf.
1337 4527 1380 4579 F
1396 4544 1427 4579 a
1448 4529 1483 4581 b
1500 4528 1644 4581 rici
1664 4546 1702 4580 u
1720 4545 1745 4580 s
1802 4556 1908 4611 aut
1927 4553 2345 4629 emptionibus
2367 4554 2598 4630 ignium
2618 4551 2954 4622 metuenda,
2977 4555 3083 4609 aut

466 4599 600 4651 bibl.
626 4600 728 4653 lat.
754 4600 900 4653 med.
925 4603 1035 4653 act.
1071 4600 1139 4660 ΙΙ,
1171 4606 1276 4655 318
1299 4616 1402 4656 sa:
1437 4598 1473 4651 S
1492 4602 1601 4651 tre
1620 4601 1746 4653 ber
1804 4642 1815 4654 .
1887 4643 1897 4654 .
2204 4643 2217 4654 .
2533 4642 2544 4654 .
2917 4641 2929 4652 .

463 4669 575 4721 KL.
598 4669 693 4733 v1‚
722 4675 856 4729 572;
898 4670 939 4722 F
956 4670 977 4722 ι
994 4670 1077 4723 ok
1095 4687 1167 4723 er
1206 4668 1445 4724 Studien
1491 4686 1561 4723 zu
1589 4670 1745 4740 vigi·
1801 4642 2019 4701 ¹01¹b¹²³
2050 4642 2369 4702 fulmmum
2389 4643 2700 4721 P1⁸81⁸q¹²0
2721 4640 3080 4718 grandmum

466 4741 691 4794 liusvon
719 4741 954 4809 Tapsus,
981 4741 1217 4809 Leipzig
1248 4744 1384 4796 1897
1409 4760 1466 4810 p.
1492 4747 1561 4798 46
1586 4759 1656 4795 ss.
1803 4750 1991 4802 saeva,
2024 4733 2120 4794 vel
2150 4732 2329 4790 etiam
2359 4731 2693 4807 parricidiis
2723 4729 3081 4807 flagitiisque
