3505 5161
1568 1485 1798 1584 VII.

843 1665 1397 1804 Scriptores
1464 1665 2116 1777 ecclesiastici
2167 1664 2481 1776 seculi
2533 1664 2638 1776 V.

1093 1863 1313 1961 Pars
1378 1862 1672 1961 altera
1714 1864 2302 1981 (431—500).

481 2271 622 2326 186.
661 2261 866 2320 Altera
909 2262 1017 2320 hac
1061 2261 1246 2321 seculi
1288 2260 1528 2336 periodo
1559 2261 1668 2321 Ec·
1726 2260 1867 2338 gine
1916 2260 2284 2336 Aquitanas,
2347 2259 2552 2319 ordine
2602 2259 2806 2327 laicus.
2869 2279 3006 2319 nam

383 2351 623 2411 clesiam
673 2349 1096 2410 occidentalem
1154 2349 1428 2409 nonnihil
1476 2348 1669 2409 adhuc
1727 2368 1922 2410 sacros
1951 2366 2076 2408 non
2113 2350 2354 2409 videtur
2385 2349 2715 2424 suscepisse
2745 2349 3005 2425 ordines,

384 2440 711 2500 turbarunt
769 2439 1223 2517 Pelagianorum
1287 2438 1576 2513 reliquiae
1629 2439 1668 2498 i.
1725 2439 2088 2515 professione
2148 2438 2300 2498 forte
2349 2438 2672 2498 monachus
2735 2456 2838 2498 seu
2902 2439 3008 2514 qui

382 2548 433 2589 e.
482 2527 1127 2606 semipelagiani,
1177 2527 1479 2588 Orientem
1529 2545 1669 2588 vero
1724 2527 2074 2589 renunciate
2105 2532 2302 2588 seculo
2332 2527 2520 2587 vitam
2551 2526 2804 2605 degebat
2847 2545 3009 2587 asce-

384 2638 565 2694 quam
626 2619 881 2678 maxime
930 2620 1383 2677 commoverunt
1432 2620 1669 2678 contro·
1724 2618 1923 2678 ticam.
1986 2617 2309 2694 Nunquam
2358 2617 2591 2676 viderat
2635 2635 2683 2680 s.
2713 2617 3008 2694 Augusti-

382 2708 608 2768 versiae
626 2707 1074 2785 christologicae
1102 2725 1209 2767 seu
1238 2706 1505 2766 haereses
1537 2725 1667 2766 ne·
1726 2726 1891 2778 num,
1925 2705 2030 2766 sed
2061 2706 2390 2765 fidissimus
2409 2705 2594 2781 hujus
2615 2706 2767 2765 circa
2783 2707 3009 2784 gratiae

385 2797 746 2856 storiana
775 2799 838 2855 et
865 2795 1519 2872 monophysitica.
1568 2796 1667 2854 In·
1727 2795 2060 2855 doctrinm
2103 2794 2435 2870 discipulus
2483 2797 2543 2853 et
2587 2794 2837 2864 fervens,
2885 2795 3009 2853 elo-

385 2887 670 2963 cipiamus
701 2885 776 2945 ab
807 2884 904 2960 iis,
936 2885 1043 2960 qui
1072 2885 1137 2944 in
1167 2883 1536 2946 debellandis
1556 2885 1667 2943 Pe·
1724 2903 1935 2961 quens,
2003 2902 2180 2961 sagax
2230 2902 2369 2959 prae
2420 2882 2632 2959 primis
2680 2883 3010 2960 apologeta.

381 2975 753 3052 lagianorum
781 2973 1057 3050 reliquiis
1090 2975 1234 3032 sunt
1262 2973 1502 3033 versati.
1548 2973 1669 3033 Ho-
1726 2974 1910 3033 Plura
1939 2973 2100 3032 hunc
2143 2973 2208 3031 in
2252 2971 2428 3030 finem
2462 2971 2797 3048 composuit
2827 2989 3008 3048 opus-

380 3082 517 3123 rum
535 3063 727 3123 veluti
748 3063 867 3122 dux
899 3064 993 3121 est
1023 3080 1071 3121 s.
1103 3063 1437 3138 Prosper
1462 3056 1511 3143 ¹)
1545 3062 1663 3121 ori-
1724 3063 1860 3122 cula
1888 3061 1963 3121 ad
1994 3061 2277 3120 tuendam
2312 3060 2454 3131 scil„
2494 3060 2917 3120 illustrandam
2948 3063 3009 3119 et

458 3273 498 3341 ¹)
525 3267 691 3323 Alius
715 3269 790 3323 ab
815 3283 880 3322 eo
909 3269 996 3322 est
1011 3268 1181 3337 juxta
1210 3266 1358 3321 Hist.
1395 3265 1485 3320 lit.
1510 3265 1582 3320 de
1607 3265 1667 3320 la
1724 3266 1808 3322 cf.
1859 3266 1911 3320 H
1929 3266 2048 3322 old
2065 3282 2095 3320 e
2111 3284 2171 3318 r·
2189 3265 2234 3318 E
2250 3285 2288 3336 g
2304 3285 2342 3336 g
2359 3282 2431 3318 er
2480 3264 2819 3318 Untcrsuch.
2871 3265 3011 3318 iiber

381 3339 472 3397 Fr.
499 3341 569 3405 11,
608 3347 713 3397 325
740 3358 783 3394 s.
831 3339 1073 3410 Prosper
1112 3338 1157 3392 T
1172 3356 1209 3408 y
1225 3355 1254 3391 r
1269 3356 1302 3393 o
1349 3337 1524 3410 (Tiro)
1566 3354 1666 3392 seu
1724 3337 1915 3409 einige
1930 3337 2298 3392 analistische
2316 3335 2556 3402 Quellen
2571 3353 2672 3390 zur
2689 3334 2890 3391 Gesch.
2910 3335 3011 3389 des

380 3412 529 3481 Tyro
556 3411 798 3482 Prosper
823 3413 1017 3466 nostro
1043 3408 1304 3478 aequalis
1348 3413 1407 3464 et
1430 3408 1666 3464 natione
1725 3420 1774 3467 5.
1801 3410 1922 3464 und
1951 3416 2000 3467 6.
2025 3409 2226 3463 Jahrb.
2277 3408 2468 3463 Neues
2506 3405 2721 3461 Archiv
2763 3406 2862 3461 der
2907 3405 3009 3461 Ge·

382 3482 602 3548 Gallus,
647 3482 792 3537 forte
842 3484 900 3536 et
938 3480 1160 3552 origine
1186 3480 1534 3549 Aquitanus‚
1560 3479 1667 3543 vir,
1722 3481 1942 3537 sellsch.
1986 3480 2079 3534 ffir
2121 3481 2296 3534 altere
2340 3480 2613 3534 deutsche
2654 3477 3011 3533 Geschichts-

382 3558 450 3609 ut
472 3553 721 3619 videtur,
763 3552 1006 3610 illustria
1048 3551 1397 3618 conditione,
1423 3551 1665 3617 divitiis,
1721 3552 1938 3616 kunde,
1965 3552 2276 3606 Hannover
2295 3556 2449 3608 1876.
2466 3551 2508 3616 Ι,
2528 3555 2805 3610 13-120;
2832 3555 3010 3606 213-

379 3624 735 3690 muneribus,
760 3625 928 3695 cujus
952 3626 1144 3679 exstat
1167 3624 1476 3695 pulchrum
1513 3625 1574 3677 et
1596 3621 1665 3676 si·
1722 3630 1845 3690 3683
1871 3623 2019 3677 Hist.
2045 3623 2130 3679 lit.
2159 3622 2229 3677 de
2255 3626 2311 3678 la
2329 3622 2418 3675 Fr.
2435 3623 2504 3685 ΙΙ,
2521 3627 2786 3682 325-28;
2814 3621 2857 3675 Ρ
2874 3638 2906 3676 o
2925 3625 2950 3674 t
2966 3625 3008 3674 t-

378 3697 501 3751 mul
525 3696 691 3768 pium
712 3704 900 3821 {sema
925 3699 1164 3765 conjuqe's
1186 3700 1260 3750 ad
1278 3714 1503 3751 uoeorem
1531 3697 1596 3766 (c.
1614 3711 1666 3748 a.
1721 3695 1813 3748 ha
1829 3698 1898 3749 st
1920 3713 1975 3765 p.
2005 3697 2137 3756 271:
2179 3693 2354 3749 Ebert
2378 3693 2403 3746 1
2429 3693 2467 3748 1.
2510 3699 2544 3748 3
2571 3711 2617 3748 c.
2661 3700 2742 3751 13.
2794 3693 3009 3747 Verum

380 3771 506 3840 407)
531 3766 689 3850 apud
788 3766 919 3838 ign
935 3783 964 3821 e
990 3767 1052 3821 P.
1078 3765 1139 3822 L.
1165 3771 1467 3830 611-616,
1509 3765 1665 3834 quod
1714 3766 1886 3836 juxta
1914 3765 2066 3820 viros
2095 3765 2352 3821 eruditos
2377 3764 2721 3820 recentiores
2741 3763 2837 3820 hic
2853 3764 3010 3818 Pros-

379 3841 455 3895 ab
491 3838 624 3894 aliis
667 3839 954 3893 tributum
1000 3838 1134 3893 olim
1179 3837 1297 3892 fuit
1339 3836 1664 3892 Paulino
1720 3853 1824 3908 per
1850 3835 1985 3891 Tiro
2027 3836 2259 3891 videtur
2298 3838 2499 3891 auctor
2544 3836 2711 3891 fictus
2744 3839 2804 3891 et
2839 3837 3010 3904 juxta

380 3907 606 3966 Nolano
628 3911 719 3964 vel
743 3928 787 3965 s.
814 3910 857 3964 Ρ
872 3927 901 3963 r
918 3925 950 3964 o
968 3927 993 3963 s
1009 3930 1045 3980 p
1062 3926 1092 3964 e
1107 3927 1136 3962 r
1151 3925 1185 3963 o
1211 3911 1422 3964 nostro.
1450 3906 1666 3977 Tyroui
1719 3907 1948 3976 aliquot
2007 3907 2132 3962 cod.
2193 3909 2384 3963 noster
2433 3907 2876 3976 cognominatus
2926 3909 3013 3960 est

378 3998 445 4036 ex
471 3981 795 4037 rationibus
818 3981 1044 4036 levibus
1088 3979 1361 4035 tribuunt
1397 3978 1663 4034 nonnulli
1721 3979 1912 4033 Tiro.
1940 4012 2008 4021 —
2035 3978 2138 4032 Est
2180 3981 2240 4032 et
2279 3979 2428 4034 alius
2461 3978 2550 4031 Pr
2571 3995 2602 4031 o
2620 3995 2699 4060 sp
2716 3994 2789 4031 er
2832 3995 3008 4046 quon-

377 4057 663 4110 chronicon
709 4053 785 4108 ab
833 4068 883 4110 a.
929 4056 1211 4111 378—455
1262 4050 1532 4124 (Migne
1576 4051 1664 4115 LI,
1721 4050 1855 4104 dam
1906 4049 2295 4114 Manichacus,
2342 4048 2444 4118 qui
2507 4048 2706 4103 floruit
2765 4051 3008 4102 exeunte

376 4127 700 4197 859-866),
745 4122 902 4193 quod
947 4123 1087 4192 quia
1134 4140 1314 4178 annos
1357 4140 1474 4178 non
1493 4123 1665 4192 juxta
1721 4138 1829 4177 sec.
1859 4120 1924 4175 V.
1952 4124 2011 4175 et
2035 4121 2199 4191 cujus
2219 4123 2650 4175 anathematismo·
2667 4120 2796 4173 XXI
2810 4121 3009 4174 contra

378 4198 640 4251 consules
665 4197 947 4260 numerat,
976 4195 1074 4249 sed
1093 4195 1265 4265 juxta
1290 4193 1371 4248 im
1416 4196 1664 4250 eratores
1722 4191 2193 4248 Manichaeorum
2222 4208 2436 4246 errores
2463 4189 2606 4245 editi
2651 4193 2788 4245 sunt
2811 4206 2844 4243 a
2873 4188 3010 4243 Sir-

377 4271 661 4323 ehrom‘con
705 4270 982 4337 imperiale
1031 4274 1287 4320 vocatur.
1411 4269 1466 4320 st
1514 4264 1663 4319 illud
1722 4284 1778 4319 m
1794 4281 1826 4318 o
1844 4282 1882 4317 n
1900 4264 1937 4318 d
1953 4280 1987 4318 o
2012 4267 2054 4320 t.
2080 4264 2122 4317 1.
2148 4279 2305 4318 conc.
2333 4260 2585 4322 Galliae:
2610 4261 2654 4315 L
2670 4277 2705 4315 a
2723 4263 2759 4316 b
2775 4262 2854 4316 be
2880 4260 3008 4315 coll.

378 4339 544 4395 valde
568 4339 872 4395 confusum
897 4339 1415 4409 perturbatumque
1436 4340 1496 4391 et
1513 4353 1663 4392 men·
1720 4352 1906 4396 conc.;
1932 4337 1973 4389 t.
2000 4335 2078 4389 IV
2096 4355 2109 4396 ;
2136 4334 2189 4388 H
2204 4351 2238 4388 a
2254 4351 2281 4387 r
2296 4334 2334 4387 d
2352 4350 2385 4389 o
2400 4332 2529 4388 uin
2558 4334 2597 4385 t.
2626 4333 2678 4385 11
2697 4354 2708 4392 ;
2760 4331 2816 4384 M
2832 4331 2854 4384 i
2868 4350 2907 4402 g
2923 4349 2960 4383 n
2979 4348 3008 4384 e

377 4409 467 4464 dis
490 4410 552 4464 in
578 4412 794 4465 rectam
821 4408 1095 4463 chronolo
1141 4407 1153 4420 ⁸
1196 4425 1227 4463 e
1271 4407 1557 4463 rationem
1582 4423 1665 4461 re·
1721 4407 1817 4461 LX
1828 4409 1888 4471 V,
1916 4412 2144 4465 23—29.
2194 4405 2509 4475 Nunquam
2550 4419 2685 4459 vero
2725 4401 3009 4456 exstitisse

376 4481 606 4548 fertum,
633 4481 778 4535 forte
804 4496 839 4534 a
864 4480 1089 4551 Semipe
1116 4479 1326 4551 agiano
1342 4498 1384 4534 s.
1401 4478 1666 4550 Prosperi
1720 4496 1765 4532 s.
1816 4478 1859 4532 Ρ
1875 4496 1904 4532 r
1920 4495 1953 4534 0
1969 4495 2048 4548 sp
2066 4494 2194 4532 eru
2210 4496 2267 4531 1n
2319 4493 2407 4548 ep.
2459 4475 2756 4544 rejensem‚
2808 4492 2848 4527 s.
2896 4476 3010 4527 Au·

376 4552 603 4607 aemulo
644 4568 713 4606 ex
737 4552 914 4622 hujus
953 4551 1222 4605 chronico
1259 4567 1361 4621 per
1392 4550 1665 4605 mutatio·
1720 4550 1956 4620 guetino
1982 4551 2298 4618 aequalem,
2326 4548 2491 4617 cujus
2510 4546 2702 4601 cultus
2721 4545 2860 4599 satis
2887 4545 3009 4598 vul·

378 4640 526 4689 nem,
611 4621 1135 4693 interpolationem,
1198 4621 1665 4676 imminutionem
1720 4624 1891 4692 gatus
1917 4626 2043 4676 erat
2080 4636 2181 4691 per
2221 4619 2500 4689 quasdam
2542 4617 2741 4672 Italiae
2780 4616 3008 4686 provin-

376 4694 733 4750 confectum:
758 4693 895 4747 hinc
920 4694 1135 4748 dicitur
1156 4693 1328 4748 etiam
1353 4693 1666 4749 chronicon
1720 4691 1857 4759 cias,
1882 4694 2092 4763 probat
2131 4691 2187 4744 M
2204 4710 2236 4747 o
2253 4690 2370 4746 rin
2410 4690 2605 4744 Revue
2631 4688 2841 4744 Bened.
2873 4694 3008 4745 1895

377 4771 558 4821 minus
607 4768 698 4821 vel
736 4781 771 4819 a
804 4765 992 4835 primo
1033 4764 1251 4819 editore
1295 4767 1663 4822 Rthoeanum.
1689 4735 1694 4813 Ι
1720 4765 1842 4828 XII,
1871 4766 2175 4820 241—257.
