3505 5161
410 225 451 276 6
463 226 495 277 8
506 225 540 277 9
1416 200 1719 266 Sturmius,
1746 200 2047 271 Egbertus.
2907 221 2941 271 6
2953 219 2987 272 9
2998 223 3031 273 0

419 401 538 457 186
573 410 644 455 ss.
710 391 959 467 Migne
991 410 1047 466 p.
1080 398 1448 455 843—872.
1493 388 1698 448 Poeni·
1751 389 2010 447 billon
2041 388 2200 446 inter
2233 389 2516 448 Analecta
2547 389 2644 458 IV,
2681 400 2805 453 454
2843 408 2941 457 ss„
2973 396 3034 447 et

404 482 640 541 tentiale
672 480 866 556 primo
896 480 1199 557 integrum
1232 479 1390 555 apud
1422 479 1696 538 Binte-
1752 479 1816 537 in
1866 498 1956 553 op.
2009 478 2196 536 Vetus
2247 478 2560 552 disciplina
2607 479 2930 537 monastica
2977 499 3033 553 p.

411 572 553 630 rim
588 567 1197 645 Denkwiirdigkeiten
1230 567 1298 639 V,
1336 578 1392 633 3.
1431 577 1576 632 480.
1610 602 1695 611 —-
1759 577 1961 629 4—-92
1996 568 2248 643 Migne
2282 567 2592 635 LXXXIX;
2635 578 2798 630 1259
2835 585 2912 625 ss.
2945 602 3033 610 —-

411 661 498 718 Ex
530 661 566 718 1.
600 661 669 717 de
699 661 920 717 unitate
948 660 1087 732 fidei
1117 676 1163 719 c.
1196 678 1246 722 a.
1281 668 1312 718 7
1325 668 1404 721 46
1440 658 1534 715 vel
1572 667 1691 720 747
1755 657 1809 717 S.
1831 656 2219 733 Egbertus
2252 653 2629 739 (Ecgbertu8‚
2650 657 3031 725 EckebertuS,

406 749 757 825 composito,
818 752 989 822 cujus
1036 765 1250 822 scopus
1301 748 1427 806 erat
1475 747 1695 805 arctius
1752 744 2064 824 Ecbertus)
2109 746 2274 822 regia
2305 746 2491 821 stirpe
2523 748 2704 816 ortuS,
2751 745 3034 804 Eadberti

412 840 773 913 conjungere
792 836 1139 895 Germaniae
1158 837 1382 894 clerum
1405 855 1538 895 cum
1559 836 1696 894 sede
1752 835 1911 910 regis
1931 833 2394 893 Northumbriae
2426 834 2622 903 frater,
2643 835 3033 909 archiepisco-

413 926 751 1002 apostolica,
786 926 1118 1002 fragmenta
1150 926 1439 1001 quaedam
1461 924 1699 982 exhibet
1754 943 1868 999 pus
1890 923 2258 987 eboracensis
2281 919 2356 1004 (a.
2385 920 2556 1000 73⁶2),
2591 945 2626 982 a
2645 924 2925 999 Gregorio
2947 923 3033 981 111

414 1016 925 1092 Niirnberger
985 1014 1269 1072 Katholik
1339 1023 1524 1076 1881.
1589 1013 1698 1073 VII
1752 1013 1932 1087 pallio
1994 1013 2306 1071 decoratus
2370 1009 2434 1095 (†
2502 1024 2597 1075 19.
2659 1014 2806 1075 Nov.
2861 1008 3033 1094 766),

413 1099 591 1186 (LXI)
637 1113 922 1172 15—283
979 1113 1164 1167 1882.
1197 1105 1242 1175 Ι,
1292 1114 1391 1166 63.
1425 1137 1511 1145 —
1544 1103 1694 1161 Aliis
1755 1102 2023 1160 condidit
2063 1102 2310 1161 Eboraci
2342 1103 2632 1161 celebrem
2673 1103 2928 1161 scholam
2976 1106 3037 1160 et

408 1193 651 1253 omissis
701 1195 1074 1270 Aeniymata,
1125 1193 1253 1251 scil.
1285 1210 1520 1251 carmen
1559 1210 1696 1251 con-
1756 1191 2193 1251 bibliothecam.
2257 1191 2508 1267 Scriptis
2529 1192 2760 1256 celebre
2781 1192 2896 1251 sibi
2929 1211 3035 1250 no-

414 1285 577 1341 stans
608 1281 965 1341 hexametris
999 1290 1145 1352 385,
1185 1300 1304 1358 quo
1336 1282 1698 1358 principales
1754 1299 1891 1338 men
1940 1280 2101 1355 apud
2149 1281 2376 1358 Anglos
2422 1280 2630 1351 effecit,
2680 1281 2838 1356 apud
2888 1300 3036 1357 quos

412 1372 667 1430 virtutes
701 1373 763 1430 et
779 1372 927 1431 vitia
945 1370 1020 1429 ad
1038 1371 1245 1429 vivum
1265 1371 1694 1447 depinguntur,
1755 1368 2102 1440 habebatur,
2136 1373 2207 1428 ut
2239 1370 2572 1441 ,armarium
2597 1371 2866 1429 omnium
2883 1371 3034 1429 libe-

412 1463 715 1537 repertum
769 1480 803 1518 a
850 1461 996 1518 Mai
1054 1463 1116 1518 et
1164 1461 1221 1518 C.
1271 1462 1335 1518 P.
1387 1461 1433 1517 B
1452 1461 1584 1518 ock
1634 1461 1697 1517 in
1751 1458 1965 1517 ralium
1978 1459 2238 1521 artium‘.
2259 1459 2596 1535 Supersunt
2611 1461 2813 1518 tamen
2831 1477 3033 1534 pauca,

413 1550 770 1625 Freiburger
800 1549 1333 1609 Diocesan-Archiv
1371 1558 1557 1612 1868.
1593 1548 1694 1618 ΙΙΙ,
1754 1550 1815 1605 et
1845 1548 2042 1623 plura,
2076 1567 2228 1624 quae
2252 1549 2362 1607 sub
2384 1549 2514 1624 ejus
2533 1548 3036 1607 circumferuntur

420 1647 800 1705 221—-272;
864 1639 929 1696 in
978 1639 1106 1696 Mo.
1158 1642 1364 1714 poetae
1414 1638 1519 1699 lat.
1569 1638 1696 1696 aevi
1751 1636 2009 1709 nomine,
2058 1641 2203 1695 sunt
2241 1638 2336 1697 vel
2367 1637 2549 1695 dubia
2579 1637 2674 1696 vel
2707 1638 3033 1713 supposita.

412 1727 598 1790 Carol.
618 1728 663 1797 Ι,
704 1739 758 1796 1,
796 1736 1041 1795 3-15;
1077 1728 1336 1802 exparte
1356 1727 1419 1785 in
1443 1728 1696 1804 Migne
1751 1725 2141 1784 Concinnavit
2172 1744 2466 1786 summam
2495 1745 2771 1803 magnam
2808 1727 3037 1801 dejure

414 1816 713 1886 LXXXIX,
752 1826 1132 1885 887—8923
1166 1817 1238 1875 cf.
1258 1817 1362 1879 Ph.
1383 1817 1456 1875 H.
1492 1817 1696 1874 Kiilb
1751 1815 2112 1891 sacerdotali,
2148 1817 2321 1891 cujus
2346 1815 2678 1891 fragmenta
2708 1818 3036 1888 supersunt

414 1906 794 1966 Sammtliche
826 1905 1124 1964 Schristen
1170 1906 1273 1964 des
1317 1906 1371 1966 h.
1405 1907 1470 1964 B.
1517 1905 1692 1963 iiber-
1755 1903 1819 1961 in
1839 1904 2291 1963 collectionibus
2311 1894 2713 1975 conciliorum,
2735 1905 3034 1981 epitomen

412 1997 562 2053 setzt
591 1994 718 2053 und
736 1994 1042 2064 erlautert‚
1079 1994 1468 2070 Regensburg
1498 2004 1657 2057 1857
1681 2016 1693 2064 ;
1751 2011 1892 2051 vero
1927 1993 2141 2051 alienis
2173 1993 2595 2052 additamentis
2628 1997 2858 2052 auctam
2894 2011 3034 2052 con-

413 2084 650 2142 Ebert
680 2084 777 2141 11.
815 2093 850 2146 3
886 2102 932 2143 6.
969 2093 1068 2147 38.
1751 2082 1890 2140 fecit
1922 2082 2182 2140 Hukar
2213 2083 2492 2142 diaconus
2525 2102 2574 2144 a.
2618 2091 2781 2146 1040
2824 2083 3036 2140 inscri-

1754 2173 1916 2246 ptam
1966 2171 2382 2245 Excerptiones
2433 2166 2620 2254 (153)
2666 2190 2698 2229 e
2749 2172 2924 2230 dictis
2976 2175 3037 2230 et

535 2271 679 2325 378.
731 2263 785 2320 S.
835 2262 1136 2321 Bonifatio
1185 2262 1460 2320 addimus
1510 2262 1697 2319 fidum
1752 2259 2080 2318 canonibus
2158 2279 2233 2319 ss.
2302 2262 2413 2322 ΡΡ.
2474 2260 2634 2336 apud
2696 2261 3034 2319 Wilkins

412 2352 543 2426 ejus
576 2351 940 2425 discipulum
986 2354 1047 2409 et
1093 2351 1366 2409 laborum
1412 2350 1693 2425 apostoli·
1752 2350 1923 2410 Cone.
1942 2349 1984 2416 1,
2031 2360 2404 2417 101-112;
2439 2350 2682 2408 Mansi
2714 2350 2839 2420 XII,
2877 2360 3035 2413 411-

410 2458 615 2499 corum
648 2440 873 2498 socium
907 2459 951 2498 s.
986 2440 1410 2499 Sturmium
1444 2438 1693 2521 (Sturm‚
1752 2448 1911 2506 4313
1983 2439 2236 2515 Migne
2294 2438 2595 2507 LXXXIX,
2664 2448 3032 2509 379—401‚

414 2528 697 2598 sturmio,
742 2523 994 2610 Sturmi)
1030 2529 1319 2599 noricum,
1362 2548 1540 2606 quem
1572 2528 1695 2606 pri·
1750 2546 1902 2602 quae
1926 2527 2037 2585 sub
2058 2527 2104 2586 E
2120 2547 2160 2606 g
2175 2528 2214 2586 b
2229 2546 2260 2588 e
2277 2526 2382 2586 rti
2413 2528 2648 2587 nomine
2666 2528 3034 2604 prodierunt.
3110 2536 3132 2547 '

412 2638 576 2677 mum
627 2619 939 2677 constituit
997 2618 1343 2677 monasterii
1405 2618 1695 2677 fuldensis
1751 2616 2265 2676 —Poenitentiaze
2295 2619 2417 2680 11.4
2438 2621 2712 2676 constans
2747 2614 2852 2699 (ib.
2876 2628 3034 2681 401-

413 2708 823 2767 institutorem
844 2712 906 2766 et
926 2708 1217 2770 abbatem.
1267 2708 1420 2767 Hinc
1439 2709 1503 2766 in
1524 2708 1696 2765 Italia
1756 2702 1909 2783 431)
1981 2709 2358 2781 suppositum
2423 2710 2718 2781 censetur,
2783 2726 2920 2764 nam
2971 2708 3033 2765 ll.

414 2796 490 2854 ad
520 2796 831 2856 invisenda
863 2796 927 2855 Ο.
963 2797 1019 2860 S.
1051 2798 1193 2857 Ben.
1226 2798 1599 2868 monasteria,
1631 2796 1695 2854 in
1759 2805 1925 2856 l—-3
1978 2794 2232 2853 derivati
2283 2798 2427 2853 sunt
2474 2814 2544 2853 ex
2593 2795 3034 2872 Halitgarii

410 2885 622 2961 primis
667 2886 972 2944 Cassinum
1006 2886 1309 2961 profectus
1342 2890 1449 2955 est,
1502 2888 1572 2943 ut
1603 2904 1694 2943 re·
1754 2879 1818 2965 (†
1853 2879 2007 2963 831)
2041 2902 2135 2957 op.
2166 2884 2238 2943 de
2270 2884 2435 2942 vitiis
2467 2888 2528 2941 et
2558 2884 2901 2947 virtutibus.
2942 2885 3036 2942 Ita

411 2976 617 3051 gulam
679 2992 724 3037 s.
776 2975 1083 3034 Benedicti
1131 2975 1696 3050 observationesque
1754 2975 1814 3031 et
1845 2973 1882 3028 l.
1931 2974 1999 3029 de
2033 2974 2305 3030 remediis
2323 2979 2698 3046 peccatorum
2733 2968 2838 3054 (ib.
2875 2983 3034 3036 443-

410 3063 765 3122 monasticas
798 3064 988 3122 veluti
1033 3064 1096 3121 in
1142 3064 1305 3122 fonte
1349 3063 1692 3122 addisceret.
1755 3054 1909 3141 454)
1942 3062 2285 3136 suppositus
2309 3062 2632 3136 judicatur.
2679 3062 2863 3121 Aliud
2895 3061 3034 3120 Poe-

417 3151 934 3211 Florentissimum
986 3152 1249 3211 reddidit
1293 3152 1446 3210 illud
1491 3170 1694 3210 mona·
1750 3151 2060 3226 nitentiale,
2096 3151 2258 3224 quod
2289 3170 2324 3209 a
2343 3151 2507 3208 Was
2526 3151 3035 3209 serschleben

413 3239 668 3300 sterium
700 3245 761 3297 et
792 3241 1067 3312 scholam,
1116 3261 1297 3317 quam
1342 3241 1405 3298 in
1450 3261 1518 3300 eo
1557 3260 1694 3316 ape·
1751 3238 1861 3296 Die
1883 3239 2397 3316 Bussordnungen
2417 3242 2526 3297 etc.
2547 3239 2874 3316 genuinum
2897 3258 3034 3299 cen-

413 3330 555 3399 ruit,
621 3329 765 3388 adeo
814 3332 887 3388 ut
933 3330 1102 3390 brevi
1152 3335 1496 3388 numeraret
1543 3331 1696 3388 circa
1751 3330 1934 3396 setur,
1969 3329 2308 3403 compilatio
2329 3328 2551 3387 dicitur
2568 3328 2882 3405 indigesta,
2915 3330 3035 3406 Eg-

416 3429 542 3482 400
566 3419 897 3478 monachos.
939 3419 1104 3478 Obiit
1125 3419 1424 3477 Sturmius
1449 3420 1692 3482 17.Dec.
1749 3417 1920 3475 berto
1972 3417 2219 3494 indigna
2269 3435 2380 3476 sec.
2430 3417 2668 3476 nonnisi
2721 3418 2817 3475 IX.
2860 3420 3034 3493 juxta

418 3517 542 3570 ’776
578 3510 640 3566 et
670 3507 742 3566 ab
774 3508 1120 3567 Innocentio
1153 3507 1226 3566 11.
1261 3508 1324 3567 in
1355 3527 1512 3566 conc.
1546 3509 1693 3566 late·
1752 3505 2119 3575 Schmitz,
2183 3506 2289 3582 qui
2352 3506 2504 3564 illud
2553 3507 2793 3565 exhibet
2841 3509 3028 3566 Buss-

412 3596 652 3655 ranensi
692 3605 856 3660 1139
904 3598 1063 3656 inter
1110 3601 1346 3656 sanctos
1391 3598 1512 3655 fuit
1541 3597 1692 3655 rela-
1752 3630 2070 3636 ——W-vu

407 3688 514 3743 tus
530 3683 597 3767 ¹).
642 3684 909 3760 Reliquit
946 3687 1396 3745 Consuetudines
1427 3689 1695 3762 antiquas
1832 3698 1867 3765 ¹)
1896 3697 1944 3746 A
1965 3694 2095 3749 bed
2113 3711 2190 3748 oc
2231 3695 2471 3749 clericus
2509 3695 2783 3750 hibernus
2824 3697 2915 3749 vel
2942 3713 3035 3765 po-

412 3774 908 3833 monggterjorum
940 3775 1005 3837 0,
1039 3775 1090 3834 S,
1130 3777 1288 3844 fleu„
1334 3776 1424 3837 ed,
1471 3796 1505 3834 a
1541 3776 1600 3832 M
1618 3796 1693 3833 a-
1754 3765 1871 3820 tius
1898 3766 2135 3819 Haelh
2156 3783 2288 3821 uca
2328 3767 2452 3836 ejus
2476 3767 2652 3820 abbas
2690 3768 2797 3822 hoc
2827 3766 3034 3831 seculo,

1751 3840 1821 3890 ut
1847 3837 2092 3900 videtur,
2118 3856 2342 3892 canones
2382 3837 2629 3906 collegit,
2673 3855 2816 3906 quos
2843 3856 2912 3892 ss.
2940 3854 3035 3908 pa-

1752 3912 1867 3962 tres
1894 3912 1950 3961 et
1976 3908 2181 3976 synodi
2201 3908 2262 3961 in
2279 3909 2518 3963 diversis
2533 3909 2804 3978 gentibus
2822 3911 2910 3964 vel
2930 3909 3036 3962 lin·

408 3980 656 4036 schriftl.
706 3978 1173 4048 Ueberlieferung
1216 3980 1316 4034 der
1341 3980 1551 4034 Werke
1597 3980 1696 4034 des
1795 3980 1882 4033 uis
1909 3982 2235 4034 sanxerunt.
2288 3980 2371 4032 Ex
2410 3981 2518 4033 hac
2557 3981 2887 4036 collectione
2929 3997 3033 4037 sec.

411 4051 483 4106 H.
508 4051 572 4104 B.
599 4050 660 4106 in
688 4052 875 4105 Neues
916 4052 1085 4104 Arch.
1126 4045 1226 4105 der
1252 4051 1558 4106 Gesellsch.
1604 4053 1696 4104 fiir
1807 4052 1901 4104 [ΙΙ.
1929 4051 1991 4104 111
2019 4051 2076 4104 11.
2107 4050 2256 4103 LXV
2295 4051 2519 4120 digesta
2545 4052 2801 4132 capitula
2829 4053 3037 4105 selecta

408 4125 585 4179 altere
637 4122 908 4176 deutsche
962 4122 1493 4176 Geschichtskunde
1543 4130 1694 4179 1888.
1754 4121 2018 4192 vulgavit
2039 4121 2085 4175 D
2103 4140 2136 4174 a
2153 4138 2182 4174 c
2199 4122 2237 4175 h
2254 4139 2282 4175 e
2299 4140 2327 4174 r
2342 4121 2362 4174 i
2379 4140 2417 4175 u
2436 4141 2460 4174 s
2487 4121 2680 4191 Spicil.
2698 4122 2802 4174 ΡΡ.
2824 4122 2914 4186 ΙΧ,
2932 4127 3035 4178 232

408 4193 557 4248 VIII.
598 4199 648 4248 2.
690 4198 1003 4254 299—3‘25;
1043 4199 1172 4248 1889
1212 4194 1360 4256 XIV,
1418 4201 1698 4251 111—134
1751 4195 1841 4266 (ed
1871 4194 1939 4246 11.
1966 4195 2007 4257 I,
2034 4195 2190 4264 492);
2217 4193 2586 4247 nonnullaab
2603 4210 2667 4246 eo
2684 4193 2890 4247 omissa
2908 4211 3036 4263 sup-

409 4267 471 4318 et
493 4264 642 4319 alius
669 4264 921 4332 ejusdem
947 4265 1078 4318 diss.
1791 4265 1934 4319 levit
1995 4264 2056 4317 iu
2121 4265 2262 4318 thes.
2327 4264 2524 4317 anecd.
2577 4263 2650 4317 IV
2673 4287 2683 4317 :
2747 4280 2811 4316 ea
2861 4265 3038 4318 habes

494 4341 529 4404 ι)
571 4337 738 4390 Vitam
765 4337 888 4406 ejus
918 4338 1056 4390 bene
1072 4337 1131 4390 et
1143 4351 1377 4391 amoene
1394 4335 1698 4404 descripsit
1750 4285 1807 4388 ᾗ
1825 4336 1847 4390 1
1864 4356 1902 4407 g
1920 4354 1956 4388 n
1973 4353 2001 4390 e
2029 4335 2222 4400 XCVI,
2253 4340 2619 4391 1281—13253.
2650 4336 2714 4387 In
2741 4335 2813 4388 iis
2839 4337 3034 4388 tamen

408 4405 499 4459 Ei
566 4405 714 4461 iliu
732 4425 773 4466 s.
814 4407 885 4460 de
924 4424 1039 4476 quo
1078 4406 1246 4460 infra.
1298 4406 1379 4460 Cf.
1422 4407 1566 4460 Hist.
1608 4406 1693 4460 lit.
1751 4410 1989 4462 obscura
2017 4408 2200 4461 multa
2227 4408 2534 4460 occurrunt
2559 4406 2650 4459 vel
2677 4406 2830 4474 quod
2847 4407 2920 4460 ab
2940 4407 3035 4459 ho-

412 4478 484 4531 de
534 4494 568 4530 a
596 4477 684 4531 Fr.
712 4478 806 4542 IV,
857 4485 953 4534 161
984 4496 1056 4538 s.;
1097 4478 1147 4532 Κ
1165 4479 1258 4532 1111
1276 4480 1293 4532 1
1312 4496 1470 4535 man
1488 4497 1543 4542 n,
1584 4478 1697 4532 Der
1751 4481 1904 4532 mine
1931 4479 1951 4531 i
1995 4496 2133 4532 naro
2160 4478 2444 4547 descripta
2465 4477 2596 4541 sint,
2623 4480 2716 4532 vel
2741 4478 2895 4546 quod
2922 4494 3037 4530 ma-

408 4549 491 4602 hl.
518 4549 734 4603 Sturmi
761 4549 1022 4604 Grssnder
1062 4550 1272 4603 Fuldas
1311 4550 1431 4603 und
1460 4552 1507 4603 A
1553 4552 1696 4605 ostel
1749 4550 1900 4604 xime
1983 4548 2381 4604 ibernensibus
2407 4549 2724 4603 obscuritas
2763 4548 2838 4602 sit
2877 4549 3039 4602 velut

410 4619 575 4673 West
616 4622 832 4685 balens,
860 4620 1188 4676 Paderborn
1218 4628 1356 4678 1890
1384 4624 1443 4674 et
1468 4622 1513 4674 K
1565 4661 1577 4674 .
1599 4622 1693 4686 XI,
1749 4623 1968 4682 innata,
1997 4621 2086 4675 uti
2103 4622 2379 4692 opuscula
2400 4625 2456 4673 et
2475 4637 2720 4674 canones
2741 4639 2782 4674 s.
2801 4619 3036 4673 Patricii

404 4696 545 4752 919;
574 4640 857 4760 Kayser
883 4691 995 4746 Der
1019 4694 1074 4747 h.
1104 4692 1339 4757 Sturmi,
1367 4692 1691 4746 Paderborn
1749 4694 2007 4761 aliosque
2052 4693 2206 4746 inter
2247 4710 2403 4748 conc.
2445 4692 2778 4746 Britanniae
2820 4691 3038 4762 legenti

418 4769 555 4819 1866
575 4784 587 4822 ς
614 4763 658 4817 P
674 4780 706 4816 o
725 4765 751 4817 t
765 4764 843 4818 th
861 4781 893 4816 a
912 4782 936 4817 s
952 4767 977 4817 t
1007 4772 1157 4821 1585.
1752 4765 1989 4835 patebit.
