3505 5161
402 229 437 281 9
448 229 517 281 21
1176 258 1180 262 Α
1421 214 1574 268 Adso
1602 214 1991 270 Luxovieusis.
2882 238 2959 291 92
2971 237 3008 291 2

395 418 430 456 a
459 397 781 457 canonibus
813 416 903 473 ap.
934 416 1126 473 usque
1157 399 1231 458 ad
1263 417 1417 462 conc.
1443 401 1674 459 Trulla-
1728 401 1957 475 positae
1990 406 2134 461 sunt
2165 404 2306 461 stilo
2347 422 2452 479 pro
2485 404 2586 463 illo
2617 408 2884 480 tempore
2917 424 3010 465 sa-

393 506 529 545 nam
560 486 626 545 in
657 486 696 545 J
712 487 997 546 ustelli
1027 487 1391 548 bibliotheca
1401 490 1557 566 juris
1579 508 1673 548 ca-
1728 490 1810 547 tis
1842 509 1993 565 puro
2026 494 2088 550 et
2105 492 2279 560 clarc,
2304 493 2405 552 sed
2424 493 2592 552 deest
2610 494 2698 552 eis
2711 494 3010 569 judicium

393 575 590 635 nonici
618 576 837 634 veteris
868 576 945 647 11,
983 586 1127 639 710.
1176 578 1337 636 Num
1369 579 1562 654 ipsius
1594 579 1674 637 sit
1727 579 2019 639 criticum.
2052 580 2210 640 Haec
2240 581 2507 654 ejusdem
2540 600 2746 657 opera:
2780 578 2878 642 De
2895 601 3008 643 au-

398 664 877 743 maronoyraphia
908 684 1016 724 seu
1036 666 1361 726 Chronioon
1386 686 1453 727 ex
1477 668 1669 727 diver·
1726 662 2021 740 tichristO,
2068 670 2422 745 opusculum
2454 671 2699 742 celebre,
2745 673 3008 733 multum

392 754 473 814 sis
504 754 707 813 decem
739 754 1037 814 historicis
1068 757 1382 817 collectum
1419 757 1494 815 ab
1540 776 1591 816 0.
1626 776 1671 816 c.
1727 758 2063 817 lectitatum
2101 762 2162 817 et
2193 759 2462 830 citatum,
2512 759 2651 818 hinc
2682 760 2862 820 variis
2893 763 3004 820 tri-

396 876 473 890 -—
514 853 638 907 963
673 840 1113 925 (continuatum
1157 846 1231 904 ab
1271 862 1565 923 anonymo
1597 846 1672 905 ad
1726 846 1942 906 butum
1975 848 2352 907 auctoribus:
2388 849 2491 907 sed
2524 852 2586 909 et
2605 850 2677 908 ab
2698 850 2832 908 aliis
2865 869 3006 910 auc—

390 952 442 991 a.
480 944 666 1005 1071,
700 951 854 1009 quae
885 934 1272 1006 continuatio,
1321 935 1373 993 si
1413 936 1670 1011 excipias
1725 938 1858 994 tum
1888 940 1949 996 et
1979 937 2428 1012 interpolatum.
2488 938 2807 1013 Reperitur
2846 938 3007 1003 inter

381 1023 660 1099 jejunum
709 1023 1128 1099 fragmentum,
1178 1019 1530 1106 intercidit),
1590 1025 1671 1084 sit
1723 1043 1857 1101 opp.
1876 1044 1921 1083 s.
1955 1027 2390 1103 Augustini
2424 1044 2558 1102 opp.
2575 1026 2674 1098 VI,
2694 1036 3009 1098 243-246;

387 1112 595 1187 ipsius,
662 1115 757 1171 est
824 1110 1156 1195 dubiumss).
1224 1114 1452 1172 Prodiit
1512 1114 1669 1173 inter
1723 1114 1885 1173 inter
1915 1134 2096 1190 opera
2127 1116 2192 1174 B.
2224 1116 2471 1174 Mauri
2503 1115 2599 1186 VI,
2626 1125 3005 1187 277—279;

389 1201 703 1277 scriptores
736 1204 870 1276 post
886 1201 1299 1277 Theophanem
1329 1222 1472 1262 cura
1500 1203 1666 1261 Com·
1721 1204 1958 1278 plenius
1990 1204 2148 1264 inter
2187 1223 2364 1280 opera
2395 1205 2717 1263 Alcuini
2748 1205 2812 1264 in
2843 1207 2907 1265 P.
2939 1206 3000 1264 L.

387 1289 576 1349 befisii
597 1290 686 1349 ed.
707 1291 953 1349 Parisiis
992 1301 1156 1354 1685
1191 1311 1248 1366 p.
1284 1302 1664 1356 401-498:
1721 1292 1977 1369 Migne
2009 1293 2095 1364 01,
2139 1302 2534 1357 1289·1298.
2611 1294 2740 1352 Vna
2769 1315 2814 1353 3.
2848 1296 3004 1355 Fro-

384 1379 450 1437 in
479 1379 908 1439 Im.'.3ekker
938 1380 1324 1455 Theophanes
1356 1382 1664 1440 continua·
1719 1382 1938 1440 (loberii
1984 1382 2075 1441 ab.
2122 1382 2300 1458 primi
2347 1382 2614 1441 cellensis
2666 1379 2728 1464 (†
2758 1401 2806 1445 c.
2842 1380 2999 1465 673)

385 1470 485 1526 tus
514 1472 624 1530 etc.
688 1470 929 1528 Bonnae
968 1478 1134 1533 1838
1178 1490 1235 1545 p.
1280 1480 1662 1541 603—7603
1721 1489 1904 1546 prope
1935 1470 2143 1530 Trecas
2179 1468 2462 1553 (Moutier
2508 1472 2564 1529 la
2594 1470 2797 1551 Cella),
2845 1473 2999 1533 bono

386 1557 638 1634 Migne
671 1557 732 1616 P.
755 1558 821 1619 G.
851 1558 1037 1617 latine
1055 1562 1294 1617 tantum
1314 1560 1472 1618 edita
1488 1560 1661 1629 LVII,
1718 1560 1925 1618 ordine
1958 1561 2306 1636 conscripta,
2341 1561 2403 1619 in
2436 1562 2564 1618 Act.
2599 1560 2695 1621 SS.
2720 1570 2774 1623 8.
2795 1561 2999 1632 Jan.1,

388 1655 770 1716 327-›4063
804 1649 1087 1723 etgraece
1108 1647 1172 1705 P.
1193 1649 1257 1706 G.
1280 1649 1418 1717 CIX,
1446 1659 1663 1711 663-
1723 1658 2102 1717 506-513;
2180 1650 2245 1707 in
2321 1648 2772 1709 Mabillonii
2828 1650 2996 1710 Actis

387 1744 530 1797 822.
604 1736 805 1812 Ipsius
854 1737 1059 1810 potius
1110 1737 1345 1796 videtur
1394 1740 1663 1797 chronica
1719 1736 1818 1799 SS.
1849 1738 1924 1807 11,
1963 1747 2270 1801 626·639.
2319 1771 2402 1781 —
2464 1737 2593 1795 Vita
2625 1756 2669 1798 s.
2707 1738 2998 1798 Mansueti

383 1824 691 1900 byzantina
720 1826 986 1884 nondum
1016 1827 1190 1884 edita.
1539 1858 1542 1862 Δ
1718 1844 1762 1888 s,
1797 1827 1958 1885 Petri
1991 1846 2084 1901 ap.
2119 1827 2397 1903 discipuli
2416 1830 2476 1886 et
2496 1826 2825 1885 Leucorum
2856 1847 2998 1903 apo-

1716 1915 1872 1984 stoli,
1911 1917 2175 1991 ,apertis
2222 1915 2795 1976 contradictionibus
2820 1917 2997 1991 juxta

473 2013 617 2065 509.
652 2003 999 2079 Sequuntur
1030 2004 1135 2078 qni
1180 2004 1252 2063 de
1299 2004 1657 2081 singula·
1714 2005 1845 2062 Act.
1878 2004 1973 2062 SS.
2006 2008 2067 2062 et
2098 2006 2311 2064 crassis
2332 2024 2484 2081 quae
2508 2004 2738 2080 palpari
2772 2008 3000 2079 queant

374 2092 444 2149 ¹ri
460 2092 498 2150 b
517 2110 601 2150 us
680 2092 1047 2167 scripserunt
1122 2094 1363 2152 sanctiS.
1458 2096 1509 2151 A
1527 2096 1562 2151 d
1581 2113 1607 2152 s
1625 2112 1659 2152 o
1713 2092 2016 2169 figmentis
2037 2094 2420 2156 deformata.‘
2456 2125 2543 2136 —
2577 2093 2707 2152 Vita
2726 2112 2771 2152 s.
2793 2094 2995 2153 Basoli

381 2177 539 2259 (Azo,
574 2178 815 2262 Asson),
864 2200 1042 2257 quem
1074 2183 1353 2240 nonnulli
1404 2182 1467 2240 in
1508 2183 1656 2241 duos
1712 2182 2065 2240 confessoris
2116 2179 2178 2263 (†
2212 2178 2386 2264 620),
2439 2201 2548 2242 seu
2596 2201 2747 2257 quae
2777 2182 2999 2242 tradita

378 2269 766 2347 distinguunt
782 2271 1117 2346 scriptores,
1152 2270 1467 2329 ditissimis
1487 2272 1655 2329 nobi·
1703 2271 1830 2345 jam
1892 2275 2064 2329 erant
2123 2291 2192 2329 ex
2254 2272 2636 2345 antiquorum
2691 2273 2993 2342 memoria,

378 2357 657 2435 libusque
686 2359 1039 2434 parentibus
1084 2361 1146 2418 in
1192 2360 1387 2419 seculo
1429 2364 1522 2419 est
1552 2379 1654 2417 na·
1711 2359 2011 2434 copiosius
2057 2360 2284 2430 retulit,
2335 2364 2645 2435 praecepto
2676 2361 2988 2419 venerabi-

374 2448 496 2506 tus.
558 2451 609 2505 A
652 2450 847 2522 prima
867 2449 1190 2523 juventute
1234 2449 1299 2506 in
1342 2450 1565 2524 pietate
1597 2452 1657 2507 et
1710 2448 1831 2506 lum
1863 2452 2101 2524 patrum
2133 2448 2434 2519 inductus,
2465 2451 2537 2507 ut
2567 2449 2694 2524 ipse
2726 2450 2789 2508 in
2820 2468 2990 2526 prae-

374 2536 566 2596 literis
635 2536 956 2597 institutus
1019 2541 1112 2598 est
1172 2538 1236 2597 in
1297 2539 1654 2598 monasterio
1708 2537 1932 2597 satione
1956 2540 2231 2610 testatur,
2254 2538 2410 2615 apud
2443 2538 2822 2597 Mabillon
2841 2542 2995 2599 Acta

374 2627 706 2685 luxoviensi
739 2621 1062 2708 (Luxeuil).
1130 2628 1281 2686 Hinc
1327 2648 1360 2686 a
1407 2629 1653 2686 Gauzlin
1710 2627 1808 2689 SS.
1842 2628 1916 2696 ΙΙ,
1955 2638 2163 2691 67-7
2176 2639 2208 2690 5
2264 2646 2399 2686 cum
2448 2628 2653 2686 libello
2687 2627 2757 2686 de
2788 2632 2985 2687 trans-

373 2716 648 2791 episcopo
681 2716 928 2775 tullensi
963 2720 1206 2775 vocatus
1240 2719 1347 2787 est,
1381 2719 1485 2793 qui
1522 2721 1650 2776 stu·
1708 2717 1930 2774 latione
1961 2720 2024 2775 et
2054 2718 2360 2775 miraculis
2395 2717 2675 2786 S.Basoli,
2707 2716 2787 2774 ib.
2808 2717 2905 2785 IV,
2928 2727 2986 2786 2,

371 2804 470 2863 dia
512 2805 672 2880 apud
718 2824 884 2863 suam
914 2808 1276 2890 restauraret
1308 2807 1649 2865 ecclesiam:
1716 2814 2018 2867 137·142.
2059 2839 2147 2847 —-
2207 2805 2338 2866 Vita
2374 2802 2521 2886 (non
2553 2805 2753 2880 magni
2784 2803 2988 2885 pretii)

367 2893 507 2952 inde
526 2894 763 2952 transiit
795 2894 868 2951 ad
900 2895 1326 2954 monasterium
1348 2896 1650 2958 dervense.
1703 2912 1750 2951 s.
1783 2894 2093 2952 Bercharii
2137 2895 2228 2951 ab.
2276 2893 2717 2954 altivillarensis
2759 2896 2819 2950 et
2850 2892 2985 2952 der-

369 2979 949 3063 (Montier·en·Der),
984 2985 1155 3057 cujus
1178 2984 1397 3043 electus
1430 2989 1519 3043 est
1546 2985 1649 3043 ab·
1705 2982 1906 3041 vensis
1938 2983 2113 3058 primi
2147 2979 2209 3063 (†
2245 2977 2399 3063 865)
2444 2981 2522 3041 ib.
2555 2982 2629 3041 11.
2665 2989 2984 3046 832-843:

366 3072 473 3130 bas
508 3066 691 3153 (968)
723 3074 785 3129 et
819 3074 1030 3148 agente
1060 3072 1339 3132 Brunone
1371 3074 1647 3150 episcopo
1702 3090 2035 3148 anonymus
2081 3090 2193 3129 sec.
2239 3071 2366 3129 XII.
2416 3069 2634 3144 adjecit
2663 3070 2984 3142 miracula;

367 3160 727 3236 lingoniensi
760 3180 808 3218 a.
840 3169 957 3223 981
998 3163 1368 3238 praepositus
1398 3166 1491 3221 est
1522 3182 1644 3222 mo·
1702 3163 1772 3218 de
1821 3162 2123 3220 miraculis
2171 3178 2218 3218 s.
2283 3159 2624 3218 Waldeberli
2668 3159 2761 3222 ab.
2814 3160 2982 3219 luxo-

365 3249 626 3307 nasterio
673 3267 719 3310 s,
765 3250 1023 3326 Benigni
1067 3251 1420 3318 divionensi,
1472 3254 1643 3328 cujus
1700 3251 1926 3308 viensis
1959 3249 2124 3308 tertii
2159 3245 2222 3329 (†
2258 3247 2428 3326 665),
2463 3248 2781 3323 praemissa
2814 3248 2980 3309 brevi

364 3337 683 3414 disciplina
713 3339 859 3397 satis
892 3343 1018 3397 erat
1048 3341 1313 3401 relaxata.
1378 3342 1646 3400 Decessit
1699 3340 1829 3413 ejus
1864 3340 2021 3398 vitae
2053 3337 2310 3413 epitome
2342 3337 2420 3394 ib.
2453 3337 2556 3406 III,
2580 3346 2634 3406 2,
2657 3345 2979 3407 452-4603

363 3429 577 3502 plenus
609 3428 837 3487 meritis
885 3429 944 3486 in
984 3429 1199 3488 itinere
1230 3430 1640 3506 hierosolymi·
1697 3428 1760 3485 in
1794 3431 1922 3488 Act.
1957 3428 2053 3489 SS.
2091 3438 2144 3489 2.
2178 3427 2310 3501 Maj.
2342 3427 2388 3497 1,
2426 3434 2789 3488 277—282.
2823 3426 2984 3484 Haec

362 3520 503 3575 tano
537 3536 585 3578 a.
621 3526 765 3580 992.
815 3518 960 3576 Cum
992 3518 1331 3577 hominibus
1363 3519 1460 3577 sui
1492 3523 1639 3577 tem·
1696 3518 1943 3575 collecta
1962 3517 2140 3575 habes
2154 3516 2218 3574 in
2235 3515 2555 3591 MigneP.
2572 3515 2632 3577 L.
2651 3514 2980 3582 CXXXVII,

361 3606 521 3681 poris
554 3607 924 3682 gravissimis
957 3609 1026 3665 ut
1058 3608 1357 3676 Gerherto,
1393 3608 1639 3666 Abbone
1700 3615 2066 3668 590-700,
2098 3605 2231 3663 Alia
2261 3604 2549 3678 quaedam
2576 3603 2770 3662 adhuc
2789 3604 2843 3662 ei
2869 3603 2980 3663 tri-

360 3694 689 3752 floriacensi
720 3699 830 3753 etc.
851 3694 1252 3755 familiaritate
1285 3699 1638 3771 conjunctus
1692 3694 1981 3764 buuntur,
2014 3693 2087 3753 de
2149 3693 2371 3768 quibus
2421 3693 2491 3751 cf.
2540 3693 2695 3755 Hist.
2741 3692 2831 3751 lit.
2877 3693 2978 3764 VI,

359 3802 558 3842 rerum
620 3784 1145 3843 ecclesiasticarum
1195 3803 1352 3856 cura,
1404 3805 1633 3845 morum
1695 3792 2064 3845 471—492.
2137 3781 2230 3840 Ita
2291 3783 2585 3856 cataloyus
2636 3783 2976 3855 pontificum

357 3872 667 3948 gravitate,
689 3872 1020 3931 eruditione
1052 3877 1111 3931 et
1143 3874 1396 3949 scriptis,
1415 3875 1636 3949 quibus
1691 3873 2020 3930 tullensium
2053 3867 2209 3953 (sine
2241 3870 2433 3945 pretio
2457 3867 2780 3947 historico)
2814 3871 2973 3946 apud

357 3962 710 4035 praesertim
744 3964 1083 4021 sanctorum
1104 3963 1253 4021 vitas
1274 3966 1334 4021 et
1353 3964 1636 4023 miracula
1691 3960 1978 4019 Calmet
2009 3961 2159 4021 Hist.
2193 3959 2398 4017 eccleS.
2432 3963 2492 4016 et
2524 3959 2695 4018 civile
2727 3959 2799 4017 de
2832 3960 2974 4017 Lor-

357 4050 648 4125 exposuit‚
712 4050 775 4108 in
834 4050 1221 4128 Lotharingia
1281 4056 1342 4111 et
1390 4053 1635 4112 Francia
1689 4050 2098 4124 raine,Nancy
2122 4049 2351 4117 17221,
2375 4057 2454 4109 83
2478 4065 2585 4117 ss,;
2623 4047 2974 4123 VicoaApri

356 4138 580 4198 floruit.
643 4139 908 4214 Reliquit
938 4141 1140 4214 plures
1174 4145 1512 4200 sanctorum
1546 4143 1633 4200 vi·
1690 4136 1764 4218 (s.
1797 4138 1974 4216 Evre)
2006 4139 2340 4196 Leucorum
2385 4136 2552 4194 urbis
2600 4154 2690 4210 ep.
2736 4140 2799 4195 et
2830 4155 2967 4194 con-

356 4228 1190 4296 tas,retractationesvitarum
1206 4231 1631 4305 antiquiorum,
1689 4227 1929 4286 sessoris
1983 4223 2068 4309 (fl.
2100 4243 2211 4284 sec.
2244 4221 2358 4305 V.)‚
2404 4223 2561 4299 apud
2609 4225 2900 4283 Calmet
2931 4226 2970 4283 l.

356 4334 504 4389 quas
538 4316 612 4374 ad
645 4316 951 4376 meliorem
970 4318 1199 4394 redegit
1220 4319 1485 4382 formam.
1518 4320 1632 4378 Eae
1688 4333 1735 4376 0.
1767 4327 2013 4378 107—-1
2034 4326 2103 4378 11
2131 4337 2145 4384 ;
2180 4315 2243 4373 in
2262 4314 2428 4376 Actis
2463 4313 2558 4371 SS.
2600 4324 2695 4376 15.
2718 4313 2878 4389 Sept.
2899 4314 2967 4384 V,

355 4405 587 4480 spirant
604 4406 945 4464 unctionem
966 4410 1027 4465 et
1048 4408 1452 4478 candorem,et
1472 4426 1629 4467 com·
1690 4415 1948 4468 66-69
2013 4404 2248 4464 omissis
2300 4402 2656 4477 quibusdam
2710 4403 2968 4461 miracu·

1644 4494 1763 4553 ·lis
1782 4490 1845 4574 ¹).
1907 4529 1993 4538 —-
2069 4494 2198 4551 Vita
2258 4511 2304 4554 s,
2366 4493 2636 4550 Amantia·
2689 4491 2970 4550 eremitae

1925 4637 2004 4644 ..—

433 4631 469 4700 ¹)
496 4627 963 4683 Cf.Potthast
986 4648 1041 4700 p.
1064 4637 1287 4691 102ls.;
1318 4632 1629 4686 Ehrhard
2271 4645 2274 4650 ⁴

349 4698 843 4766 KL.X1,1068-70,
872 4704 931 4756 et
954 4702 1110 4772 apud
1137 4703 1631 4758 Krumbacher
1763 4707 1800 4773 ¹)
1829 4701 1911 4755 Cf.
1953 4702 2305 4755 Potthast
2345 4719 2402 4770 p.
2453 4707 2548 4760 16;
2599 4700 2823 4754 Ebert
2871 4699 2967 4763 111,

350 4786 405 4838 p.
437 4777 746 4832 200—203;
775 4774 833 4825 et
857 4775 1010 4827 hunc
1031 4773 1218 4844 ipsum
1246 4791 1300 4844 p.
1331 4782 1630 4832 358-361.
1685 4777 1966 4830 474—482
1990 4796 2001 4835 ς
2027 4775 2297 4828 Schroe
2316 4773 2391 4826 dl
2419 4772 2530 4826 KL.
2563 4774 2600 4837 1,
2631 4779 2748 4828 250.
