3505 5161
466 224 586 277 735
940 210 1241 262 801—850.
1272 205 1540 260 Historia.
1570 204 1850 273 Georgius
1879 206 2194 274 Syncellus‚
2224 203 2622 275 Theophanes,
2965 226 3094 279 735

462 396 667 453 nostro
711 393 797 451 ita
834 395 881 451 A
902 392 1311 450 nastasius
1344 392 1745 451 Bibliotheca·
1802 412 1952 468 puer
1983 391 2360 450 matrimonio
2397 393 2649 465 ‘junctus
2688 395 2781 451 est
2812 412 2846 450 a
2877 412 3090 468 paren-

462 484 589 542 rius
623 482 686 540 in
719 481 903 558 praef.
937 500 1077 540 suae
1107 481 1266 539 H.E.
1291 481 1529 540 scribit:
1565 482 1745 540 Geor·
1805 481 1983 549 tibus,
2020 481 2122 540 sed
2156 481 2250 539 vel
2270 480 2333 539 in
2354 481 2730 539 matrimonio
2751 500 2886 541 cum
2906 500 3097 542 uxore

462 572 599 649 gius
636 572 861 640 ,electa
891 570 1215 629 monastica
1247 570 1370 630 vita
1402 570 1746 646 mundoque
1801 570 2210 646 virginitatem
2272 570 2550 629 servavit.
2642 572 2786 629 Post
2854 571 3092 646 aliquot

461 663 817 736 contempto,
851 660 1071 718 Christi
1104 678 1167 718 se
1192 660 1311 718 levi
1323 661 1475 736 jugo
1495 665 1556 718 et
1575 661 1745 718 suavi
1803 677 1990 718 annos
2035 662 2159 717 tam
2206 660 2336 735 ipse
2383 678 2564 734 quam
2609 661 2739 735 ejus
2787 679 2935 720 uxor
2964 660 3087 719 Deo

462 750 721 810 sarcinae
765 749 1141 824 mancipavit.
1204 748 1512 808 Praeterea
1543 754 1746 808 contra
1805 768 1866 808 se
1898 749 2339 819 consecrarunt,
2374 748 2622 825 ipseque
2648 749 2864 824 opibus
2895 749 3088 809 abun-

461 840 782 898 haereticos
834 838 1157 896 incessanti
1208 857 1394 914 agone
1445 838 1744 897 desudans
1800 839 1947 897 dans
1998 838 2266 897 condidit
2322 838 2753 897 monasterium
2803 839 3088 916 Magnum

459 928 669 987 multis
703 927 1070 997 verberibus,
1119 927 1328 986 mundi
1371 927 1742 1002 principibus
1801 929 2028 1005 Agrum
2076 927 2140 985 in
2174 927 2449 1005 Sigriane
2478 946 2665 1002 prope
2699 927 2969 1003 Cyzicum
3001 929 3094 987 ei·

460 1020 666 1076 contra
717 1017 1010 1075 Ecclesiae
1072 1016 1257 1074 ritum
1320 1016 1741 1087 saevientibus,
1801 1036 1915 1092 que
1964 1016 2242 1092 praefuit.
2315 1015 2680 1075 Confessoris
2731 1020 2931 1075 autem
2981 1035 3093 1077 no-

461 1107 834 1181 diversisque
881 1106 1090 1182 poenis
1151 1104 1415 1163 adfectus
1462 1108 1569 1165 est.
1649 1106 1744 1164 Sic
1798 1106 1958 1164 mine
1989 1105 2335 1182 insignitur,
2370 1105 2652 1180 quoniam
2688 1110 2932 1182 propter
2959 1106 3096 1165 cul-

461 1213 600 1271 ergo
633 1195 911 1272 stigmata
957 1195 1021 1254 in
1068 1213 1308 1271 corpore
1355 1213 1463 1253 suo
1500 1199 1742 1269 portans
1799 1197 1932 1253 tum
1968 1214 2045 1253 ss.
2079 1195 2409 1271 imaginum
2443 1197 2683 1253 strenue
2714 1195 3090 1254 vindicatum

460 1288 583 1343 tam
633 1303 739 1361 pro
799 1284 935 1342 fidei
989 1301 1130 1342 suae
1180 1284 1515 1342 constantia
1563 1303 1743 1359 quam
1801 1304 1835 1342 a
1878 1284 2073 1343 Leone
2124 1285 2381 1343 Armeno
2441 1285 2506 1341 in
2551 1284 2749 1342 dirum
2795 1301 3087 1343 carcerem

459 1392 566 1449 pro
613 1374 941 1432 multarum
984 1374 1285 1432 virtutum
1324 1371 1665 1449 insignibus
1698 1392 1741 1431 S.

458 1483 534 1523 m.
589 1462 814 1520 Tarasii
860 1462 1057 1539 regiae
1103 1462 1396 1538 praesulis
1442 1462 1742 1538 syncellus

459 1552 703 1610 effectus
737 1554 844 1611 est.
908 1551 1020 1610 Sed
1066 1570 1141 1609 ne
1172 1551 1365 1609 multa
1395 1569 1739 1626 prosequar,

461 1641 731 1700 sufficere
762 1640 1017 1699 arbitror
1062 1641 1137 1698 ad
1179 1640 1559 1715 praeconium
1593 1641 1740 1714 ejus,

460 1731 620 1805 quod
652 1750 685 1787 a
716 1730 854 1789 sede
887 1729 1247 1805 approbatus
1293 1729 1371 1786 sit
1402 1730 1740 1804 apostolica,

459 1820 695 1894 quando
728 1818 849 1879 scil.
883 1818 1089 1877 vicarii
1134 1819 1261 1893 ejus
1292 1837 1412 1876 una
1443 1836 1576 1875 cum
1614 1827 1736 1881 350

458 1909 728 1984 patribus
773 1907 838 1966 in
882 1908 1101 1966 Nicaea
1131 1907 1280 1965 urbe
1313 1907 1569 1965 secundo
1602 1925 1739 1966 con-

456 1999 763 2058 venientes
801 1997 1202 2056 universalem
1250 1996 1544 2072 synodum
1589 1997 1739 2055 cele-

1800 1377 1892 1431 est
1925 1374 2228 1449 conjectus
2275 1377 2336 1431 et
2383 1376 2519 1449 post
2549 1373 2861 1431 biennium
2891 1374 2956 1432 in
2987 1392 3088 1432 ex·

1801 1462 2004 1520 silium
2054 1463 2276 1521 missus
2327 1462 2390 1520 in
2443 1462 2921 1533 Samothraciam,
2977 1463 3091 1521 ubi·

1809 1561 1902 1614 12.
1936 1552 2105 1609 Mart.
2141 1560 2264 1615 817
2301 1547 2424 1633 (vel
2454 1552 2661 1609 saltem
2697 1554 2832 1610 ante
2864 1571 2899 1609 a
2932 1548 3088 1633 820)

1799 1641 1956 1698 diem
1975 1641 2126 1699 obiit
2147 1659 2494 1717 supremum
2511 1637 2575 1721 ¹).
2618 1641 2758 1698 Tam
2793 1660 2827 1698 a
2858 1640 3086 1717 graecis

1800 1748 1976 1803 quam
2029 1749 2062 1787 a
2114 1730 2318 1788 latinis
2370 1731 2529 1788 inter
2579 1732 2816 1787 sanctos
2868 1730 3092 1788 colitur

1807 1827 1902 1881 12.
1936 1818 2152 1877 Martii.
2215 1819 2450 1895 Rogatu
2493 1822 2730 1877 tantum
2772 1819 3088 1878 morientis

1800 1908 2037 1985 Georgii
2109 1908 2367 1984 Syncelli
2450 1908 2825 1966 continuavit
2900 1907 3086 1984 hujus

1799 2014 1966 2072 opus,
1984 2000 2045 2055 et
2055 1997 2196 2056 haec
2214 1996 2581 2056 continuatio
2601 1998 2832 2055 duabus
2853 1998 3092 2056 constat

457 2088 742 2144 brarunt:
792 2085 1082 2162 siquidem
1130 2088 1191 2142 et
1221 2086 1353 2143 laus
1385 2086 1515 2160 ejus
1547 2086 1611 2143 in
1643 2103 1739 2144 eo·
1797 2087 2086 2161 partibus,
2135 2105 2391 2162 quarum
2424 2105 2508 2155 ea,
2559 2105 2711 2162 quae
2742 2087 2940 2161 potior
2972 2090 3082 2155 est,

460 2176 591 2233 dem
625 2175 733 2234 VII
766 2176 826 2232 et
858 2178 1061 2232 sancto
1094 2174 1343 2232 concilio
1375 2175 1691 2250 reperitur.
1711 2183 1737 2212 ‘
1789 2176 1994 2249 judice
2023 2174 2541 2252 Papebrochii
2573 2176 2638 2233 in
2659 2175 2798 2234 diss,
2820 2175 2893 2234 de
2913 2175 3088 2233 chro-

1797 2283 1962 2341 nogr.
1998 2283 2042 2322 s.
2065 2265 2434 2339 Theophanis
2468 2282 2512 2327 c.
2556 2275 2577 2326 1
2620 2284 2680 2322 n.
2716 2275 2770 2335 4,
2806 2282 2943 2322 vere
2976 2283 3084 2322 au-

552 2362 696 2415 400.
749 2352 984 2429 Georgii
1045 2351 1304 2428 Syncelli
1368 2350 1427 2429 (†
1476 2373 1531 2428 p.
1587 2347 1740 2433 810)
1796 2372 1896 2411 rea
1926 2354 2207 2428 omnique
2239 2353 2575 2428 acceptione
2604 2353 2958 2429 dignissima
2989 2352 3083 2410 hi-

459 2441 776 2500 chronicon
808 2441 882 2499 ab
914 2462 961 2501 a.
988 2450 1335 2504 285—813
1370 2441 1744 2500 continuavit
1798 2444 2042 2501 storiam
2087 2442 2324 2501 exhibet
2373 2462 2480 2518 per
2524 2461 2708 2501 annos
2755 2441 3082 2518 digestam:

460 2550 503 2589 s.
556 2530 600 2589 T
617 2530 654 2587 h
672 2548 702 2588 e
718 2549 751 2589 0
769 2550 807 2607 p
826 2532 862 2589 h
878 2550 963 2589 an
981 2549 1011 2590 e
1029 2548 1056 2589 s
1086 2529 1130 2608 l)
1183 2530 1516 2601 Confessor,
1575 2531 1739 2590 Isau-

457 2637 580 2690 ras,
617 2620 688 2678 de
721 2639 838 2697 quo
870 2620 1349 2678 Anastasius
1381 2620 1418 2677 1.
1444 2638 1491 2678 c.
1523 2620 1608 2678 ita
1640 2621 1739 2677 ha-

456 2711 589 2768 bet:
643 2711 864 2778 ,Porro
910 2710 983 2767 de
1029 2709 1215 2769 altero
1263 2705 1412 2789 (scil.
1452 2709 1522 2767 de
1554 2709 1739 2767 Theo-

456 2794 677 2879 phane)
714 2799 857 2874 quid
890 2798 1123 2857 dicam?
1171 2816 1306 2856 cum
1346 2800 1408 2856 et
1438 2800 1567 2874 ejus
1601 2816 1737 2857 con·

457 2886 681 2962 scripta
724 2888 879 2946 vita:
928 2888 1185 2962 qualiter
1216 2887 1494 2946 videlicet
1525 2888 1738 2963 amplis

454 2977 833 3053 patrimoniis
868 2976 1126 3035 venditis
1160 2995 1390 3035 crucem
1425 2995 1594 3034 suam
1638 2981 1737 3035 tu-

454 3067 608 3135 lerit,
658 3066 986 3141 qualiterve
1019 3068 1260 3125 secutus
1294 3066 1589 3123 Christum
1636 3067 1738 3123 ab·

453 3155 609 3213 batis
630 3156 692 3213 in
712 3154 1068 3213 monasterio
1087 3155 1234 3231 Agri
1260 3154 1505 3213 functus
1528 3155 1735 3224 officie,

452 3245 783 3303 virtutibus
815 3244 1072 3314 fulserit,
1119 3243 1421 3302 miraculis
1469 3262 1735 3303 corusca-

452 3333 606 3392 verit
638 3336 698 3392 et
728 3333 1027 3392 consessor
1057 3333 1287 3404 obierit,
1324 3333 1471 3391 satis
1504 3335 1733 3408 aperte-

453 3442 568 3497 que
599 3442 704 3497 per
734 3422 1087 3497 Byzantium
1124 3425 1184 3479 et
1214 3423 1433 3480 circum
1467 3439 1736 3497 quasque

452 3512 725 3588 regiones
746 3511 854 3580 his,
889 3511 993 3585 qui
1014 3529 1198 3585 prope
1218 3515 1279 3569 et
1303 3511 1394 3568 his
1417 3511 1522 3585 qui
1557 3512 1733 3587 longe

1797 2531 1988 2591 altera
2028 2532 2125 2590 vix
2169 2532 2452 2606 plumbea
2498 2532 2614 2590 dici
2647 2536 2911 2591 meretur
2940 2548 3086 2591 con·

1797 2621 2077 2697 sistitque
2110 2623 2172 2679 in
2204 2621 2429 2680 tabulis
2462 2622 2911 2700 chronologiciS,
2947 2622 3094 2696 qui-⁷

1797 2710 1909 2768 bus
1956 2729 2063 2784 per
2103 2712 2329 2769 loculos
2363 2710 2570 2769 divisis
2602 2713 2857 2786 primum
2890 2728 3092 2768 annus

1796 2799 2025 2871 mundi,
2061 2803 2191 2858 tum
2212 2800 2436 2859 Christi
2458 2800 2766 2871 incarnati,
2803 2800 2939 2859 dein
2969 2799 3086 2856 im-

1798 2889 2086 2964 peratoris
2133 2889 2381 2957 romani,
2430 2890 2695 2964 proxime
2741 2890 2899 2966 regis
2939 2889 3081 2946 Per-

1795 2996 1994 3036 sarum
2026 2980 2130 3035 aut
2161 2978 2329 3037 ducis
2350 2978 2611 3036 Arabum
2644 2997 2844 3037 rerum
2876 2978 2939 3036 in
2969 2977 3090 3034 Pa·

1795 3067 2047 3125 laestina
2065 3067 2447 3142 potientium,
2481 3068 2739 3143 denique
2772 3086 2841 3125 ex
2875 3066 3086 3124 ordine

1795 3155 2060 3231 quinque
2114 3157 2584 3231 patriarcharum
2635 3157 2778 3214 ordo
2828 3160 2889 3215 et
2938 3155 3082 3213 anni

1793 3245 2194 3308 continentur.
2255 3245 2380 3303 Hae
2427 3245 2585 3303 enim
2633 3245 2874 3304 tabulae
2911 3263 3088 3303 men--

1793 3332 2100 3391 dosissime
2152 3338 2295 3392 sunt
2346 3335 2733 3410 conscriptae,
2797 3333 3078 3409 plurimis

1870 3560 1903 3614 ¹3
1934 3556 2015 3612 Cf.
2067 3558 2189 3626 ejus
2233 3557 2371 3621 vita,
2413 3557 2548 3612 olim
2600 3576 2640 3610 s.
2686 3556 3080 3610 Theodoro

453 3603 613 3669 sunt)
665 3600 894 3660 Clamet·
957 3600 1069 3658 sed
1118 3602 1179 3657 ⁶¹³
1227 3599 1432 3699 {stadia
1480 3600 1610 3676 ejus
1660 3600 1735 3658 ad
1791 3617 2052 3682 Studitae
2081 3627 2316 3690 tributa,
2357 3630 2521 3698 cujus
2547 3632 2740 3682 tamen
2767 3630 2968 3681 auctor
2994 3629 3090 3680 est

452 3707 559 3746 nos
610 3706 803 3759 usque
854 3688 1081 3762 perlata
1139 3706 1275 3762 quis
1326 3689 1418 3747 vel
1469 3693 1731 3764 quantus
1789 3700 1840 3752 N
1859 3700 1880 3753 i
1896 3717 1925 3753 c
1942 3716 1972 3753 e
1988 3719 2025 3769 p
2042 3700 2080 3752 h
2098 3716 2129 3752 ο
2148 3718 2175 3752 1·
2190 3718 2225 3752 11
2243 3717 2268 3753 s
2296 3700 2720 3770 Skeuophylax,
2748 3700 2835 3752 ed.
2851 3715 2885 3751 a
2901 3699 3082 3751 Goar

450 3779 565 3836 iste
597 3777 688 3834 vir
719 3776 918 3847 fuerit,
953 3777 1258 3836 sollertius
1289 3778 1730 3839 manifestant.‘
1788 3770 1851 3824 iu
1877 3787 1980 3824 8¹1³
2006 3771 2111 3834 &dn
2140 3771 2201 3825 iu
2229 3771 2375 3840 Mig
2392 3788 2475 3825 ne
2504 3772 2563 3824 Ρ·
2593 3774 2656 3824 G·
2681 3769 2873 3830 CVlfl·
2901 3772 3080 3828 174&

451 3865 914 3942 Cognominatus
946 3885 1183 3942 quoque
1221 3869 1315 3925 est
1346 3867 1369 3924 1
1389 3886 1415 3924 s
1432 3887 1463 3924 a
1479 3887 1511 3924 a
1528 3885 1557 3924 c
1572 3867 1592 3924 i
1609 3886 1651 3925 u
1668 3886 1695 3925 s
1712 3911 1727 3939 ,

1788 3842 1850 3895 in
1876 3843 1962 3898 ed.
1990 3841 2132 3896 Boo
2151 3861 2178 3895 r
2205 3842 2274 3906 Π,
2306 3851 2545 3902 13-27;
2591 3845 2650 3896 et
2691 3842 2809 3896 alia
2848 3840 2971 3894 vita
3016 3839 3086 3894 in.

1785 3913 1926 3968 actis
1956 3914 2043 3968 SS.

2072 3932 2129 3983 p.
2156 3918 2471 3974 224-229;
2522 3914 2806 3968 Kerker
2847 3911 3079 3975 KL.X1‚

450 3956 610 4030 quod
643 3973 969 4032 cognomen
1001 3955 1056 4014 05
1088 3955 1346 4014 haesita
1376 3960 1562 4032 patre.
1610 3957 1725 4014 Na·
1791 3988 1957 4045 1574;
1986 3985 2345 4039 Potthaet
2369 4006 2421 4056 p.
2456 3990 2610 4050 1059,
2638 3984 2934 4039 ubihabes
2954 3982 3077 4036 lite-

448 4046 548 4103 tus
612 4048 705 4103 est
754 4045 1137 4120 Theophanes
1187 4065 1237 4108 a.
1294 4054 1434 4108 748.
1519 4045 1731 4104 Adhuc
1785 4059 2070 4115 raturatn;
2123 4057 2203 4108 Sc
2226 4056 2363 4109 huz
2389 4075 2446 4126 p.
2473 4057 2747 4114 467—471
2773 4079 2785 4114 ς
2833 4054 2882 4107 Κ
2901 4072 3079 4108 rum·

1787 4129 1824 4182 b
1838 4144 1872 4181 a
1889 4145 1918 4180 c
1933 4128 1973 4181 h
1989 4144 2018 4181 e
2034 4145 2062 4179 r
2089 4127 2198 4181 Ein
2225 4128 2640 4196 Dithyrambus
2655 4127 2883 4181 aufden
2907 4125 3078 4181 Chro-

1787 4199 1976 4252 nisten
2004 4199 2379 4269 Theophanes
2425 4201 2535 4272 (cuj
2543 4200 2742 4252 usdam
2773 4194 3080 4260 Theodori,

528 4273 562 4339 ¹)
592 4269 759 4322 Alius
779 4273 864 4323 est
882 4287 916 4323 a
936 4270 981 4323 T
998 4270 1036 4322 11
1054 4287 1082 4323 0
1100 4288 1131 4324 0
1150 4270 1328 4340 phan
1342 4286 1372 4324 e
1395 4269 1727 4338 Byzantino‚
1786 4270 1968 4324 nostri
1995 4272 2245 4324 auctoris
2272 4271 2505 4341 cognati
2531 4273 2874 4343 (sizo—949),
2916 4269 3082 4321 Mun-

447 4341 637 4408 quide
663 4346 815 4396 rebus
829 4345 1041 4396 Justini
1051 4346 1119 4396 ΙΙ
1139 4341 1274 4411 imp.
1294 4346 1341 4412 (†
1359 4343 1480 4411 578)
1503 4342 1734 4410 scripsit
1787 4342 1928 4397 chen
1958 4346 2112 4405 1897,
2154 4359 2269 4410 qua
2309 4342 2370 4395 in
2411 4341 2544 4396 diss.
2585 4342 2654 4395 de
2695 4341 2872 4395 variis
2899 4340 3077 4394 Theo-

446 4412 505 4464 11.
532 4411 582 4465 X
608 4429 641 4465 a
670 4413 876 4466 Photio
902 4415 1104 4470 lectos:
1146 4416 1203 4466 et
1240 4430 1274 4465 a
1316 4431 1356 4465 s.
1384 4412 1729 4483 Theophane
1787 4412 1994 4484 phanis
2011 4413 2267 4469 disserit:
2291 4413 2433 4466 Eine
2459 4431 2604 4469 neue
2620 4413 2757 4467 Vita
2784 4413 2882 4466 des
2899 4412 3082 4465 Theo-

447 4481 491 4535 G
512 4487 746 4554 rapto,
788 4485 856 4537 de
898 4502 1011 4551 quo
1052 4501 1224 4554 supra
1264 4483 1485 4554 egimus
1526 4504 1579 4554 p.
1608 4486 1729 4540 726.
1786 4485 2492 4555 phanesConf.,Mhnchen
2511 4490 2646 4541 1897
2663 4482 3075 4556 (Sitzungsber.

447 4553 529 4607 Cf.
558 4557 603 4607 G
623 4572 654 4608 0
672 4572 705 4607 a
722 4572 751 4607 r
774 4556 837 4609 in
857 4555 1067 4609 notitia
1087 4556 1159 4608 ad
1182 4555 1546 4625 Theophanis
1572 4556 1729 4609 01110-
1786 4555 1886 4608 der
1900 4557 2085 4623 bayer.
2104 4555 2416 4611 Akademie
2428 4555 2939 4627 philos.-philolog.
2951 4553 3077 4608 und

447 4626 826 4695 nographiam
867 4626 928 4678 in
968 4627 1053 4680 ed.
1095 4627 1247 4680 infra
1273 4627 1366 4680 cit.
1395 4647 1447 4696 p.
1480 4634 1599 4690 543,
1627 4627 1729 4694 qui
1785 4625 1916 4679 hist.
1945 4626 2031 4679 Kl.
2065 4631 2199 4685 1897
2238 4646 2294 4697 p.
2321 4630 2606 4698 371-99),
2646 4644 2817 4695 quam
2842 4624 3084 4680 exhibet

446 4696 639 4763 plures
701 4696 1003 4766 scriptores
1066 4697 1182 4751 sive
1246 4700 1468 4751 sanctos
1514 4698 1558 4751 T
1574 4698 1612 4751 h
1629 4714 1658 4751 e
1676 4715 1727 4752 o·
1786 4701 1852 4751 ut
1877 4697 2166 4779 epitomen
2183 4699 2336 4752 vitae
2354 4698 2630 4768 plenioris
2655 4715 2689 4752 a
2716 4697 3090 4753 Methodio-

446 4784 485 4834 p
500 4766 539 4817 11
556 4781 589 4817 a
607 4765 681 4818 ni
699 4784 723 4818 s
751 4766 981 4821 nomine
1009 4767 1316 4837 insignitos
1343 4770 1612 4822 recenset.
1784 4771 1968 4837 patria
1978 4769 2111 4822 rcha
2139 4774 2282 4841 (847)
2306 4769 2696 4824 concinnatae.
