3505 5161
509 237 632 293 323
983 223 1282 274 401—431.
1308 215 1563 271 Historia
1588 217 1986 275 ecclesiastica.
2014 216 2325 282 Palladius,
2351 216 2646 279 Paulinus,
3003 236 3126 291 324

504 409 709 467 contra
768 425 904 466 eum
967 408 1157 463 actam
1215 404 1388 480 plene
1450 403 1788 480 descripsit.
1842 408 1906 465 et
1949 404 2196 464 historia
2227 404 2445 474 Rufini,
2492 403 2746 479 ideoque
2778 404 3126 465 Paradisum

503 496 650 555 Eam
699 495 877 554 habes
925 494 1086 552 inter
1135 505 1186 551 ’3.
1237 492 1495 552 doctoris
1546 511 1642 569 op.
1695 493 1787 552 ed.
1844 493 2174 554 Heraclidis
2206 512 2336 552 esse
2355 494 2757 553 recensionem
2778 493 3127 571 originalem

504 584 1004 644 Montfaucon
1035 584 1079 642 t.
1113 581 1269 652 XIII,
1319 582 1384 640 in
1416 582 1786 642 Gallandi
1842 583 2125 643 historiae
2145 582 2475 652 Lausiacae‚
2495 581 2783 658 illiusque
2804 578 3128 666 (Paradisi)

501 672 646 732 bibl.
679 672 837 743 VIII,
882 679 1263 742 257—3303
1310 671 1564 749 Migne
1609 671 1672 729 P.
1720 671 1785 734 G.
1840 675 2071 732 textum
2092 690 2369 749 graecum
2391 671 2662 743 quamvis
2682 672 3127 749 nonintegrum

501 760 732 833 XLVII,
799 769 1033 825 3—82.
1081 793 1171 804 —
1218 760 1391 820 Alter
1451 760 1785 836 discipulus
1841 761 2081 821 exhibet
2129 761 2522 820 Meursius
2574 760 2758 838 (inter
2806 761 2936 836 ejus
2989 780 3126 837 opp.

500 850 739 929 Evagrii
778 849 1010 910 Pontici
1056 849 1414 926 origenistae
1458 849 1533 908 ab
1577 869 1627 912 a.
1684 859 1785 913 20.
1842 850 1933 910 ed.
1959 849 2200 910 Lamii
2232 848 2564 908 Florentiae
2594 858 2757 912 1746
2781 849 2940 920 VIII,
2967 859 3126 913 334-

499 940 711 1000 aetatis
760 940 947 1000 vitam
995 939 1381 998 monasticam
1437 939 1581 1016 egit,
1646 939 1785 997 dein
1845 936 2017 1020 670).
2051 977 2056 983 -
2085 939 2345 997 Multum
2378 938 2646 997 lectitata
2675 937 2795 998 fuit
2823 938 2890 996 in
2920 955 3123 998 mona-

502 1029 805 1088 Orientem
849 1031 1032 1104 atque
1063 1027 1405 1104 Aegyptum
1443 1027 1785 1105 peragravit
1840 1028 2043 1087 steriis
2064 1028 2206 1086 haec
2222 1027 2492 1097 historia,
2529 1027 2668 1086 hinc
2697 1026 2901 1103 plures
2934 1028 3127 1087 subiit

500 1117 914 1178 celeberrimos
962 1116 1281 1175 monachos
1342 1116 1628 1175 invisens.
1712 1117 1783 1175 In
1839 1121 1902 1177 et
1946 1117 2328 1186 mutationeS,
2374 1117 2657 1192 variaque
2688 1115 3003 1175 exhibetur
3031 1135 3125 1176 re-

500 1207 754 1282 patriam
801 1205 989 1265 redux
1039 1206 1350 1281 episcopus
1396 1205 1782 1281 Helenopolis
1839 1207 2132 1265 censione.
2218 1204 2404 1281 Saepe
2479 1204 2802 1264 admodum
2864 1206 3120 1281 prodiit;

498 1295 563 1353 in
595 1295 916 1372 Bithyniae
961 1312 1010 1356 c.
1041 1313 1093 1358 a.
1141 1304 1265 1358 400
1315 1296 1409 1353 est
1454 1294 1781 1354 ordinatus.
1836 1299 2071 1371 praeter
2101 1295 2186 1356 ed.
2211 1295 2338 1370 jam
2366 1294 2654 1363 laudatas,
2687 1297 2997 1370 praestans
3031 1304 3123 1354 est

499 1384 577 1443 Et
636 1385 768 1461 ipse
823 1387 1065 1460 propter
1115 1382 1597 1459 chrysostomum
1646 1383 1783 1443 sede
1837 1385 1926 1446 ed.
1943 1384 2235 1443 versionis
2260 1384 2480 1442 latinae
2513 1382 2791 1442 Gentiani
2822 1383 3124 1443 Herveti

500 1492 607 1532 sua
626 1477 719 1533 est
737 1474 1003 1548 deJectus
1020 1473 1331 1548 multaque
1347 1490 1579 1548 passus,
1598 1490 1782 1548 quare
1836 1473 2081 1532 Parisiis
2111 1485 2131 1535 1
2151 1482 2183 1535 5
2196 1483 2227 1535 7
2239 1483 2274 1536 0
2295 1494 2308 1542 ;
2330 1490 2601 1548 quaeque
2620 1476 2814 1531 exstat
2835 1472 2899 1530 in
2920 1471 3122 1532 Herib.

498 1562 572 1620 ad
603 1582 741 1622 eum
773 1580 880 1639 pro
924 1561 1087 1621 virili
1117 1561 1410 1620 tuendum
1443 1561 1687 1620 Romam
1718 1579 1783 1620 se
1838 1561 2152 1638 Rosweydi
2169 1561 2328 1621 Vitis
2350 1565 2591 1638 patrum
2623 1561 2661 1624 L
2683 1559 2841 1619 VIII.
2874 1561 3123 1621 Textum

498 1651 773 1710 contulit.
837 1650 1090 1709 Rediens
1121 1650 1188 1710 in
1220 1649 1521 1709 Orientem
1565 1649 1640 1709 ad
1687 1668 1781 1709 ec·
1836 1668 2115 1729 graecum
2148 1650 2427 1709 lacunose
2477 1649 2644 1709 dedit
2685 1649 2780 1708 Fr.
2826 1649 2924 1709 du
2967 1651 3017 1709 D
3036 1668 3124 1709 uc

498 1740 743 1800 clesiam
759 1757 1150 1816 asponensem
1183 1738 1249 1796 in
1269 1738 1504 1797 Galatia
1521 1739 1783 1802 transiit.
1847 1747 2011 1802 1624
2030 1784 2045 1810 ‚
2109 1739 2350 1798 lacunas
2412 1738 2719 1815 supplevit
2780 1738 3124 1798 Cotelier

500 1829 729 1889 Obiisse
767 1827 991 1887 dicitur
1035 1830 1173 1886 ante
1219 1847 1267 1886 a.
1319 1836 1465 1890 431.
1532 1828 1778 1904 Compo—
1837 1829 2100 1893 Monum.
2133 1827 2287 1886 Eccl.
2320 1845 2562 1905 graecae
2594 1825 2698 1897 III,
2741 1836 3119 1896 158—1703

498 1918 625 1977 suit
687 1936 731 1980 c.
783 1926 908 1980 420
961 1918 1271 1976 historiam
1316 1916 1673 1975 Lausiacam
1722 1912 1782 1999 (a
1836 1935 2112 1994 graecum
2132 1919 2364 1976 textum
2396 1917 2483 1975 ita
2512 1917 2863 1993 suppletum
2882 1917 3124 1976 exhibet

498 2007 706 2078 Lau80,
739 2005 927 2065 nobili
961 2006 1027 2065 in
1057 2005 1195 2064 aula
1222 2004 1518 2080 imperiali
1537 2005 1781 2064 cubicu-
1836 2006 2090 2083 Migne
2136 2005 2172 2069 l.
2221 2024 2267 2066 c.
2317 2024 2452 2065 cum
2503 2005 3018 2066 emendationibus
3064 2006 3121 2065 J.

496 2095 662 2166 lario,
716 2095 814 2154 cui
865 2113 995 2154 eam
1042 2090 1379 2176 inscripsit)
1426 2093 1664 2165 dictam,
1716 2094 1782 2152 in
1837 2095 2076 2155 Floss.

496 2202 615 2259 qua
645 2183 800 2243 vitas
832 2182 1157 2242 celebrium
1181 2182 1618 2255 monachorum,
1652 2202 1779 2242 ere-

497 2272 779 2331 mitarum
827 2272 1182 2348 piarumque
1239 2272 1593 2331 feminarum
1642 2290 1781 2331 con·
1931 2283 2007 2337 17
2018 2284 2072 2337 6.
2119 2272 2433 2332 Pulchram
2482 2260 2797 2331 admodum
2844 2275 3023 2331 vitam
3071 2292 3118 2333 s.

501 2361 675 2420 cinne
694 2361 980 2421 describit
995 2360 1058 2438 ¹).
1106 2360 1218 2420 Sed
1238 2361 1565 2436 implexum
1585 2361 1784 2420 oritur
1836 2363 2134 2421 Ambrosii
2164 2362 2622 2421 mediolanensis
2667 2381 2759 2437 ep.
2805 2362 3118 2421 concinna-

499 2450 803 2525 problema
873 2449 1229 2513 literarium.
1310 2449 1461 2508 Nam
1530 2450 1782 2509 historia
1837 2452 1929 2510 vit
1972 2452 2250 2510 hortante
2289 2470 2333 2510 s.
2369 2450 2708 2528 Augustino
2740 2450 3120 2509 Paulinus

497 2540 919 2599 monachorum
951 2538 1151 2598 Rufini
1188 2538 1310 2599 fere
1345 2539 1586 2616 integra
1614 2557 1781 2615 repe-
1837 2539 2103 2618 ejusdem
2134 2539 2405 2599 notarius
2451 2539 2525 2600 ad
2571 2557 2840 2599 normam
2870 2539 3117 2600 celebris

499 2628 656 2687 ritur
684 2629 750 2687 in
780 2629 1033 2688 historia
1064 2628 1351 2699 lausiaca;
1398 2628 1630 2703 reliqua
1659 2628 1780 2688 fere
1836 2631 2000 2689 vitae
2021 2647 2066 2692 s,
2088 2630 2331 2689 Martini
2350 2633 2593 2689 auctore
2614 2629 2868 2704 Sulpitio
2891 2629 3116 2700 Severo,

499 2736 650 2792 quae
682 2718 824 2777 haec
853 2718 1049 2788 habet,
1098 2718 1161 2775 in
1205 2717 1311 2776 illa
1356 2736 1496 2776 vero
1528 2736 1649 2776 non
1681 2737 1781 2776 ex·
1837 2720 2010 2795 quus
2028 2721 2231 2778 tamen
2248 2718 2602 2795 elegantiam
2620 2737 2743 2777 non
2761 2719 3118 2794 assequitur.

500 2809 679 2878 stant,
714 2807 1003 2884 leguntur
1024 2805 1089 2864 in
1110 2807 1401 2865 Paradiso
1424 2806 1782 2865 Heracli·
1838 2808 2055 2866 Narrat
2084 2811 2287 2867 autem
2318 2826 2469 2883 quae
2514 2808 2609 2866 vel
2655 2807 2784 2883 ipse
2830 2808 2984 2866 vidit
3027 2807 3119 2866 vel

498 2894 650 2966 dis,
715 2914 894 2972 quem
956 2894 1198 2954 exhibet
1257 2897 1393 2971 post
1452 2895 1784 2954 Fabrum
1836 2916 1871 2955 a
1915 2915 1964 2959 s.
1995 2896 2338 2955 Marcelline
2369 2915 2413 2958 s.
2448 2895 2748 2956 Ambrosii
2786 2915 2982 2956 sorore
3012 2915 3117 2955 au-

499 2983 916 3060 Stapulensem
973 2994 1138 3048 1504
1186 2983 1284 3043 Βο
1302 2984 1657 3061 sweydus
1718 2985 1783 3043 in
1838 2985 1967 3056 diit‚
2030 2986 2126 3044 vel
2188 3004 2256 3044 ex
2307 2985 2607 3046 variorum
2657 2985 2929 3061 epistolis
2980 2988 3117 3061 post

497 3073 822 3149 appendice
872 3073 967 3132 sui
1000 3092 1094 3148 op.
1128 3072 1296 3132 Vitae
1327 3073 1438 3130 PP.
1470 3093 1529 3149 p.
1566 3082 1783 3136 932-
1835 3073 2018 3133 illius,
2040 3074 2270 3133 obitum
2303 3074 2457 3135 datis
2486 3074 2562 3133 ab
2593 3074 2686 3144 iis,
2727 3074 2833 3150 qui
2866 3074 3119 3134 diversis

503 3172 646 3225 977.
694 3162 886 3231 Quare
918 3162 1222 3221 concludit
1252 3163 1533 3221 Butler
1563 3180 1657 3237 op.
1689 3163 1782 3220 in·
1837 3163 1902 3221 in
1942 3163 2266 3239 provinciis
2297 3163 2498 3240 ipsum
2528 3163 2751 3222 vidisse
2781 3169 3117 3235 narrarunt,

496 3250 585 3309 fra
616 3251 716 3314 cit.
760 3254 993 3311 textum
1022 3251 1310 3310 historiae
1340 3251 1656 3310 Lausiacae
1686 3270 1782 3310 re·
1838 3251 2065 3314 didicit.
2112 3252 2340 3311 Prodiit
2369 3253 2512 3311 haec
2543 3252 2669 3311 vita
2699 3270 2894 3327 saepe,
2941 3253 3028 3311 ita
3057 3253 3120 3311 in

496 3344 737 3415 ceptum
766 3337 1048 3422 (Migne
1078 3339 1334 3410 XXXIV,
1361 3340 1782 3416 991—1279)
1839 3340 2148 3415 plerisque
2180 3340 2547 3400 editionibus
2580 3360 2713 3417 opp.
2734 3359 2780 3400 a.
2800 3341 3118 3411 Ambrosii,

496 3446 625 3487 esse
657 3428 1138 3503 compilationem
1182 3447 1253 3487 ex
1298 3447 1474 3503 opere
1515 3428 1782 3506 genuino
1838 3430 1902 3487 in
1948 3429 2203 3507 Migne
2247 3430 2311 3487 P.
2344 3430 2407 3489 1..
2439 3428 2590 3501 XIV,
2628 3439 2919 3500 27——463
2965 3431 3122 3489 inter

1838 3518 2364 3594 opusculaanobis
2397 3519 2557 3578 edita
2585 3528 2630 3581 t.
2662 3519 2774 3579 VII
2806 3539 2862 3595 p.
2891 3530 3120 3582 1—49.

576 3635 612 3702 ¹)
642 3632 724 3687 Cf.
753 3633 1035 3687 Cuthbert
1072 3632 1337 3686 Butler
1376 3632 1441 3686 Ο.
1477 3633 1532 3688 S.
1558 3633 1621 3685 B.
1663 3632 1784 3688 The
1838 3607 2181 3667 vergionflm
2213 3626 2481 3685 graecam
2512 3626 2625 3667 ⁸00·
2649 3618 2836 3671 7-9·
2857 3608 3118 3683 primum

495 3703 735 3758 Lausiac
762 3704 998 3773 History
1036 3705 1103 3758 of
1122 3704 1416 3758 Palladius
1443 3704 1784 3775 Cambridge
1839 3696 2029 3755 edidit
2072 3696 2167 3755 Pa
2183 3697 2614 3773 padopulos
2661 3697 2725 3755 in
2771 3692 3122 3760 Ἀνάλεκτα

501 3780 637 3831 1898
677 3776 868 3845 (Texta
908 3775 1023 3829 aud
1064 3775 1298 3829 studies.
1349 3774 1786 3830 Contributions
1840 3785 2070 3862 Lipsiae
2108 3795 2269 3850 1391
2311 3805 2367 3861 p⁸
2405 3794 2682 3849 27-gg‚
2743 3786 2890 3845 cum
2920 3786 3121 3845 Pmfli-

494 3845 960 3975 ῗαξέξέΐξέἒὲ
1016 3849 1248 3984 Εξξξῑὲ
1270 3847 1784 3980 ἓῑῗῖῗὲἷῖἓῖἑῂ
1839 3893 1954 3932 nus
2000 3875 2344 3933 auditorum
2381 3875 2728 3951 praesertim
2760 3874 3119 3935 aedificatio·

495 3988 564 4041 de
628 3989 871 4045 historia
943 3988 1227 4053 lausiaca,
1304 3989 1537 4043 Parisiis
1616 3993 1783 4050 1ss7;
1840 3981 1976 4022 nem
2009 3963 2297 4035 intendat,
2327 3959 2443 4022 *5¹
2487 3963 2674 4023 ullam
2705 3963 3120 4041 chronologiae

494 4059 625 4114 Pre
644 4078 681 4114 u
699 4063 925 4115 schen
1000 4060 1293 4115 Palladius
1343 4061 1463 4114 und
1526 4061 1784 4115 Rufinus.
1838 4053 2132 4110 rationem
2162 4052 2355 4111 habet.
2402 4054 2473 4111 In
2501 4052 2761 4111 Africam
2793 4053 3028 4112 delatus
3060 4057 3121 4112 et

496 4130 669 4186 Texte
687 4133 804 4189 und
818 4131 1613 4203 Untersuchungen‚Giessen
1630 4134 1784 4197 1897,
1840 4141 2189 4218 Carthagine
2223 4159 2586 4201 commorans
2617 4141 2808 4201 zelum
2852 4161 2960 4218 pro
3005 4141 3121 4201 fide

494 4203 905 4346 ἓῗὲἔωξζέἓῗ
921 4203 1679 4330 ἓῑξὸᾗξῇῗξῃᾞίξέῧὲάωὲ
1690 4204 1785 4328 (ἐξ
1839 4231 2128 4289 catholica
2146 4230 2410 4290 ostendit
2428 4231 2799 4290 accusatione
2819 4231 3118 4303 Coelestfi,

494 4347 909 4402 unschiitzbare
972 4345 1332 4401 Dokumente
1395 4347 1487 4399 fur
1536 4346 1629 4400 die
1681 4345 1784 4400 Ge·
1840 4319 2067 4396 Pelagii
2086 4319 2383 4396 discipali,
2417 4319 2525 4395 qui
2556 4320 2737 4396 bajus
2758 4338 2986 4380 01'1'01’08
3007 4320 3118 4378 dis·

495 4417 750 4472 schichte
801 4418 901 4471 der
951 4417 1336 4488 Entstehung‚
1393 4418 1782 4488 Vei-breitung
1838 4407 2087 4468 fundere
2120 4409 2440 4467 nitebatur.
2496 4408 2733 4468 Obtulit
2764 4409 2926 4468 enim
2959 4409 3120 4468 Zosi-

495 4489 615 4542 und
644 4488 1053 4559 Organieation
1099 4489 1196 4542 des
1225 4489 1646 4553 Mouchthums‚
1673 4488 1783 4542 wie
1840 4516 1934 4557 mo
1973 4517 2157 4575 papae
2195 4498 2441 4556 limum„
2473 4499 2751 4557 adom-3243
2785 4498 3120 4557 Codanum

494 4559 586 4648 fur
612 4559 713 4613 das
739 4559 984 4631 geistige
1016 4559 1240 4614 Niveau
1262 4604 1274 4625 ‚
1300 4560 1408 4614 auf
1430 4560 1557 4614 dem
1597 4559 1782 4614 dieses
1841 4582 1963 4668 (Mi
1979 4606 2073 4664 gn
2089 4580 2124 4645 θ·-
2180 4586 2284 4648 XX
2378 4595 2445 4650 ,Η
2471 4585 2726 4668 1-16).
2809 4588 3119 4646 Tribuitur

494 4630 869 4685 Mouchthum
897 4631 1083 4696 stand,
1111 4633 1361 4688 ansehen
1383 4631 1500 4686 und
1530 4631 1783 4685 dement·
1839 4676 1850 4687 .
1936 4676 1948 4688 .
2037 4676 2048 4688 .
2295 4630 2308 4657 '
2443 4679 2454 4691 .
2518 4680 2531 4691 .
2616 4680 2626 4692 .
2898 4678 2909 4691 .

396 4709 399 4710 ’
495 4702 812 4771 sprechend
830 4703 1211 4763 verwerthem
1233 4703 1277 4756 B
1294 4720 1327 4756 a
1342 4721 1370 4756 r
1387 4702 1423 4755 d
1440 4720 1469 4757 e
1486 4721 1524 4755 n
1541 4704 1580 4756 h
1597 4719 1626 4756 e
1644 4721 1695 4755 w
1712 4719 1740 4756 e
1755 4721 1783 4756 r
1835 4693 1954 4752 ¹9⁸¹
1972 4679 2148 4734 eham
2172 4678 2241 4734 de
2258 4677 2731 4736 bm‘dwuombm
2742 4677 3115 4752 Patmrcha'

496 4781 523 4836 ἓ
552 4775 619 4827 79
646 4791 703 4824 n.
732 4782 780 4828 4.
1837 4783 1971 4823 rum
2018 4766 2158 4824 Gen.
2207 4775 2286 4827 49
2335 4766 2578 4825 libellus
2625 4765 2729 4844 (ib.
2766 4761 3116 4844 715—32).
