3505 5161
380 181 504 234 909
1142 162 1412 217 Historia.
1439 161 1793 235 Helpericus,
1821 163 2242 236 Liudprandus.
2870 185 2993 236 910

376 353 517 410 Ben.
551 349 747 408 Hase
786 369 921 408 cum
952 349 1358 409 eruditissimo
1389 351 1658 426 ejusdem
1712 351 2040 411 ordinatus.
2080 351 2269 410 Annis
2296 358 2580 415 948-950
2616 352 2775 410 sicut
2806 370 2997 427 quon·-

378 439 814 509 commentario‚
848 439 938 498 ed.
969 439 1287 498 admodum
1319 458 1466 510 rara,
1515 440 1658 514 quia
1713 440 1849 498 dnm
1881 443 2050 515 pater
2081 444 2142 501 et
2173 440 2422 498 vitricus
2455 458 2603 499 suus
2635 440 2741 504 GP.
2762 442 2995 518 legatus

377 530 652 605 pleraque
703 523 884 609 (150)
935 528 1294 604 exemplaria
1348 529 1659 607 naufragio
1712 530 1787 587 ab
1819 530 2070 606 Hugone
2101 548 2255 606 rege,
2286 529 2372 587 ita
2412 529 2541 604 ipse
2574 550 2608 588 a
2638 530 2996 607 Berengario

375 618 698 693 perierunt,
728 636 936 676 recusa
955 619 1193 676 Bonnae
1221 626 1384 681 1828
1406 619 1470 676 in
1490 619 1656 692 Corp.
1716 618 1792 678 ad
1811 619 2266 677 Constantinum
2281 618 2860 695 Porphyrogenitum
2878 619 2997 676 fuit

377 708 579 782 script.
625 707 761 769 hist.
808 706 966 781 byz.;
1011 707 1264 783 Migne
1296 708 1359 771 P.
1394 708 1458 765 G.
1493 706 1655 776 CXX,
1713 708 1950 777 missua,
1998 727 2117 783 quo
2165 708 2229 765 in
2277 707 2490 765 itinere
2522 726 2868 784 graecorum
2905 708 2996 765 hi-

380 806 728 859 339—434
794 795 986 854 solum
1049 795 1235 854 latine
1297 814 1431 854 cum
1492 796 1658 855 Hasii
1715 796 1978 865 storiam,
2030 814 2222 855 mores
2255 800 2316 854 et
2346 797 2630 855 instituta
2661 797 2888 866 didicit,
2937 799 2998 855 et

378 885 561 961 praef.
606 886 685 948 ib.
737 893 1119 955 319--339;
1166 885 1389 955 CXVII,
1441 895 1651 948 655-
1714 886 1956 963 linguae
1975 904 2211 961 quoque
2239 889 2300 944 et
2322 888 2631 945 auctorum
2649 903 2996 962 graecorum

382 983 504 1036 926
540 993 746 1052 graece
777 978 838 1032 et
869 973 1069 1036 latine.
1098 1008 1171 1018 -
1208 974 1656 1049 HelpericuS,
1712 976 1990 1034 notitiam
2025 974 2182 1033 haud
2214 974 2563 1034 mediocrem
2609 975 2724 1033 sibi
2762 993 2995 1050 compa-

378 1065 547 1137 cuius
578 1081 796 1123 nomen
828 1063 1001 1121 aliter
1031 1067 1210 1138 atque
1242 1063 1416 1122 aliter
1447 1063 1655 1122 scribi·
1715 1065 1888 1134 ravit,
1924 1083 2102 1139 quam
2133 1068 2194 1122 et
2225 1064 2288 1121 in
2309 1064 2550 1139 scriptis
2571 1064 2695 1123 suis
2717 1067 2996 1122 ostentat.

377 1154 480 1210 tur
530 1151 890 1232 (HelpricuS,
954 1152 1247 1226 Elpricu8‚
1312 1152 1655 1228 Hulpricus,
1713 1154 1785 1211 In
1817 1153 2071 1229 patriam
2102 1153 2287 1211 redux
2309 1153 2651 1230 Berengarii
2683 1157 2745 1212 et
2764 1152 2993 1221 willae,

378 1241 738 1318 Hilpericus,
773 1241 1135 1316 chilpericus
1167 1237 1322 1322 etc),
1361 1245 1422 1300 et
1452 1241 1525 1300 de
1557 1260 1658 1300 cu·
1715 1242 2012 1301 incertum
2057 1261 2176 1318 qua
2220 1242 2292 1300 de
2337 1261 2528 1310 causa,
2575 1242 2777 1300 odium
2823 1242 2996 1300 vehes

371 1333 474 1405 jus
506 1333 699 1389 aetate
730 1329 953 1389 eruditi
986 1331 1143 1389 inter
1188 1349 1251 1389 se
1293 1330 1661 1389 dissentiunt
1715 1350 1883 1390 mens
1929 1331 2211 1390 incurrit:
2265 1331 2402 1388 hinc
2450 1331 2623 1389 Italia
2671 1331 2875 1389 relicta
2924 1331 2995 1388 ad

380 1414 565 1501 (inter
597 1415 1037 1500 880-1090),
1073 1420 1228 1478 sicut
1256 1422 1320 1478 et
1350 1420 1423 1478 de
1453 1438 1658 1479 mona·
1717 1422 1994 1480 Ottonem
2027 1420 2070 1483 1.
2105 1420 2449 1479 Germaniae
2481 1439 2678 1496 regem
2711 1419 2997 1496 confugit.

380 1509 577 1580 steri0,
628 1508 724 1567 cui
775 1512 901 1566 erat
950 1508 1224 1567 addictus
1277 1504 1662 1591 (sangallensi
1716 1512 1767 1567 A
1814 1509 2185 1568 Recemundo
2231 1527 2321 1585 ep.
2367 1509 2746 1577 illiberitanO,
2795 1506 2992 1566 Abde-

380 1599 478 1656 vel
506 1593 1010 1680 grandivallensi)‚
1059 1597 1344 1657 disseruit
1387 1600 1455 1656 de
1492 1598 1658 1656 Com·
1714 1598 2083 1657 rahamensis
2114 1599 2270 1674 regis
2299 1597 2458 1673 apud
2479 1599 2758 1656 Ottonem
2778 1598 2994 1673 legat0,

370 1693 517 1763 puto
548 1685 707 1763 apud
738 1687 875 1744 Pez
907 1687 1057 1744 thes.
1079 1688 1294 1745 Anecd.
1315 1688 1389 1755 II,
1418 1696 1471 1755 ⁴2,
1507 1695 1658 1749 182-
1715 1688 1888 1762 cujus
1937 1687 2154 1745 inierat
2203 1687 2685 1755 familiaritatem,
2748 1689 2991 1762 rogatus

383 1785 541 1847 2223
572 1775 827 1850 Migne
848 1774 1176 1846 CXXXVII,
1209 1785 1479 1839 17—49.
1512 1775 1660 1835 Stilo
1716 1777 1788 1835 de
1820 1777 1996 1835 rebus
2029 1776 2124 1835 sui
2156 1776 2443 1851 temporis
2476 1775 2804 1834 scribendis
2836 1774 2996 1851 cogi·-

378 1865 569 1923 nitido
602 1867 663 1922 et
708 1864 965 1939 simplici
998 1865 1179 1923 refert
1210 1865 1354 1940 quid
1387 1865 1487 1923 alii
1521 1869 1660 1923 ante
1715 1865 1885 1927 tavit.
1931 1865 2085 1924 Hinc
2116 1865 2490 1924 Francofurti
2520 1863 2753 1940 positus
2786 1884 2836 1922 a.
2868 1873 2992 1926 958

378 1955 579 2029 ipsum
608 1954 680 2011 de
710 1954 820 2011 hoc
850 1957 1202 2029 argumento
1223 1954 1552 2013 docuerint.
1575 1988 1659 1996 —
1715 1955 1910 2029 coepit
1940 1955 2254 2013 consilium
2286 1954 2528 2028 exsequi
2573 1954 2635 2012 in
2681 1971 2771 2027 op.
2805 1953 2995 2010 Anta-

380 2044 451 2101 In
481 2047 558 2102 tr.
602 2042 676 2100 de
721 2043 944 2100 divinis
985 2043 1210 2112 officiis,
1258 2043 1364 2118 qui
1412 2043 1524 2101 sub
1555 2043 1658 2100 Al·
1707 2045 1986 2119 podoseos
2031 2062 2135 2102 seu
2178 2063 2379 2102 rerum
2425 2062 2532 2118 per
2560 2042 2858 2116 Europam
2892 2060 2993 2117 ge·

382 2132 543 2191 cuini
587 2131 679 2189 vel
720 2131 975 2208 Remigii
1007 2132 1522 2191 antissioderensis
1554 2150 1658 2189 no·
1717 2137 1946 2191 starum
1977 2133 2038 2195 ll.
2070 2132 2151 2191 VI
2198 2133 2271 2190 ab
2318 2153 2378 2192 a.
2419 2141 2784 2200 887—950,
2834 2130 2993 2205 quod

380 2221 538 2280 mine
559 2220 988 2291 circumfertur,
1023 2222 1083 2279 et
1114 2221 1450 2296 compilatio
1471 2225 1565 2279 est
1592 2240 1661 2278 ex
1716 2223 1803 2279 ita
1850 2222 2171 2297 inscripsit,
2235 2223 2377 2295 quia
2438 2240 2505 2279 eo
2567 2219 2770 2279 amicis
2828 2220 2996 2288 bona,

379 2309 558 2369 variis
592 2313 860 2368 veterum
893 2310 1153 2385 scriptis,
1195 2311 1419 2387 legitur
1450 2313 1512 2367 et
1543 2312 1660 2385 epi·
1718 2312 2075 2387 Berengario
2121 2315 2182 2368 et
2228 2311 2436 2369 Willae
2481 2311 2635 2368 mala
2681 2309 2796 2367 sibi
2830 2309 3000 2367 illata

380 2400 527 2459 stola
588 2399 896 2474 cujusdam
958 2398 1180 2475 Elprici
1240 2400 1335 2457 vel
1396 2399 1660 2475 Helprici
1718 2400 2048 2458 retribuere
2081 2400 2312 2459 statuit.
2379 2398 2542 2458 Illud
2586 2417 2706 2457 non
2753 2416 2873 2456 uno
2905 2415 2998 2455 ca-

382 2488 650 2547 monachi
682 2488 754 2546 de
786 2488 1152 2563 quaestione,
1192 2507 1373 2563 quare
1404 2488 1663 2547 Ecclesia
1717 2490 1872 2548 lamo
1892 2488 2156 2565 perfecit,
2183 2489 2288 2546 sed
2309 2488 2594 2564 temporis
2616 2489 2793 2562 lapsu
2814 2482 2999 2566 (958-

382 2578 535 2637 diem
556 2576 800 2636 Veneris
822 2578 947 2637 ritu
966 2578 1088 2636 tam
1108 2578 1356 2655 lugubri
1382 2577 1658 2647 celebret,
1722 2574 1894 2658 963),
1926 2597 2118 2653 neque
2148 2578 2391 2653 penitus
2422 2577 2693 2645 absolvit,
2730 2575 3004 2635 substitit

382 2685 518 2726 cum
547 2671 747 2725 tamen
781 2668 934 2725 diem
956 2668 1155 2726 obitus
1176 2671 1516 2727 sanctorum
1539 2670 1662 2725 tam
1718 2667 1874 2725 enim
1908 2668 1971 2724 in
2003 2669 2041 2725 l.
2075 2667 2152 2725 VI
2186 2686 2230 2725 c.
2269 2679 2322 2729 9.
2387 2668 2523 2726 Non
2555 2667 2774 2725 desunt
2804 2668 3002 2723 ‘tamen

384 2756 726 2816 solemniter
771 2759 925 2834 agat.
1001 2756 1112 2814 Hic
1170 2775 1290 2815 non
1336 2756 1490 2815 alius
1536 2775 1662 2814 esse
1719 2757 1904 2832 quic.
1942 2767 1975 2817 6
2025 2757 2086 2813 et
2131 2756 2441 2830 sequentia
2486 2754 2559 2813 ab
2605 2754 2718 2813 alio
2756 2753 3001 2828 adjecta,

380 2844 878 2904 videturanostro
893 2841 1270 2925 ²).-Verum
1285 2845 1661 2908 L.Traube
1718 2846 1837 2904 imo
1858 2846 2105 2903 conficta
2123 2847 2357 2920 putent.
2408 2843 2479 2902 In
2511 2843 2848 2902 narratione
2881 2860 3002 2900 non

380 2934 445 2992 in
476 2952 658 2992 naues
691 2935 909 2993 Archiv
943 2934 1047 2992 der
1078 2935 1210 2998 Ges.
1242 2934 1341 2991 fiir
1371 2943 1420 2991 a.
1454 2933 1509 2991 d.
1552 2935 1661 2992 Ge·
1720 2935 1868 2992 satis
1903 2937 2098 2992 servat
2127 2953 2325 2992 rerum
2361 2933 2626 2991 ordinem
2659 2951 2851 3006 neque
2898 2931 2999 2988 de·

381 3022 843 3081 Schichssskunde
882 3033 1046 3088 1892
1097 3023 1306 3092 XVIII,
1358 3033 1659 3085 71-105
1717 3023 1906 3081 bitam
1969 3022 2382 3099 chronologiae
2457 3023 2741 3081 rationem
2805 3020 3001 3078 habet.

381 3111 646 3170 ostendit
698 3112 1078 3188 Helpericum
1139 3113 1176 3173 l.
1241 3113 1313 3169 de
1375 3112 1661 3187 Computo
1717 3113 2076 3170 Interseruit
2095 3116 2296 3170 autem
2320 3115 2381 3169 et
2412 3129 2619 3169 versus
2652 3112 2712 3168 et
2743 3108 3002 3167 carmina

381 3202 677 3258 auctorem
720 3218 849 3258 esse
882 3201 1205 3270 Heiricum‚
1256 3202 1327 3259 de
1371 3220 1490 3276 quo
1537 3201 1662 3277 egi·
1718 3200 1790 3259 ad
1838 3201 2230 3259 imitationem
2262 3200 2455 3259 Boetii
2497 3199 2562 3258 in
2596 3217 2703 3257 sua
2736 3198 2996 3256 consola·

382 3308 515 3347 mus
561 3308 741 3365 supra
790 3308 901 3347 sec.
947 3290 1063 3360 IX.,
1115 3289 1275 3364 quod
1326 3289 1662 3365 suspicatus
1717 3291 1880 3348 tione
1911 3290 2349 3366 philosophiae:
2384 3307 2517 3346 nam
2540 3290 2647 3346 hoc
2668 3288 2796 3362 ipso
2828 3304 3000 3360 opere

373 3379 499 3453 jam
548 3379 676 3436 erat
723 3378 1103 3437 Mabillon
1156 3379 1219 3436 in
1272 3378 1397 3439 Vet.
1447 3379 1659 3441 Annal.
1718 3379 1958 3437 videtur
1990 3379 2352 3453 quaesivisse
2375 3377 2870 3452 contemplatione
2897 3377 2999 3450 ju-

380 3466 462 3536 1'2‚
498 3475 642 3529 431.
1719 3468 1920 3525 stitiae
1939 3468 2174 3526 divinae
2194 3468 2259 3525 in
2279 3468 2486 3525 mundi
2509 3485 2688 3525 cursu
2708 3464 3000 3522 elucentis

1719 3557 2000 3614 solatium
2032 3556 2096 3614 in
2128 3558 2255 3614 suis
2288 3556 2740 3614 calamitatibus
2794 3553 3002 3611 Utitur

475 3655 620 3708 500.
651 3645 931 3703 Famosus
963 3646 1123 3703 inter
1141 3645 1452 3704 historicos
1485 3646 1664 3719 hujus
1719 3645 1858 3703 stilo
1872 3645 2062 3704 vivaci
2075 3645 2324 3715 etvariO,
2338 3649 2526 3703 etnon
2540 3645 2998 3710 solnmnnrmre,

381 3733 666 3809 temporis
728 3736 821 3793 est
869 3733 1419 3809 Liudprandus
1471 3734 1661 3810 (Liut-
1719 3735 1822 3792 sed
1869 3737 1929 3792 et
1971 3735 2221 3792 lectores
2267 3734 2561 3792 oblectare
2603 3733 2841 3790 nititur.
2908 3731 3000 3788 Ab

381 3822 679 3897 prandu8‚
740 3822 1181 3897 Luitprandus,
1246 3822 1660 3894 LitobranduS,
1719 3823 1937 3882 Ottone
1969 3823 2213 3881 interim
2246 3843 2293 3884 a.
2331 3833 2456 3885 963
2491 3823 2553 3880 in
2587 3822 2723 3880 fidei
2771 3825 2831 3879 et
2878 3839 2998 3877 ser—

381 3911 726 3969 Eutrandus
771 3907 907 3992 etc.)
954 3911 1396 3988 LongobarduS,
1449 3912 1659 3987 patria,
1718 3913 2000 3970 vitiorum
2048 3912 2374 3987 praemium
2422 3912 2731 3987 episcopus
2777 3928 2998 3968 cremo-

382 4002 453 4057 ut
513 4001 819 4060 nonnullis
881 4001 1078 4060 visum
1141 4004 1250 4070 est,
1314 4000 1660 4060 Ticinensis.
1718 4001 1923 4059 nensis
1955 4000 2149 4059 dictus
2180 4005 2273 4059 est
2305 4004 2367 4057 et
2406 4001 2684 4076 deinceps
2718 3997 2998 4075 gravissi-

382 4088 563 4146 Puer.
598 4089 802 4148 literas
865 4091 1082 4148 latinas
1133 4108 1491 4168 graecasque
1546 4089 1664 4147 fuit
1717 4089 1832 4148 mis
1879 4090 2113 4165 imperii
2160 4091 2417 4166 negotiis
2464 4088 2739 4146 admotus
2771 4085 2996 4163 praeci·

383 4177 648 4249 edoctuS,
695 4182 756 4237 et
801 4178 865 4236 in
905 4179 1099 4237 aulam
1133 4179 1475 4255 Berengarii
1509 4197 1661 4236 mar·
1718 4197 1868 4255 puas
1902 4178 1965 4236 in
2008 4179 2187 4237 rebus
2221 4178 2438 4236 italicis
2470 4181 2530 4237 et
2560 4176 2784 4254 graecis
2817 4193 2996 4251 agen-

383 4265 614 4326 chionis
646 4287 899 4342 moxque
931 4267 1091 4344 regis
1137 4268 1212 4326 ob
1259 4267 1492 4326 dulcem
1528 4286 1661 4326 can-
1718 4268 1811 4326 dis
1843 4271 2042 4344 partes
2063 4268 2340 4343 suscepit.
2393 4267 2608 4325 Missus
2640 4269 2732 4323 est
2761 4266 2998 4341 legatus

380 4354 627 4415 tilenam
665 4360 960 4431 receptus,
1006 4358 1320 4415 literarum
1366 4357 1661 4432 regiarum
1719 4357 1793 4415 ab
1838 4358 2193 4432 imperatore
2241 4356 2311 4414 ad
2358 4355 2646 4414 ‚Ioannem
2678 4355 2802 4412 XII.
2837 4354 2998 4427 ejus-

383 4443 651 4520 signator
680 4450 774 4504 est
805 4446 1188 4504 constitutus.
1229 4445 1393 4504 Clero
1427 4463 1663 4521 quoque
1719 4464 1838 4521 que
1881 4446 2177 4522 interpres
2224 4445 2342 4503 fuit
2387 4446 2451 4503 in
2496 4444 2745 4503 concilio
2792 4445 3000 4499 contra

383 4533 664 4593 ticinensi
712 4534 829 4593 fuit
877 4534 1211 4610 adscriptus
1271 4537 1332 4592 et
1380 4532 1663 4593 diaconus
1718 4535 2011 4594 Joannem
2043 4534 2261 4605 habito,
2300 4536 2478 4610 atque
2509 4533 2691 4592 Leoni
2721 4530 2862 4591 VIII
2894 4528 3000 4588 eli-

1720 4623 1915 4702 gendo
1966 4627 2028 4684 et
2075 4624 2392 4684 Benedicto
2443 4621 2787 4701 deponendo
2838 4617 2998 4677 haud

466 4725 500 4792 ¹)
529 4720 611 4778 Cf.
638 4721 782 4776 Eiet.
812 4721 895 4776 lit.
924 4723 1019 4787 VI,
1046 4729 1344 4780 397-403.
1721 4713 1900 4772 dubie
1930 4713 2273 4772 interfuisse
2318 4712 2648 4774 credendus
2692 4713 2813 4779 est;
2862 4708 2998 4768 dein
