3505 5161
642 251 797 305 1031

632 421 830 479 sium
876 422 1031 479 Lect.
1069 422 1189 482 ant.
1221 419 1320 491 VI,
1358 428 1518 489 2023
1564 419 1652 481 ed.
1704 428 1758 510 2⁶.
1805 418 1910 489 ΙΙΙ,

635 520 712 574 37
725 518 1001 580 2-395,
1033 509 1099 567 in
1128 508 1325 567 tribus
1356 508 1734 567 bibliothecis
1767 509 1911 579 PP.;

630 600 696 658 in
726 599 859 660 MG.
892 598 1030 657 hist.
1063 598 1168 656 lib.
1201 597 1275 656 de
1305 598 1398 656 lit.
1439 609 1489 667 1,
1527 606 1910 669 sis—5283

631 687 1040 764 subjiciuntur
1086 687 1149 745 in
1183 686 1399 746 Canisii
1432 685 1556 749 cod.
1604 689 1676 745 ut
1720 686 1911 745 conti-

629 776 836 836 nuatio
867 777 907 835 1.
933 786 967 838 2
994 780 1055 835 et
1074 776 1435 835 collectanea
1454 776 1774 851 quaedum:
1810 774 1911 834 sed

629 868 773 926 haec
804 884 943 925 casu
973 866 1202 942 adjecta
1232 868 1373 924 sunt
1403 865 1442 922 l.
1489 865 1583 925 vel
1623 863 1912 941 epistolae

631 954 918 1024 Anselmi,
966 957 1028 1013 et
1072 954 1111 1012 l.
1143 954 1247 1012 ille
1281 963 1335 1017 2.
1370 953 1723 1030 opusculum
1756 953 1912 1012 card.

632 1046 790 1103 Deus
823 1042 1007 1115 dedit,
1041 1042 1115 1102 de
1146 1061 1264 1118 quo
1284 1042 1442 1102 infra
1461 1041 1680 1101 redibit
1699 1061 1907 1112 sermo,

631 1152 758 1192 esse
789 1132 1045 1191 videtur.
1109 1133 1305 1190 Antea
1334 1133 1461 1207 jam
1493 1132 1807 1208 scripserat
1837 1132 1911 1189 ad

633 1222 965 1280 Wibertum
987 1220 1317 1297 epistolam,
1349 1220 1698 1289 breviorem,
1732 1226 1805 1279 ut
1825 1220 1912 1278 vi-

632 1310 827 1380 detur,
861 1317 922 1368 et
952 1310 1267 1378 mitiorem,
1302 1328 1453 1385 quae
1483 1313 1685 1368 tamen
1716 1310 1912 1386 periit.

632 1399 828 1459 Dubia
859 1401 1003 1457 sunt
1030 1399 1316 1474 quaedam
1338 1398 1626 1475 opuscula
1645 1398 1912 1468 ascetica,

632 1494 704 1548 ut
734 1488 1135 1547 Meditationes
1178 1488 1241 1546 in
1286 1488 1611 1547 orationem
1658 1486 1913 1547 dumini-

634 1597 793 1649 cam;
841 1578 909 1635 de
952 1578 1293 1637 salutatione
1325 1577 1376 1635 b.
1426 1576 1489 1637 V.
1524 1577 1757 1635 Mariae
1788 1575 1914 1635 scil.

632 1669 757 1725 Ave
809 1666 1018 1736 Maria3
1079 1684 1257 1741 super
1305 1665 1471 1724 Salve
1518 1665 1744 1743 Regina
1758 1685 1789 1737 ,·
1847 1666 1917 1723 de

628 1758 802 1834 qestis
847 1755 922 1814 D.
954 1755 1027 1814 N.
1059 1754 1120 1812 J.
1155 1754 1371 1814 Christi
1413 1757 1476 1814 et
1519 1754 1593 1813 de
1640 1755 1916 1832 passione

632 1846 761 1922 ejus
785 1839 1075 1927 (rythmi),
1110 1843 1175 1902 in
1202 1844 1344 1902 bibl.
1367 1844 1476 1902 PP.
1495 1844 1661 1921 lugd.
1681 1843 1914 1914 XXVII,

637 1943 983 1999 436—458
1020 1932 1111 1995 ed.
1141 1932 1280 1997 Luc,
1316 1931 1756 2010 Waddingo.
1801 1933 1914 1991 Ex-

632 2022 846 2099 positio
892 2024 956 2081 in
987 2019 1423 2081 lamentationes
1453 2020 1782 2080 Hieremiae
1811 2040 1915 2097 pe-

633 2112 766 2182 riit3
799 2111 1130 2187 fragmenta
1149 2110 1557 2170 commentarii
1580 2113 1643 2168 in
1653 2112 1918 2185 psalmos

634 2200 876 2259 exhibet
905 2200 1195 2258 Paulus
1242 2199 1316 2258 de
1362 2200 1647 2259 Bernried
1694 2201 1757 2258 in
1792 2199 1917 2258 vita

637 2288 905 2366 Gregorii
943 2288 1052 2347 VII
1096 2306 1143 2346 c.
1198 2297 1338 2351 126.
1387 2322 1475 2335 --—
1523 2289 1917 2364 Praecipuum

634 2382 833 2436 tamen
864 2377 1134 2436 Anselmi
1180 2396 1331 2452 opus
1374 2377 1492 2436 fuit
1537 2379 1782 2437 collectio
1813 2396 1913 2436 ca-

635 2485 849 2525 nonum
881 2466 1259 2543 systematice
1303 2466 1594 2543 disposita
1636 2471 1697 2526 et
1741 2467 1807 2525 in
1853 2467 1916 2529 ll.

636 2555 775 2616 XIII
806 2555 1150 2627 distributa,
1196 2574 1316 2632 qua
1350 2556 1520 2615 nulla
1550 2559 1688 2616 ante
1718 2556 1915 2632 ipsum

634 2645 879 2704 uberior
914 2645 1153 2721 prodiit.
1215 2645 1446 2705 Priores
1489 2647 1554 2710 ll.
1598 2645 1708 2704 VII
1756 2646 1914 2704 inni-

634 2737 854 2793 tuntur
882 2734 1219 2794 collectioni
1260 2735 1525 2793 nondum
1555 2735 1751 2794 editae
1783 2754 1914 2794 exe-

635 2824 801 2883 untis
833 2841 946 2883 sec.
979 2823 1076 2882 IX.
1123 2824 1471 2900 compilatae
1503 2843 1571 2882 ex
1603 2824 1915 2883 decretali-

632 2913 747 2972 bus
777 2931 922 2972 rom.
952 2913 1303 2988 pontificum
1348 2913 1623 2990 genuinis
1668 2917 1729 2973 et
1774 2931 1914 2989 sup-

637 3002 868 3078 positis,
901 3002 1248 3078 praesertim
1268 3020 1313 3065 s.
1337 3002 1607 3079 Gregorii
1629 3003 1721 3072 M„
1755 3005 1818 3061 et
1847 3020 1916 3059 ex

627 3093 767 3167 jure
818 3109 1074 3159 romano,
1140 3092 1422 3150 Anselmo
1472 3090 1915 3166 archiepiscopo

637 3180 1060 3239 mediolanensi
1084 3175 1236 3261 (883
1252 3174 1488 3262 -897)
1525 3180 1828 3258 dedicata;
1855 3180 1915 3238 11.

637 3268 714 3328 VI
734 3268 1092 3344 posteriores
1113 3269 1445 3328 collectioni
1481 3270 1529 3327 B
1547 3288 1588 3328 u
1602 3289 1632 3327 r
1650 3289 1679 3327 c
1693 3269 1732 3326 h
1748 3289 1782 3327 a
1798 3289 1827 3327 r
1842 3268 1917 3327 di

639 3354 738 3440 (cf.
770 3379 825 3434 p.
861 3357 1029 3434 978).
1097 3358 1320 3434 Scopus
1351 3362 1552 3417 autem
1582 3358 1764 3434 hujus
1796 3357 1916 3416 col·

636 3447 906 3506 lectionis
952 3447 1069 3505 fuit
1112 3451 1266 3506 teste
1310 3451 1549 3506 auctore
1594 3447 1754 3505 vitae
1787 3448 1914 3523 ejus

639 3535 730 3616 (in
776 3536 901 3594 MG.
949 3536 1044 3597 SS.
1085 3536 1210 3606 XII,
1261 3533 1371 3617 20)
1424 3537 1680 3605 ,Domni
1729 3554 1915 3612 papae

638 3625 930 3703 (Gregorii
961 3624 1093 3701 VII)
1127 3625 1483 3684 sententiam
1532 3627 1593 3683 et
1637 3626 1917 3683 universa

638 3715 688 3789 ej
697 3731 769 3771 us
789 3713 943 3772 facta
961 3716 1141 3788 atque
1160 3717 1474 3790 praecepta
1495 3713 1793 3773 canonicis
1815 3715 1914 3771 de-

638 3801 877 3861 fendere
908 3802 1240 3861 rationibus
1273 3806 1334 3860 et
1364 3803 1688 3878 approbare
1718 3803 1916 3862 ortho-

639 3891 805 3950 doxis
857 3892 1264 3950 auctoribus“.
1326 3892 1477 3950 Hinc
1524 3911 1654 3950 eam
1700 3893 1912 3968 Apolo-

637 3981 851 4058 9eticus
881 3981 1200 4057 inscripsit.
1265 3981 1350 4039 Ea
1393 3981 1456 4039 in
1504 3981 1915 4057 compendium

639 4070 758 4128 fuit
789 4070 1044 4129 subinde
1088 4070 1328 4129 redacta
1371 4069 1466 4128 vel
1511 4069 1916 4128 additionibus

639 4161 827 4229 aucta,
874 4178 1088 4235 magna
1132 4177 1200 4217 ex
1247 4163 1413 4235 parte
1458 4158 1522 4217 in
1553 4158 1915 4217 Gratiani

640 4248 941 4307 decretum
974 4248 1232 4319 transiit,
1280 4249 1382 4306 sed
1427 4267 1733 4323 nunquam
1780 4266 1916 4323 pro-

640 4337 767 4407 diit,
801 4336 1071 4411 quamvis
1093 4337 1294 4413 plures
1324 4338 1394 4395 de
1414 4356 1484 4396 ea
1512 4337 1737 4395 edenda
1757 4337 1915 4414 cogi-

974 238 1337 291 1073—1100.
1366 232 1700 288 Defensores
1726 251 1770 287 s.
1798 232 2062 303 Gregorii
2093 233 2209 288 V11.
2238 232 2562 297 Anselmus,
2588 230 2903 298 Gebehard,

3080 247 3230 302 1032

1968 419 2040 478 de
2069 418 2254 494 antiq.
2287 420 2513 479 collect.
2546 418 2627 477 IV
2670 435 2720 477 c.
2759 426 2871 486 l3;
2915 416 3240 475 Theiner

1967 508 2213 584 disquis.
2245 508 2378 568 crit.
2424 509 2489 567 in
2519 507 2866 586 praecipuas
2896 524 3023 564 can.
3057 510 3116 563 et
3145 505 3235 563 de·

1967 601 2108 660 cret.
2139 597 2517 657 collectiones
2552 617 2608 674 p.
2644 604 3027 663 363—382;
3075 594 3237 653 Gal-

1967 686 2183 745 landi
2230 686 2303 746 de
2347 687 2608 746 vetustis
2655 705 2782 747 can.
2828 685 3060 744 collect.
3110 683 3243 741 diss.

1968 776 2103 852 syll.
2144 786 2198 844 1,
2236 785 2360 839 640
2397 794 2475 835 ss.
2508 779 2618 835 etc.
2681 775 2843 834 Haec
2887 772 3093 832 omnia
3130 768 3241 853 (ex-

1967 867 2138 939 cepta
2156 864 2292 923 diss.
2312 863 2737 947 Balleriniana)
2772 863 2951 923 habes
2972 862 3041 921 in
3073 862 3126 920 M
3146 862 3240 937 ig·

1968 972 2058 1012 ne
2089 954 2152 1013 P.
2183 954 2246 1011 L.
2280 953 2519 1025 CXLIX,
2555 961 2922 1018 435—630.

2063 1141 2207 1194 577.
2257 1131 2312 1195 S.
2347 1131 2848 1192 Gebehardus
2880 1125 2925 1211 ¹)
2964 1129 3244 1205 archiepi-

1968 1238 2184 1296 scopus
2215 1219 2668 1299 salisburgensis
2688 1216 2935 1302 (1060),
2972 1220 3245 1296 impiger-

1969 1309 2120 1368 rime
2166 1328 2200 1367 a
2239 1310 2508 1387 Gregorii
2553 1310 2828 1386 partibus
2875 1308 3070 1377 stetit,
3121 1309 3248 1366 hinc

1968 1398 2042 1457 ab
2095 1398 2353 1458 Henrico
2395 1400 2490 1459 IV.
2542 1400 2681 1475 sede
2729 1399 2944 1475 pulsus
3003 1392 3154 1480 (107
3170 1390 3245 1476 7),

1971 1487 2075 1546 sed
2149 1487 2366 1547 iterum
2431 1488 2750 1548 restitutus
2824 1487 3068 1563 scripsit
3141 1487 3246 1561 epi·

1969 1577 2175 1635 stolam
2203 1576 2278 1635 ad
2309 1577 2737 1637 Herimannum
2769 1581 3103 1635 metensem
3135 1575 3243 1650 epi·

1970 1662 2300 1748 scopum2),
2366 1667 2472 1742 qui
2520 1685 2659 1726 eum
2708 1666 3127 1732 consuluerat,
3186 1664 3250 1721 de

1972 1753 2289 1813 schismate
2309 1755 2469 1816 inter
2492 1755 2843 1833 Gregorium
2864 1753 2997 1814 VII.
3019 1757 3083 1812 et
3101 1754 3247 1811 Hen-

1969 1843 2160 1902 ricum
2190 1844 2289 1915 IV,
2337 1844 2401 1903 in
2445 1864 2566 1921 qua
2608 1843 2871 1904 ostendit
2895 1844 3068 1919 juste
3100 1841 3250 1900 Hen-

1971 1932 2160 1990 ricum
2208 1933 2396 1993 fuisse
2457 1933 3056 2001 excommunicatum,
3121 1931 3248 1990 hinc

1971 2038 2110 2079 cum
2156 2020 2288 2099 ipso
2337 2041 2458 2082 non
2502 2041 2633 2083 esse
2679 2020 3246 2087 communicandum,

1970 2128 2164 2186 neque
2213 2129 2311 2171 eos
2360 2113 2694 2189 perjurium
2742 2111 3090 2179 incurrisse,
3152 2108 3243 2184 qui

1971 2218 2106 2257 eum
2124 2199 2590 2278 dereliquerunt.
2610 2202 2679 2260 In
2700 2200 2987 2260 omnibus
3006 2216 3239 2274 aequum

1971 2291 2032 2347 et
2064 2287 2394 2367 incorrupti
2421 2290 2638 2367 judicii
2678 2308 2742 2349 se
2782 2290 3035 2367 praebet
3064 2288 3237 2346 virum

1971 2396 2243 2452 eumque,
2276 2398 2455 2455 quem
2486 2397 2607 2438 non
2638 2379 2859 2438 mirum
2894 2379 2983 2437 sit
3013 2380 3073 2437 et
3099 2373 3232 2451 apud

1972 2484 2252 2541 sequaces
2296 2472 2359 2527 et
2401 2468 2558 2544 apud
2606 2468 2983 2527 adversarios
3014 2479 3230 2539 magnae

1971 2556 2344 2617 auctoritatis
2404 2556 2590 2618 fuisse
2653 2553 2714 2639 (†
2773 2555 2991 2637 1088).
3057 2552 3224 2613 Habes

1971 2664 2099 2704 eam
2161 2665 2251 2722 ep.
2312 2648 2471 2723 apud
2533 2647 2990 2725 Tengnagel
3045 2643 3224 2702 Vetera

1971 2738 2359 2794 monumenta
2378 2740 2584 2795 contra
2603 2735 3036 2805 schismaticos,
3055 2728 3224 2806 Ingol-

1973 2822 2151 2882 stadii
2181 2835 2342 2889 1612
2380 2823 2511 2905 (qui
2541 2827 2718 2901 plura
2738 2825 2966 2901 scripta
2986 2842 3087 2901 pro
3106 2821 3225 2878 Gre-

1971 2912 2136 2988 gorio
2170 2913 2280 2973 VII
2312 2911 2580 2994 collegit)
2627 2935 2681 2990 p.
2720 2923 2974 2985 7-29;
3018 2913 3079 2970 in
3119 2911 3225 2967 Act.

1974 3000 2071 3059 SS.
2127 2990 2221 3065 16'.
2264 3003 2408 3066 Jun.
2441 3004 2538 3074 VI,
2597 3013 2981 3073 157—1653
3024 3002 3083 3059 in
3125 2997 3226 3056 ΜΘ.

1973 3089 2110 3148 hist.
2155 3092 2257 3150 lib.
2305 3092 2377 3150 de
2423 3092 2531 3152 lite
2578 3092 2621 3161 ῐ,
2674 3101 3025 3156 263—279
3061 3088 3224 3160 colp-

1976 3188 2135 3247 628³
2169 3180 2425 3258 Migne
2448 3180 2745 3251 CXLVIII,
2773 3186 3132 3244 847—868.
3161 3175 3226 3232 De

1972 3286 2038 3326 eo
2071 3269 2154 3327 ita
2185 3270 2609 3329 Bertoldus
2642 3275 2828 3329 const.
2861 3270 2923 3327 in
2959 3286 3066 3328 suo
3084 3266 3224 3325 chro-

1971 3358 2103 3416 nico
2136 3358 2210 3417 ad
2254 3379 2304 3417 a.
2353 3367 2552 3422 1088:
2602 3357 3029 3428 ,Gebehardus
3073 3370 3222 3414 vene·

1971 3446 2188 3506 randae
2233 3447 2549 3506 memoriae
2597 3447 2635 3505 J
2639 3447 2981 3507 uvaviensis
3028 3442 3224 3503 archie-

1972 3535 2272 3611 piscopus,
2306 3535 2372 3594 in
2405 3555 2582 3595 causa
2615 3555 2661 3596 s.
2683 3537 2844 3596 Petri
2876 3534 3223 3612 praecipuus,

1972 3625 2077 3700 qui
2110 3624 2508 3684 schismaticos
2538 3626 2776 3702 publice
2808 3625 2984 3684 dictis
3016 3625 3075 3682 et
3103 3618 3222 3678 scri·

2051 3869 2086 3937 ¹)
2124 3865 2264 3935 Ejus
2315 3872 2473 3920 vitam
2525 3883 2583 3918 re
2629 3863 2771 3919 eries
2833 3863 2986 3934 apud
3049 3854 3221 3915 Cani·

1973 3937 2034 3990 si
2061 3955 2094 3990 u
2114 3955 2168 3990 m
2213 3938 2344 3990 Ant.
2373 3937 2502 3991 lect.
2528 3937 2579 3989 V
2610 3978 2624 4003 ,
2658 3941 3034 3994 1227—1252:
3083 3930 3220 4014 ed32.

1977 4010 2067 4072 ιιι,
2096 4016 2145 4068 2,
2172 4015 2485 4069 434—448;
2529 4008 2588 4064 in
2615 4010 2739 4061 Act.
2767 4008 2856 4061 SS.
2892 4012 2969 4062 16.
2994 4004 3120 4059 Jun.
3148 3999 3222 4058 Η,

1980 4089 2022 4143 l,
2058 4083 2350 4135 147—155.

2047 4154 2088 4221 ²)
2119 4151 2169 4203 H
2187 4167 2214 4204 e
2231 4169 2258 4203 r
2276 4170 2329 4203 m
2347 4167 2376 4204 a
2393 4169 2430 4203 n
2444 4169 2480 4204 ιι
2495 4168 2530 4203 ιι
2543 4167 2568 4203 s
2586 4149 3009 4220 (Herimannus)
3025 4139 3224 4200 canoni·

1973 4239 2073 4276 cus
2099 4226 2157 4275 et
2173 4224 2534 4293 praepositus
2551 4221 2876 4285 leodiensis,
2892 4219 3021 4274 dein
3038 4213 3222 4286 episco-

1973 4311 2081 4374 pus
2124 4294 2394 4347 metensis
2437 4297 2629 4365 (10722
2675 4302 2702 4355 †
2740 4300 2791 4346 4.
2834 4292 2964 4361 Maj.
2996 4288 3149 4408 loma
3176 4283 3224 4336 Εἴ

1973 4382 2094 4434 ipse
2122 4368 2350 4418 strenue
2379 4363 2541 4418 stetit
2566 4379 2594 4416 e
2639 4367 2800 4432 parte
2829 4363 3081 4432 Gregorii
3156 4353 3222 4406 11·

639 4425 828 4484 tarint
859 4428 988 4501 ejus
1020 4427 1174 4484 mole
1222 4427 1295 4485 ab
1341 4445 1409 4485 eo
1456 4426 1703 4487 consilio
1749 4445 1913 4485 exse·
1973 4435 2108 4490 hinc
2145 4435 2219 4488 ab
2247 4436 2490 4490 Henrico
2532 4434 2660 4488 sede
2701 4435 2902 4504 pulsus
2941 4437 3024 4487 est.
3048 4429 3223 4504 (1078).

641 4515 877 4591 quendo
910 4515 1208 4573 deterriti:
1248 4516 1647 4590 capitulorum
1679 4518 1916 4574 tantum
1974 4506 2264 4578 Epistolae
2294 4508 2415 4577 ejus
2443 4506 2725 4577 pretiosae
2753 4504 3057 4577 perierunt.
3098 4496 3221 4552 Reh-

641 4604 1057 4679 inscriptiones
1103 4604 1293 4663 edidit
1337 4605 1476 4663 Mai
1526 4605 1724 4680 Spicil.
1771 4623 1914 4666 rom.

1973 4596 2087 4646 qua
2115 4582 2341 4633 tantum
2369 4581 2455 4631 est
2478 4582 2666 4632 charta
2708 4576 2986 4644 quaedam
3011 4573 3220 4646 donatiq-

1971 4657 2056 4704 nis
2082 4653 2138 4705 et
2162 4655 2388 4705 historia
2408 4647 2746 4703 elevationis
2776 4651 2835 4702 et
2860 4641 3220 4702 translationis

644 4693 737 4762 VI*
795 4701 1172 4760 312—394;
1221 4695 1291 4752 de
1346 4694 1474 4768 ejus
1527 4693 1917 4769 diSPOSitione
1974 4721 2225 4790 corporis
2271 4739 2312 4774 s.
2355 4722 2476 4774 Cle
2494 4739 2551 4773 m
2571 4736 2601 4774 e
2619 4739 2656 4773 n
2676 4721 2793 4774 tis.
2845 4718 2926 4773 Cf.
2967 4716 3101 4770 Hist.
3148 4709 3218 4763 lit.

644 4780 836 4837 fusius
868 4784 928 4838 et
959 4779 1126 4838 docte
1156 4782 1459 4840 disserunt
1489 4782 1622 4840 Bal
1641 4781 1917 4840 lerinii
1981 4792 2124 4855 Vlll,
2152 4798 2452 4848 330-334.
