3505 5161
507 198 631 250 375

1459 186 1758 236 431-—500.
1785 179 1838 233 S.
1868 180 2125 233 Gelasius
2152 181 2191 231 Ι.

2996 194 3122 249 376

501 369 600 425 est
617 367 1032 425 tristissimum
1065 370 1126 425 et
1158 367 1514 427 diuturnum
1535 367 1790 425 schisma
1844 365 2097 442 percalia
2145 365 2473 424 secundum
2527 383 2751 423 morem
2801 364 3128 441 pristinum
3167 373 3177 381 “

500 456 845 514 acacianum
877 455 1036 514 inter
1067 455 1369 513 Orientem
1410 459 1471 512 et
1504 455 1785 514 Occiden-

505 548 644 615 tem,
678 545 741 603 in
774 563 891 620 quo
925 544 1327 619 componendo
1362 547 1603 603 strenue
1623 544 1786 602 Felix

501 634 754 708 ejusque
806 651 1175 693 successores
1234 634 1594 694 laborarunt.
1672 633 1786 691 Ex-

507 725 669 781 stant
699 723 909 781 Felicis
934 723 1020 783 III
1052 724 1322 797 epistolae
1340 722 1407 781 X
1419 721 1506 781 VI
1521 718 1785 805 (XVIII),

501 830 653 886 quas
699 812 737 875 f.
784 812 946 887 apud
980 812 1200 870 Thiel
1233 831 1364 889 pag.
1403 820 1786 881 222—-2783

505 901 756 978 Migne
808 900 1023 970 LVIII,
1080 910 1419 971 893—973
1481 900 1690 959 Jaffe
1739 901 1786 973 Ι,

504 999 765 1054 80-83
787 1012 800 1061 ;
834 1009 933 1049 eae
954 993 1224 1066 spectant
1242 989 1596 1048 tristissima
1618 990 1787 1048 illius

504 1080 788 1155 temporis
821 1079 959 1140 fata.
1147 1151 1151 1156 p

613 1177 758 1230 210.
806 1167 1204 1236 Quadriennio
1249 1171 1487 1227 tantum
1536 1168 1691 1227 rexit
1740 1186 1786 1231 s·

502 1257 866 1316 Gelasius
900 1257 927 1314 1
973 1257 1213 1316 natione
1245 1258 1387 1316 Afer
1418 1257 1617 1316 sedem
1648 1277 1787 1333 apo·-

507 1346 775 1405 stolioam
836 1340 923 1428 (1.
985 1346 1155 1404 Mart.
1224 1356 1518 1409 1492—2
1540 1358 1586 1408 ι.
1637 1346 1787 1407 Nov.

516 1431 727 1516 1496),
779 1435 881 1494 sed
913 1437 1151 1510 praesul
1185 1435 1302 1494 fuit
1332 1454 1469 1495 vere
1502 1436 1787 1510 apostoli-

503 1542 609 1582 cus
660 1528 722 1582 et
769 1524 1305 1595 laboriosissimae,
1369 1525 1634 1601 plurium
1686 1525 1786 1583 de-

1845 456 2088 515 colenda
2166 454 2615 512 constituebant
2679 449 3125 535 (llo—119);

1844 549 2013 622 gesta
2043 546 2112 602 de
2143 546 2368 602 nomine
2400 544 2605 602 Aeacii
2649 544 2743 601 vel
2782 544 3125 602 breviculus

1844 633 2127 693 historiae
2178 633 2785 708 eutychianistarum3
2842 633 2911 691 de
2960 634 3124 691 dam-

1844 726 2076 783 natione
2150 723 2461 780 nominum
2525 721 2685 780 Petri
2750 720 3004 799 (Mongi)
3066 728 3128 781 et

1844 812 2076 887 Acacii3
2124 812 2192 869 de
2237 811 2464 870 duabus
2508 812 2743 869 naturis
2788 811 2852 868 in
2891 811 3125 870 Christo

1843 902 2125 961 adversus
2157 901 2468 977 Eutychen
2516 903 2576 958 et
2607 900 2986 971 Nestorium3
3030 906 3125 959 to-

1844 1011 2008 1050 mum
2070 992 2138 1048 de
2199 991 2585 1049 anathematis
2643 990 2881 1065 vincula,
2946 1009 3127 1065 quam

1846 1081 2131 1156 plurimas
2165 1080 2453 1153 epistolas,
2489 1078 2591 1137 sed
2624 1078 2949 1163 multarum
2984 1073 3122 1160 (49)

1842 1172 2167 1245 supersunt
2197 1172 2436 1227 tantum
2467 1168 2815 1244 fragmenta.
2862 1167 2933 1225 In
2965 1168 3125 1226 hisce

1843 1262 2045 1317 autem
2078 1258 2317 1334 scriptis
2348 1259 2515 1316 tanta
2565 1258 2836 1332 loquitur
2868 1257 3124 1316 auctori·

1844 1352 1983 1417 tate,
2035 1350 2159 1405 tam
2210 1348 2559 1422 eloquenter
2590 1345 2857 1406 conscius
2890 1365 3125 1422 praero-

1844 1436 2182 1514 gativarum
2206 1454 2346 1494 suae
2368 1436 2543 1503 sedis,
2567 1438 2639 1493 ut
2658 1435 2810 1494 forte
2829 1435 3124 1494 neminem

1845 1526 2059 1585 habeat
2097 1544 2296 1601 parem
2344 1544 2411 1583 ex
2460 1524 2584 1584 suis
2631 1524 3125 1583 antecessoribus

505 1616 768 1673 structor
814 1613 1165 1684 haeresium,
1212 1618 1284 1672 ut
1328 1634 1362 1672 a
1406 1614 1461 1671 N
1478 1614 1788 1674 icolaoI
1844 1617 2009 1673 Inter
2059 1615 2344 1690 epistolas
2377 1618 2716 1673 recensetur
2748 1614 3128 1672 celeberrima

501 1701 854 1773 celebratur,
891 1705 1062 1780 cujus
1097 1704 1352 1762 virtutes
1373 1703 1653 1780 graphice
1685 1704 1785 1762 de·
1847 1704 2158 1763 decretalis
2209 1706 2278 1762 de
2328 1705 2672 1777 recipiendis
2720 1710 2771 1761 et
2817 1721 2933 1761 non
2983 1705 3123 1761 reci-

502 1791 716 1850 scribit
748 1793 992 1868 Diony
1011 1792 1177 1851 sius
1197 1792 1463 1869 Exiguus
1496 1792 1560 1850 in
1593 1811 1682 1868 ep.
1714 1793 1789 1850 ad
1835 1795 2069 1866 piendis
2098 1794 2281 1868 libris,
2316 1793 2544 1868 primus
2564 1794 2731 1851 velut
2750 1791 2926 1850 index
2948 1791 3125 1871 libro·

501 1881 543 1939 J
548 1881 834 1951 mianum,
858 1900 1035 1956 quam
1057 1881 1240 1957 priori
1261 1882 1625 1940 collectionis
1646 1899 1788 1940 suae
1846 1903 1980 1942 rum
2012 1883 2479 1958 prohibitorum:
2527 1882 2698 1957 cujus
2730 1881 2962 1951 priores
2993 1900 3124 1956 par-

503 1971 664 2045 parti
698 1970 982 2046 praefixit.
1046 1969 1296 2038 ,Omnis
1330 1970 1480 2029 actio
1514 1971 1660 2048 ejuS,
1697 1971 1788 2028 in·-
1844 1976 1934 2031 tes
1968 1973 2039 2029 de
2062 1972 2291 2047 Spiritu
2324 1990 2387 2042 8.,
2422 1973 2483 2029 et
2514 1971 2585 2028 de
2618 1988 2839 2028 canone
2860 1970 3125 2045 Scriptu-

503 2059 660 2132 quit,
712 2062 819 2117 aut
850 2060 1038 2118 oratio
1071 2059 1256 2118 fuisse
1287 2062 1650 2118 memoratur
1682 2064 1789 2118 aut
1845 2079 1945 2120 rae
2000 2079 2198 2119 sacrae
2248 2079 2367 2119 non
2417 2060 2717 2118 immerito
2767 2059 3127 2117 tribuuntur

506 2148 726 2206 lectio.
762 2192 776 2205 .
809 2197 822 2210 .
872 2148 1013 2206 Fuit
1059 2148 1281 2223 quippe
1326 2149 1565 2225 ingenio
1617 2149 1787 2207 lucu-

508 2237 726 2305 lentus,
765 2237 890 2294 vita
909 2238 1282 2313 praecipuus,
1317 2237 1672 2296 auctoritate
1693 2257 1786 2296 re-

507 2325 820 2394 verendus„
855 2330 916 2383 et
947 2325 1079 2385 ideo
1112 2329 1204 2384 tot
1236 2326 1528 2385 virtutum
1549 2327 1785 2385 decora-

507 2417 608 2472 tus
640 2414 981 2491 insignibus
1014 2415 1085 2472 ad
1119 2416 1403 2491 praecelsi
1431 2417 1666 2474 culmen
1700 2416 1788 2474 of-

505 2502 622 2561 ficii
669 2522 789 2562 non
835 2504 1081 2562 accessit
1123 2504 1426 2582 indignus,
1489 2505 1786 2563 Honorem

1846 2150 2068 2226 synodo
2101 2168 2375 2208 romanae
2406 2150 2517 2208 sub
2557 2167 2602 2207 s.
2637 2150 2888 2207 Damaso
2922 2144 3124 2230 (382),

1847 2240 2075 2315 reliqua
2106 2258 2244 2298 vero
2279 2239 2625 2314 praesertim
2672 2238 2743 2295 de
2792 2237 2982 2307 libris,
3034 2256 3125 2295 re-

1844 2328 2090 2387 centiori
2122 2331 2315 2385 aetate
2362 2348 2397 2385 a
2440 2328 2585 2387 viris
2632 2326 2882 2385 eruditis
2920 2326 2984 2383 in
3016 2326 3125 2384 du-

1844 2418 2008 2475 bium
2041 2420 2349 2487 vocantur,
2399 2416 2758 2492 interpolata
2790 2418 3124 2485 censentur,

1845 2507 1963 2564 imo
1999 2506 2311 2583 supposita
2328 2502 2392 2587 ¹).
2443 2505 2722 2582 Reperies
2755 2507 2950 2563 autem
2984 2505 3124 2563 scri-

508 2611 771 2652 summae
791 2593 1102 2670 dignitatis
1119 2594 1537 2670 gravissimum
1553 2596 1787 2671 pondus
1842 2599 1947 2672 pta
1979 2598 2039 2654 et
2069 2595 2354 2671 epistolas
2390 2614 2435 2654 s,
2469 2595 2683 2653 Gelasii
2717 2595 2874 2670 apud
2907 2594 3128 2653 'rhiel

502 2682 870 2750 existimans,
941 2703 1299 2759 parvamque
1362 2683 1789 2760 negligentiam
1843 2705 1974 2762 pag.
2026 2694 2405 2754 287—607;
2456 2685 2707 2761 Migne
2759 2683 2901 2753 LIX,
2960 2693 3124 2746 13—

507 2771 801 2847 pontificis
848 2772 1058 2849 ingens
1103 2773 1436 2832 animarum
1468 2772 1787 2831 discrimen
1852 2785 1993 2845 191,
2045 2774 2134 2832 ed.
2187 2775 2282 2832 cui
2334 2775 2524 2832 multa
2573 2773 2809 2831 desunt.
2877 2772 3127 2847 Aliquot

503 2878 635 2919 esse
667 2862 1025 2932 contestans),
1076 2862 1290 2921 idcirco
1329 2862 1497 2921 nullo
1536 2881 1598 2920 se
1631 2861 1787 2921 desi·
1844 2863 2129 2940 epistolas
2162 2863 2370 2922 breves
2409 2862 2632 2938 reperit
2662 2861 3123 2929 Lowenfeld‚

506 2949 671 3009 dioso
707 2951 828 3009 otio
861 2950 1125 3013 tradidit.
1191 2951 1301 3010 Hic
1350 2951 1555 3027 itaque
1588 2954 1789 3027 pastor
1843 2971 1992 3028 quas
2023 2952 2211 3011 edidit
2242 2952 2306 3011 in
2337 2971 2429 3028 op.
2450 2951 2753 3028 Epistolae
2785 2969 2928 3009 rom.
2962 2954 3124 3026 pont.

506 3039 726 3098 summi
774 3043 954 3115 atque
1013 3041 1152 3099 boni
1215 3040 1470 3116 pastoris
1521 3041 1788 3099 imitator
1842 3042 2119 3111 ineditae,
2167 3041 2402 3116 Lipsiae
2450 3051 2611 3104 1885
2648 3059 2703 3115 p.
2748 3049 2977 3102 1—12.
3045 3039 3123 3098 Cf.

502 3128 798 3188 exsistens
832 3130 1127 3206 egregius„
1180 3131 1418 3206 praesul
1453 3129 1612 3188 sedis
1644 3149 1784 3205 apo·
1844 3131 1883 3188 J
1901 3131 2055 3188 affe
2087 3130 2133 3200 I,
2173 3139 2450 3193 8:3—95.
2489 3164 2560 3172 -—
2590 3129 3125 3188 sacramentarium

506 3217 748 3277 stolicae
781 3219 913 3289 fuit,
948 3219 1056 3293 qui
1088 3218 1293 3278 divina
1317 3222 1628 3295 praecepta
1647 3219 1788 3277 fecit
1850 3220 2233 3277 Gelasianum
2276 3238 2383 3278 seu
2414 3219 2591 3278 codex
2625 3221 3123 3277 sacramentorum

502 3309 567 3364 et
597 3307 859 3371 docuit.‘
922 3308 1263 3383 Apostolico
1295 3308 1499 3385 vigore
1531 3307 1789 3366 schisma
1842 3327 2114 3367 romanae
2145 3308 2436 3367 Ecclesiae
2469 3307 2709 3366 exhibet>
2740 3307 3007 3366 ordinem
3055 3308 3124 3364 li-

506 3396 843 3454 acacianum
866 3415 1215 3472 componere
1247 3396 1494 3455 adnisus
1526 3401 1631 3468 est,
1665 3397 1785 3455 Eu·

505 3484 803 3558 tychianis
858 3485 1112 3556 obstitit,
1179 3486 1467 3544 haeresim
1527 3486 1786 3562 pelagia·

505 3591 642 3630 nam
674 3573 739 3631 in
771 3573 1065 3632 Dalmatia
1096 3577 1157 3632 et
1187 3574 1398 3632 Piceno
1430 3575 1784 3633 reviviscen-

505 3665 628 3718 tem
691 3662 1023 3734 damnavit‚
1088 3662 1420 3739 gentilismi
1481 3663 1784 3739 reliquiaS,

506 3749 856 3824 Lupercalia
887 3752 1029 3822 scil„
1079 3752 1292 3810 Romae
1325 3752 1576 3811 sustulit
1606 3755 1787 3828 atque

507 3839 855 3915 disciplinae
888 3858 1083 3899 sacrae
1123 3846 1323 3901 custos
1369 3841 1487 3900 fuit
1531 3842 1786 3918 vigilan·

507 3928 797 3990 tissimus,
858 3930 1011 3989 Hinc
1056 3930 1297 4006 scripsit
1348 3930 1519 3989 Dicta
1565 3949 1671 3989 seu
1709 3934 1784 3992 tr.

504 4011 958 4098 (perobscurum
977 4021 1174 4080 tamen
1201 4023 1262 4077 et
1288 4015 1660 4100 intricatum)
1683 4020 1785 4078 ad-

507 4125 715 4166 versus
762 4108 1137 4185 pelagianam
1182 4108 1471 4167 haeresim
1505 4106 1785 4190 (Migne

504 4195 651 4266 LIX,
709 4193 1099 4279 lle—137),
1147 4197 1210 4256 in
1257 4217 1374 4273 quo
1420 4198 1789 4256 demonstrat

1845 3398 2217 3474 turgicarum
2251 3398 2588 3456 orationum
2626 3415 2732 3472 per
2763 3414 3003 3455 cursum
3036 3402 3124 3454 to-

1844 3486 1967 3545 tius
1999 3486 2141 3544 anni
2173 3486 2372 3544 editus
2405 3487 2478 3544 ab
2511 3486 2566 3544 J.
2601 3485 3123 3554 M.Thomasi0,

1924 3676 1957 3743 Ι)
1988 3672 2094 3726 Pro
2135 3673 2499 3744 genuinitate
2541 3676 2696 3726 stant
2740 3673 2964 3726 omissis
2991 3672 3126 3725 viris

1843 3743 2246 3799 eruditissimis
2268 3744 2678 3799 vetustioribus
2707 3741 2750 3797 T
2766 3743 2919 3799 hiel
2945 3742 3007 3796 in
3029 3761 3126 3797 sua

1843 3814 1932 3867 ed.
1962 3816 2053 3886 (cf.
2082 3816 2313 3885 praevia
2334 3816 2555 3869 monita
2570 3834 2628 3886 p.
2656 3820 2907 3888 44—58),
2936 3815 2978 3867 F
2994 3831 3023 3867 e
3043 3834 3067 3868 s
3082 3837 3126 3870 s-

1843 3886 2035 3939 lor-J
2055 3905 2090 3938 ιι
2110 3905 2143 3938 n
2162 3904 2373 3958 gman
2392 3906 2428 3939 n
2456 3890 2578 3951 etc.‚
2604 3903 2789 3955 neque
2821 3886 3010 3939 Jafts
3036 3887 3125 3939 ad·

1843 3961 2120 4012 versatur.
2176 3960 2236 4010 [n
2264 3959 2606 4014 contrariam
2635 3957 2979 4013 sententiam
3004 3959 3126 4012 abe-

1844 4031 1951 4082 unt
1976 4029 2520 4084 Bardenhewer
2546 4027 3127 4096 §114;Friedrich

1843 4099 2028 4154 Ueber
2072 4101 2163 4155 die
2206 4101 2554 4156 Unechtheit
2597 4101 2696 4153 der
2724 4099 3015 4154 Decretale
3059 4100 3126 4153 de

1842 4171 2186 4242 recipiendis
2221 4177 2279 4226 et
2318 4190 2433 4226 non
2461 4171 2805 4242 recipiendis
2844 4171 3006 4226 libris
3032 4172 3126 4225 des

1842 4241 1902 4295 P.
1921 4243 2182 4298 Gelasius
2198 4245 2238 4297 1.
2258 4243 2580 4314 Sitzungsb.
2599 4244 2698 4296 der
2712 4243 2769 4295 k.
2789 4242 2928 4297 bair.
2946 4243 3127 4296 Akad.

507 4285 806 4344 hominem
836 4305 957 4346 11011
1002 4288 1200 4346 vivere
1247 4288 1376 4345 sine
1422 4292 1678 4362 peceato,
1726 4290 1788 4345 et
1842 4314 1943 4367 der
1994 4315 2086 4367 W.
2136 4334 2205 4369 zu
2260 4315 2562 4369 Manchen.
2616 4314 3127 4385 Philos.-philolog.

505 4372 732 4433 dictum
778 4377 1031 4451 apostoli
1089 4377 1196 4434 Vir
1241 4377 1483 4449 infidelis
1527 4377 1784 4450 sanctifi·

501 4471 673 4522 catur
693 4483 807 4539 per
837 4467 1028 4540 virum
1056 4466 1278 4538 fidelem
1314 4462 1398 4547 (1.
1430 4466 1556 4524 Cor.
1583 4476 1636 4537 7,
1680 4462 1784 4546 14)

506 4556 635 4622 etc„
683 4555 1153 4630 mysteriumque
1185 4554 1638 4613 resurrectionis
1685 4554 1786 4613 de·

507 4641 720 4711 clarat;
775 4645 849 4701 tr.
882 4645 1159 4702 adversus
1190 4644 1661 4702 Andromachum

1845 4385 1922 4441 Cl.
1959 4393 2095 4444 1888
2124 4388 2161 4450 l,
2192 4394 2419 4451 54-86,
2457 4387 2628 4456 juxta
2654 4403 2822 4454 quem
2850 4385 3127 4457 prodiisse

1844 4457 2073 4511 videtur
2101 4463 2231 4529 post
2254 4475 2304 4511 a.
2335 4466 2455 4523 533,
2484 4457 2527 4512 G
2549 4457 2745 4511 risar
2783 4459 2821 4509 1.
2849 4474 2895 4510 c.
2922 4476 2977 4512 n.
3008 4459 3126 4514 478,

1836 4530 2007 4598 juxta
2035 4547 2205 4598 quem
2234 4533 2322 4583 est
2346 4529 2603 4584 ineuntis
2629 4546 2736 4583 sec.
2765 4529 2859 4590 Vl,
2905 4531 2965 4582 et
2989 4528 3126 4581 Zeit-

1842 4601 1989 4654 schr.
2018 4603 2056 4654 f.
2085 4601 2140 4653 k.
2168 4601 2362 4667 Theol.
2390 4601 2538 4665 Vlll,
2561 4608 2694 4661 203:
2724 4599 2771 4653 R
2788 4617 2820 4652 o
2839 4618 2876 4653 u
2894 4617 2930 4652 1
2956 4600 3018 4653 in
3039 4617 3069 4653 o
3114 4639 3127 4651 .

1693 4663 1785 4703 ΒΘ·
1843 4690 1973 4726 mox
2003 4673 2249 4727 citando.
2280 4673 2362 4727 Cf.
2381 4672 2624 4727 Hefele
2643 4671 3069 4742 Conciliengesc
3115 4711 3127 4722 .

507 4733 775 4788 natorem
808 4734 1150 4808 ceterosque
1184 4733 1492 4803 Romanos,
1533 4733 1637 4808 qui
1670 4733 1787 4792 Lu·
1847 4744 1943 4806 11²,
1972 4738 2092 4799 618.
