3505 5161
356 244 477 297 2131
1005 225 1057 278 S.
1084 223 1419 294 Hieronymi
1445 239 1615 294 opera
1643 222 1933 293 exegetica
1959 226 2017 276 et
2043 222 2332 279 historica.
2849 240 2974 295 252

358 412 663 471 sententia
706 430 828 470 non
872 411 1017 470 satis
1048 412 1204 470 clare
1236 411 1636 488 dignoscatur.
1692 412 1879 471 ratur.
1901 410 2108 469 Berlin
2137 419 2321 474 1902.
2353 410 2434 469 Cf.
2455 411 2840 482 etKlasen‚
2873 411 2980 487 qui

356 502 633 560 Altera
662 500 869 560 classis
908 501 1325 575 complectitur
1344 519 1637 560 commen·
1691 501 1844 559 hanc
1892 499 2324 574 expositionem
2377 500 2617 576 Pelagio
2680 500 2981 575 abjudicat

354 592 539 649 tarios
571 590 635 648 in
661 590 982 666 prophetas
1001 590 1260 649 minores
1283 587 1416 671 (scr.
1441 600 1640 654 391-
1694 589 1896 653 Theol.
1945 588 2196 657 Qtlschr.
2254 596 2415 653 1885
2470 589 2694 661 LXVII,
2761 599 2978 653 244——

361 676 537 760 396),
571 679 635 736 in
667 678 891 755 quibus
923 698 1089 738 suam
1122 698 1336 737 novam
1367 679 1641 755 sequitur
1700 688 1858 749 3173
1914 687 2281 741 531—577.
2325 711 2397 722 —
2451 678 2540 736 De
2585 679 2979 737 benedictioni-

356 769 711 839 versionem,
758 768 887 843 ejus
932 787 1175 827 sensum
1222 768 1513 827 literalem
1548 786 1641 827 ac·
1696 769 1804 827 bus
1834 767 2013 825 Jacob
2053 767 2421 843 patriarchae
2454 762 2734 847 (Migne
2766 766 2979 837 xxm,

355 861 564 916 curate
614 858 873 933 exponit,
937 857 1348 916 alexandrinae
1408 861 1643 917 textum
1705 850 2186 937 1307—1318)
2262 856 2598 916 Alcuino
2674 856 2980 915 tribuitur.

360 947 665 1022 spirituali
688 946 878 1022 magis
895 965 1076 1005 sensu
1092 946 1363 1022 explicat.
1396 947 1643 1005 Tertia
1699 944 2023 1021 Supposita
2054 963 2292 1021 quoque
2326 948 2500 1004 sunt:
2548 946 2752 1004 Decem
2797 952 2978 1003 tenta-

355 1036 567 1095 classis
615 1036 1029 1112 complectitur
1076 1036 1529 1094 commentarios
1580 1036 1644 1093 in
1698 1038 1880 1094 tiones
1901 1035 2111 1111 populi
2131 1035 2317 1093 Israel
2348 1034 2412 1092 in
2445 1035 2694 1104 desert0,
2729 1036 2790 1093 et
2822 1052 2979 1092 com-

356 1125 681 1201 prophetas
736 1125 992 1200 majores
1044 1119 1473 1207 (407—420),
1536 1124 1642 1200 qui
1698 1125 2029 1184 mentarius
2041 1125 2103 1182 in
2116 1123 2979 1202 canticumDeborae(ib.XXlI1,

362 1215 513 1273 alios
546 1214 721 1291 longe
755 1216 1056 1289 superant.
1117 1214 1189 1272 In
1221 1214 1296 1271 iis
1328 1216 1644 1290 utramque
1706 1207 2186 1293 1319—1328).
2252 1246 2333 1255 —
2399 1212 2865 1271 Commentarius
2918 1212 2982 1271 in

356 1303 606 1379 quidem
626 1303 956 1362 versionem
977 1302 1164 1379 ponit.
1199 1303 1303 1362 sed
1324 1322 1493 1362 suam
1523 1303 1645 1362 fere
1698 1303 2132 1361 lamentationes
2211 1303 2498 1359 Jeremiae
2546 1301 2785 1360 videtur
2851 1319 2981 1361 esse

352 1392 621 1469 explicat
649 1392 880 1450 ratione
925 1398 1124 1451 tamen
1156 1391 1359 1451 habita
1391 1392 1643 1450 aliarum
1700 1391 1893 1451 Bedae
1926 1388 2033 1473 (ib.
2066 1390 2236 1462 XXV,
2278 1400 2530 1455 787--7
2542 1390 2665 1469 95).

360 1482 705 1541 versionum
751 1481 1062 1557 rariusque
1107 1481 1420 1558 allegorias
1459 1481 1643 1543 affert.

358 1604 451 1615 -——
482 1570 754 1630 Genuina
794 1588 917 1629 non
961 1573 1106 1629 sunt
1153 1588 1304 1645 quae
1355 1570 1468 1629 sub
1514 1570 1644 1645 ejus

358 1659 605 1719 nomine
625 1659 1157 1718 circumferuntur:
1189 1659 1564 1719 Breviorium
1583 1661 1646 1717 in
1700 1658 1890 1729 rica,
1942 1663 2015 1718 ut
2054 1660 2368 1731 ‚chronicon
2412 1656 2741 1716 Eusebii
2788 1674 2981 1715 caesa-

351 1750 621 1827 psalmos
654 1748 1029 1824 compilatum
1053 1748 1180 1824 jam
1212 1767 1324 1808 sec.
1346 1748 1412 1808 V.
1445 1768 1513 1807 ex
1544 1767 1644 1807 ve·
1700 1748 1913 1807 riensis
1943 1743 2041 1828 (cf.
2072 1768 2129 1825 p.
2166 1742 2339 1828 211),
2381 1748 2538 1822 quod
2573 1746 2757 1805 latine
2787 1745 2981 1805 reddi-

360 1846 562 1898 torum
620 1837 1019 1911 interpretum
1082 1838 1340 1914 scriptis,
1401 1838 1643 1909 bonum,
1702 1837 1807 1909 dit,
1828 1838 2182 1907 emendavit,
2215 1837 2383 1895 auxit
2413 1840 2475 1895 et
2505 1837 2578 1895 ab
2602 1856 2652 1894 a.
2677 1842 2980 1898 325—78

365 1926 647 2008 (Migne
698 1925 899 1995 XXVI,
956 1926 1408 2005 802—127o);
1471 1945 1645 2004 quae·
1702 1923 2157 2007 continuavit1).
2188 1959 2276 1969 --
2305 1926 2550 1987 Librum
2581 1926 2648 1983 de
2679 1926 2822 1983 viris
2851 1925 2982 1982 illu-

362 2018 577 2075 stiones
606 2015 904 2074 hebraicae
948 2015 1013 2074 in
1043 2016 1105 2074 ll.
1138 2016 1365 2092 Regum
1399 2019 1460 2074 et
1490 2016 1555 2075 in
1587 2015 1646 2073 ll.
1700 2016 1920 2074 scribas
1953 2033 2060 2074 seu
2090 2016 2163 2075 de
2196 2015 2591 2092 scriptoribus
2624 2013 2982 2074 ecclesiasti-

354 2104 853 2180 Paralipomenon
884 2101 1109 2184 (Migne
1141 2104 1348 2175 XXIII,
1392 2114 1646 2167 1329—
1703 2105 1806 2175 cia,
1853 2106 1918 2163 in
1963 2124 2081 2180 quo
2129 2123 2209 2166 cc.
2249 2114 2367 2168 135
2412 2105 2713 2180 specimen
2744 2102 2986 2162 exhibet

376 2190 603 2276 1402);
649 2195 928 2269 expositio
961 2194 1352 2253 interlinearis
1388 2195 1423 2252 l.
1453 2194 1563 2253 Job
1581 2190 1644 2274 ¹),
1702 2194 2089 2270 patrologiae,
2124 2195 2271 2253 duce
2301 2212 2440 2268 prae
2473 2193 2684 2268 primis
2705 2192 2983 2261 Eusebio,

360 2302 521 2358 quae
572 2301 681 2342 suo
730 2283 942 2341 merito
992 2301 1115 2340 non
1165 2285 1325 2341 caret
1371 2279 1648 2363 (Migne
1703 2282 1854 2343 exile
1876 2301 2049 2359 saepe
2081 2286 2143 2342 et
2164 2284 2459 2358 Jejunum‚
2490 2300 2599 2358 pro
2619 2281 2724 2341 illo
2744 2280 2987 2357 quidem

366 2370 592 2442 XXIII,
665 2367 1155 2453 1407—1470);
1218 2374 1494 2447 expositio
1557 2371 1660 2430 IV
1703 2378 1968 2447 tempore
1989 2390 2128 2431 sane
2147 2372 2494 2448 pretiosum,
2529 2370 2632 2430 sed
2658 2369 2862 2429 naevis
2892 2370 2985 2429 in-

368 2462 818 2538 annqeliorum
877 2460 1159 2519 orationis
1208 2461 1373 2520 vitiis
1434 2460 1650 2518 infecta
1705 2461 1945 2532 fectum,
1987 2460 2361 2530 festinanter,
2408 2462 2481 2518 ut
2523 2460 2781 2531 videtur,
2828 2478 2985 2519 com-

360 2556 429 2610 et
461 2550 763 2626 Expositio
795 2568 970 2627 super
1000 2568 1085 2626 ep.
1117 2569 1161 2612 s,
1196 2548 1369 2609 Pauli
1411 2551 1651 2627 excepta
1704 2550 1988 2627 positum,
2052 2552 2123 2609 ut
2181 2548 2446 2610 ostendit
2495 2549 2656 2614 Stan.
2719 2549 2791 2608 de
2850 2548 2986 2625 Sy·

369 2659 462 2716 ep.
495 2640 569 2697 ad
591 2639 887 2698 Hebraeos
909 2635 1189 2718 (utraque
1220 2640 1377 2714 apud
1400 2640 1492 2697 Mi
1508 2658 1649 2715 gne
1705 2641 1912 2699 chow
1929 2639 2050 2699 ski
2081 2640 2143 2699 in
2169 2640 2393 2715 optima
2411 2639 2501 2702 ed.
2523 2639 2793 2698 Miinster
2820 2646 2986 2701 1894

366 2729 432 2787 P.
454 2729 516 2786 L.
535 2727 709 2797 XXX,
737 2723 1132 2809 531—902)‚
1165 2747 1318 2803 quae
1338 2747 1457 2786 non
1475 2728 1651 2803 plane
1705 2731 1995 2805 apparatu
2028 2729 2235 2788 critico
2266 2729 2577 2787 instructa.
2622 2727 2856 2786 Prodiit
2885 2727 2988 2784 ille

368 2817 625 2889 inutilis,
676 2817 727 2875 si
772 2820 974 2876 textus
1007 2817 1281 2893 excipias,
1328 2817 1392 2875 in
1430 2817 1651 2891 quibus
1706 2818 2015 2894 catalogus
2048 2836 2222 2894 saepe
2241 2817 2579 2876 admodum.
2631 2817 2867 2874 Praeter
2899 2815 2990 2874 ed.

359 2925 534 2965 error
583 2925 643 2964 se
695 2906 908 2981 prodit,
962 2910 1239 2965 censetur
1284 2925 1412 2965 esse
1456 2905 1650 2981 ipsius
1708 2905 2724 2983 Sychowskicur.Bernoullider
2740 2903 2991 2962 Schrift-

370 2995 620 3073 Pelagii,
655 2996 758 3053 sed
782 2995 905 3071 jam
940 2995 1080 3054 olim
1115 2995 1387 3054 nonnihil
1419 2995 1491 3053 ab
1509 3013 1650 3055 ano·
1709 2996 1914 3054 steller
1974 2996 2227 3071 Katalog
2290 2995 2363 3058 Η.
2429 2994 2722 3071 Freiburg
2790 3002 2991 3062 18953

370 3103 555 3160 nymo
570 3084 923 3155 emaculata,
942 3104 1059 3160 qua
1075 3085 1224 3143 dere
1240 3083 1310 3142 cf.
1337 3085 1374 3142 Z
1393 3084 1488 3142 im
1504 3103 1655 3143 mer
1707 3083 2170 3155 Richardson,
2185 3083 2421 3159 Lipsiae
2442 3095 2458 3145 l
2479 3093 2601 3145 896
2625 3086 2734 3142 etc.
2755 3125 2822 3134 -
2841 3081 2993 3140 Scri-

371 3175 438 3232 in
484 3192 577 3249 op.
622 3172 902 3249 Pelagius
945 3174 1011 3232 in
1041 3173 1259 3234 Irland.
1303 3173 1484 3232 Texte
1529 3173 1655 3231 und
1709 3173 1837 3249 psit
1869 3173 2009 3233 stilo
2042 3173 2234 3231 nitido
2282 3175 2344 3230 et
2388 3190 2634 3232 amoeno
2667 3174 2817 3230 vitas
2845 3189 2995 3247 quo-

372 3262 909 3336 Untersuchungen
933 3282 1037 3321 zur
1055 3262 1475 3338 patristischen
1495 3262 1653 3320 Lite·
1711 3262 1964 3321 rundam
2011 3265 2246 3338 patrum
2294 3281 2401 3321 seu
2443 3261 2878 3333 monachorum,
2925 3262 2998 3317 ut

1713 3373 1758 3411 s.
1791 3352 2016 3410 Pauli
2049 3353 2346 3421 eremitae,
2381 3370 2427 3410 s.
2459 3350 2740 3409 Malchi
2770 3352 2830 3409 et
2859 3337 3014 3408 Hi-‘

1714 3440 2055 3500 larionis
2078 3438 2148 3522 Β),
2205 3441 2426 3517 quibus
2473 3440 2612 3501 addi
2657 3439 2876 3498 debent
2907 3458 2999 3515 ep.

1716 3529 2004 3606 quaedam
2037 3530 2301 3606 prolixae
2339 3530 2794 3606 complectentes
2826 3546 2999 3588 enco-

1717 3619 1835 3678 mia
1866 3637 2252 3695 personarum
2283 3619 2633 3682 illustrium.

1779 1554 1782 1557 Ἴ
1799 1579 1939 1633 142.
1958 1569 2223 1645 Reliquit
2242 1586 2289 1628 s.
2309 1568 2514 1628 doctor
2530 1586 2711 1644 opera
2739 1566 2780 1625 h
2796 1567 2860 1625 is
2876 1569 2904 1624 t
2919 1586 2983 1625 o-

377 3502 585 3557 kirchl.
646 3501 992 3559 Wissensch.
1043 3504 1161 3558 und
1212 3504 1418 3560 kirchl.
1470 3503 1659 3558 Leben

382 3580 518 3631 1886
543 3593 600 3662 1>-
627 3579 927 3631 239-257.

458 3651 493 3712 ¹)
522 3644 605 3698 ha
646 3661 763 3699 esse
804 3645 1034 3700 videtur
1062 3645 1319 3716 Philippi
1344 3646 1663 3716 presbyteri

379 3715 589 3798 optimi
614 3716 896 3770 auditoris
926 3717 1277 3786 Hieronymi,
1299 3718 1369 3770 de
1390 3735 1503 3785 quo
1531 3717 1663 3771 scri-

377 3788 469 3841 bit
488 3787 535 3841 G
554 3806 585 3843 e
601 3806 639 3840 n
656 3806 693 3840 n
710 3805 745 3840 a
759 3788 796 3842 d
814 3787 836 3840 i
851 3807 888 3840 u
906 3806 933 3842 s
958 3807 1004 3844 c.
1026 3795 1093 3844 62
1115 3811 1125 3842 :
1157 3788 1497 3870 „Philippus
1515 3804 1665 3859 pres-

380 3860 563 3928 byter,
592 3859 846 3930 optimus
871 3859 1102 3913 auditor
1129 3859 1478 3928 Hieronymi,
1519 3877 1665 3914 com-
1819 3824 1957 3878 ¹43·
2003 3814 2169 3873 Inter
2215 3832 2391 3890 Opera
2442 3833 2483 3889 P
2499 3814 2622 3872 010
2638 3834 2695 3872 m
2715 3815 2734 3873 ἰ
2751 3832 2781 3873 0
2797 3834 2830 3872 a
2881 3813 3003 3888 pri-

383 3934 678 3986 mentatus
702 3935 761 3985 in
782 3933 885 3986 ,1οὸ
924 3930 1110 3984 edidit
1134 3947 1388 3985 sermone
1415 3930 1665 4000 simplici
1721 3922 1887 3961 mum
1928 3903 2078 3961 forte
2138 3909 2232 3962 93¹²
2274 3904 2590 3961 Altercatio
2641 3903 3006 3983 Lamse'iani

382 4002 616 4056 librum.
667 4002 810 4070 Legi
835 4003 958 4071 ejus
983 4005 1043 4055 et
1066 4001 1377 4057 familiares
1420 4006 1668 4071 epistolas

370 4078 440 4126 -et
468 4073 631 4127 valde
658 4076 847 4136 salsas,
873 4076 932 4127 et
955 4072 1199 4127 maxime
1216 4074 1287 4127 ad
1308 4073 1669 4144 paupertatis

378 4149 443 4198 *et
489 4145 752 4199 dolorum
798 4144 1160 4197 tolerantiam
1201 4144 1664 4199 exhortatorias.··
1804 4146 1840 4213 ¹)
1871 4141 1953 4194 Cf.
1982 4141 2016 4194 S
2033 4142 2117 4195 oh
2134 4157 2165 4194 o
2184 4158 2212 4195 e
2229 4160 2268 4195 n
2286 4158 2316 4195 e
2361 4142 2454 4194 die
2482 4139 2884 4194 Weltchronik
2911 4139 3009 4193 des

386 4214 781 4272 Obiitc.a.455
794 4217 1019 4272 vel456.
1037 4214 1332 4286 Expositio
1349 4218 1671 4270 autemlau-
1727 4213 1860 4267 Eus.
1889 4213 1951 4266 in
1992 4213 2147 4266 ihrer
2171 4211 2561 4283 Bearbeitung
2606 4212 2787 4265 durch
2814 4209 3012 4264 Hiero·

385 4286 521 4340 data
581 4289 890 4341 retractata
938 4286 1165 4340 videtur
1215 4303 1249 4339 a
1300 4286 1344 4338 B
1362 4302 1390 4340 e
1408 4286 1494 4340 da
1545 4302 1670 4340 ven.
1728 4303 1953 4354 nymus,
1980 4283 2173 4338 Berlin
2204 4291 2358 4340 1900.

388 4359 627 4428 ejusque
655 4358 924 4427 operibus
948 4357 1189 4425 adjecta.
1243 4358 1397 4412 Num
1438 4374 1570 4411 vero
1611 4357 1673 4410 in
1810 4363 1824 4394 ¹
1876 4356 2063 4409 Habes
2104 4372 2199 4408 eas
2239 4354 2391 4408 inter
2431 4371 2522 4424 op.
2547 4353 2640 4409 SS.
2669 4352 2777 4407 PP.
2804 4353 3014 4406 selecta

388 4429 586 4493 forma,
614 4427 808 4498 quain
827 4427 1252 4496 antiquioribus
1279 4447 1319 4481 a.
1342 4428 1675 4496 Hieronymi
1730 4428 1826 4481 XL
1885 4427 1978 4490 111,
2011 4431 2287 4483 leo—272
2316 4424 2626 4506 Oeniponti
2657 4433 2810 4481 1885.
2839 4423 2922 4478 cf.
2942 4423 3013 4477 de

389 4499 474 4553 ed.
501 4499 736 4571 prodiit,
782 4500 858 4553 sit
899 4500 1171 4570 genuina,
1216 4503 1302 4552 est
1341 4501 1550 4554 iterum
1577 4500 1676 4554 du·
1732 4498 1909 4553 variis
1934 4515 2131 4552 eorum
2170 4497 2613 4559 recensionibus,
2656 4493 3017 4550 versionibus

396 4571 547 4625 bium
576 4573 650 4626 ob
675 4575 958 4641 excerpta,
998 4588 1145 4638 quae
1180 4587 1248 4624 ex
1273 4571 1676 4639 antiquissimo
1733 4574 1838 4627 eto.
1867 4569 2256 4624 doctissimam
2288 4568 2420 4623 diss.
2443 4568 2570 4621 Van
2596 4567 2679 4621 de
2697 4586 2737 4621 n
2763 4567 2812 4619 V
2829 4583 2858 4620 e
2875 4585 2916 4619 n
2952 4565 3018 4619 in

374 4642 835 4699 *comediderunt
859 4641 1231 4696 Muratori
1256 4645 1315 4695 et
1350 4641 1680 4696 Vallarsi
1735 4642 2041 4696 Museon
2109 4646 2245 4697 1900
2294 4642 2335 4705 Ι,
2385 4646 2698 4698 413—455;
2764 4642 2895 4694 1901
2951 4636 3018 4701 11,

393 4712 452 4765 in
479 4731 581 4768 sua
605 4714 694 4768 ecl.
722 4714 793 4768 of.
821 4712 863 4766 F
879 4730 913 4767 a
932 4714 965 4767 b
983 4713 1092 4767 rio
1110 4714 1128 4767 i
1146 4732 1181 4767 u
1201 4733 1225 4766 s
1252 4713 1398 4769 Bibl.
1416 4717 1513 4768 lat.
1532 4714 1680 4767 med.
1736 4720 2037 4776 208-326,
2082 4715 2142 4765 et
2178 4713 2239 4767 in
2279 4728 2369 4782 op.
2397 4711 2449 4764 S.
2476 4711 2696 4766 Jerome
2737 4713 2796 4763 et
2831 4711 2886 4764 la
2929 4708 3019 4762 vie

393 4783 484 4850 111,
513 4793 632 4843 281.

1736 4785 1816 4838 du
1845 4783 2032 4838 moine
2063 4783 2338 4849 Malchus,
2367 4782 2632 4838 Louvain
2663 4789 2818 4839 1901.

2639 4875 2690 4926 s·
