<?xml version="1.0" encoding="UTF-8"?>
<!DOCTYPE html PUBLIC "-//W3C//DTD XHTML 1.0 Transitional//EN"
    "http://www.w3.org/TR/xhtml1/DTD/xhtml1-transitional.dtd">
<html xmlns="http://www.w3.org/1999/xhtml" xml:lang="en" lang="en">
 <head>
  <title>
</title>
<meta http-equiv="Content-Type" content="text/html;charset=utf-8" />
  <meta name='ocr-system' content='tesseract 3.04.00' />
  <meta name='ocr-capabilities' content='ocr_page ocr_carea ocr_par ocr_line ocrx_word'/>
</head>
<body>
  <div class='ocr_page' id='page_1' title='image "./nomenclatorlite09hurtgoog_0209.png"; bbox 0 0 3505 5161; ppageno 0'>
   <div class='ocr_carea' id='block_1_1' title="bbox 385 227 3000 303">
    <p class='ocr_par' dir='ltr' id='par_1_1' title="bbox 385 227 3000 303">
     <span class='ocr_line' id='line_1_1' title="bbox 385 227 3000 303; baseline 0.015 -38"><span class='ocrx_word' id='word_1_1' title='bbox 385 245 418 297; x_wconf 77' lang='lat'><strong>3</strong></span> <span class='ocrx_word' id='word_1_2' title='bbox 432 247 459 295; x_wconf 70' lang='lat'>7</span> <span class='ocrx_word' id='word_1_3' title='bbox 474 246 504 297; x_wconf 72' lang='lat'>7</span> <span class='ocrx_word' id='word_1_4' title='bbox 1192 227 1528 282; x_wconf 72' lang='lat' dir='ltr'>Anastasius</span> <span class='ocrx_word' id='word_1_5' title='bbox 1555 228 1623 282; x_wconf 88' lang='lat'>11.</span> <span class='ocrx_word' id='word_1_6' title='bbox 1654 227 1993 284; x_wconf 76' lang='lat' dir='ltr'>Vincentius</span> <span class='ocrx_word' id='word_1_7' title='bbox 2020 230 2152 284; x_wconf 88' lang='lat' dir='ltr'>lirin</span> <span class='ocrx_word' id='word_1_8' title='bbox 2874 251 2906 303; x_wconf 91' lang='lat'><strong>3</strong></span> <span class='ocrx_word' id='word_1_9' title='bbox 2919 250 2950 301; x_wconf 73' lang='lat'>7</span> <span class='ocrx_word' id='word_1_10' title='bbox 2964 249 3000 303; x_wconf 77' lang='lat'>8</span> 
     </span>
    </p>
   </div>
   <div class='ocr_carea' id='block_1_2' title="bbox 379 415 3006 1745">
    <p class='ocr_par' dir='ltr' id='par_1_2' title="bbox 379 415 3006 1745">
     <span class='ocr_line' id='line_1_2' title="bbox 381 415 3005 494; baseline 0.002 -21"><span class='ocrx_word' id='word_1_11' title='bbox 381 416 595 473; x_wconf 87' lang='lat' dir='ltr'>Romae</span> <span class='ocrx_word' id='word_1_12' title='bbox 640 424 840 486; x_wconf 81' lang='lat'>1680;</span> <span class='ocrx_word' id='word_1_13' title='bbox 891 415 1271 474; x_wconf 80' lang='lat' dir='ltr'>Muratori</span> <span class='ocrx_word' id='word_1_14' title='bbox 1301 417 1361 474; x_wconf 89' lang='grc'>111</span> <span class='ocrx_word' id='word_1_15' title='bbox 1396 416 1664 492; x_wconf 85' lang='lat' dir='ltr'>Litargia</span> <span class='ocrx_word' id='word_1_16' title='bbox 1815 427 1957 480; x_wconf 88' lang='lat'>211.</span> <span class='ocrx_word' id='word_1_17' title='bbox 2006 418 2335 476; x_wconf 80' lang='lat' dir='ltr'>Redeamus</span> <span class='ocrx_word' id='word_1_18' title='bbox 2385 418 2457 476; x_wconf 86' lang='lat' dir='ltr'>ad</span> <span class='ocrx_word' id='word_1_19' title='bbox 2510 418 2852 493; x_wconf 77' lang='lat' dir='ltr'>scriptoreS,</span> <span class='ocrx_word' id='word_1_20' title='bbox 2906 421 3005 494; x_wconf 90' lang='lat' dir='ltr'>qui</span> 
     </span>
     <span class='ocr_line' id='line_1_3' title="bbox 379 504 3006 583; baseline 0.002 -21"><span class='ocrx_word' id='word_1_21' title='bbox 379 523 639 573; x_wconf 82' lang='lat' dir='ltr'>romana,</span> <span class='ocrx_word' id='word_1_22' title='bbox 675 504 942 564; x_wconf 89' lang='lat' dir='ltr'>Venetiis</span> <span class='ocrx_word' id='word_1_23' title='bbox 987 504 1244 575; x_wconf 77' lang='lat'>1748.1,</span> <span class='ocrx_word' id='word_1_24' title='bbox 1284 515 1660 571; x_wconf 74' lang='lat'>485—7923</span> <span class='ocrx_word' id='word_1_25' title='bbox 1719 512 1923 566; x_wconf 87' lang='lat' dir='ltr'>contra</span> <span class='ocrx_word' id='word_1_26' title='bbox 1966 507 2409 566; x_wconf 88' lang='lat' dir='ltr'>haereticos</span> <span class='ocrx_word' id='word_1_27' title='bbox 2454 511 2817 583; x_wconf 86' lang='lat' dir='ltr'>pugnarunt.</span> <span class='ocrx_word' id='word_1_28' title='bbox 2896 509 3006 567; x_wconf 88' lang='lat' dir='ltr'>Ille</span> 
     </span>
     <span class='ocr_line' id='line_1_4' title="bbox 381 593 3003 672; baseline 0.001 -20"><span class='ocrx_word' id='word_1_29' title='bbox 381 594 632 670; x_wconf 76' lang='lat' dir='ltr'>Migne</span> <span class='ocrx_word' id='word_1_30' title='bbox 665 593 914 664; x_wconf 87' lang='lat' dir='ltr'>LXXIV,</span> <span class='ocrx_word' id='word_1_31' title='bbox 957 604 1121 657; x_wconf 87' lang='grc'><strong>1044</strong></span> <span class='ocrx_word' id='word_1_32' title='bbox 1152 604 1421 663; x_wconf 74' lang='grc' dir='ltr'><strong>-1244ς</strong></span> <span class='ocrx_word' id='word_1_33' title='bbox 1473 593 1661 652; x_wconf 89' lang='lat' dir='ltr'>Wil·</span> <span class='ocrx_word' id='word_1_34' title='bbox 1719 597 1948 672; x_wconf 88' lang='lat' dir='ltr'>primus</span> <span class='ocrx_word' id='word_1_35' title='bbox 2000 599 2091 654; x_wconf 88' lang='lat' dir='ltr'>est</span> <span class='ocrx_word' id='word_1_36' title='bbox 2136 597 2697 668; x_wconf 74' lang='lat' dir='ltr'>commemorandae,</span> <span class='ocrx_word' id='word_1_37' title='bbox 2747 597 2850 671; x_wconf 90' lang='lat' dir='ltr'>qui</span> <span class='ocrx_word' id='word_1_38' title='bbox 2882 617 3003 655; x_wconf 90' lang='lat' dir='ltr'>me-</span> 
     </span>
     <span class='ocr_line' id='line_1_5' title="bbox 382 682 3005 763; baseline 0.002 -22"><span class='ocrx_word' id='word_1_39' title='bbox 382 701 514 741; x_wconf 83' lang='lat' dir='ltr'>son</span> <span class='ocrx_word' id='word_1_40' title='bbox 549 683 764 742; x_wconf 82' lang='lat' dir='ltr'>Oxonii</span> <span class='ocrx_word' id='word_1_41' title='bbox 810 692 972 746; x_wconf 83' lang='lat'>1894</span> <span class='ocrx_word' id='word_1_42' title='bbox 1020 682 1108 741; x_wconf 91' lang='lat' dir='ltr'>ed.</span> <span class='ocrx_word' id='word_1_43' title='bbox 1152 684 1395 757; x_wconf 89' lang='lat' dir='ltr'>optima,</span> <span class='ocrx_word' id='word_1_44' title='bbox 1442 683 1662 742; x_wconf 87' lang='lat' dir='ltr'>tribui·</span> <span class='ocrx_word' id='word_1_45' title='bbox 1720 686 1971 743; x_wconf 83' lang='lat' dir='ltr'>thodum</span> <span class='ocrx_word' id='word_1_46' title='bbox 2034 686 2407 755; x_wconf 82' lang='lat' dir='ltr'>monstravit,</span> <span class='ocrx_word' id='word_1_47' title='bbox 2471 705 2588 761; x_wconf 89' lang='lat' dir='ltr'>qua</span> <span class='ocrx_word' id='word_1_48' title='bbox 2651 686 2841 744; x_wconf 86' lang='lat' dir='ltr'>omnis</span> <span class='ocrx_word' id='word_1_49' title='bbox 2903 706 3005 763; x_wconf 84' lang='lat' dir='ltr'>ge-</span> 
     </span>
     <span class='ocr_line' id='line_1_6' title="bbox 381 772 3001 848; baseline 0.002 -18"><span class='ocrx_word' id='word_1_50' title='bbox 381 780 484 830; x_wconf 84' lang='lat' dir='ltr'>tur</span> <span class='ocrx_word' id='word_1_51' title='bbox 529 793 564 830; x_wconf 86' lang='lat' dir='ltr'>a</span> <span class='ocrx_word' id='word_1_52' title='bbox 615 773 1021 832; x_wconf 88' lang='lat' dir='ltr'>Duchesne</span> <span class='ocrx_word' id='word_1_53' title='bbox 1069 790 1116 832; x_wconf 78' lang='lat' dir='ltr'>s,</span> <span class='ocrx_word' id='word_1_54' title='bbox 1168 772 1450 848; x_wconf 82' lang='lat' dir='ltr'>Gregorio</span> <span class='ocrx_word' id='word_1_55' title='bbox 1489 772 1581 842; x_wconf 69' lang='lat' dir='ltr'>M„</span> <span class='ocrx_word' id='word_1_56' title='bbox 1631 792 1665 830; x_wconf 88' lang='lat' dir='ltr'>a</span> <span class='ocrx_word' id='word_1_57' title='bbox 1720 774 1877 833; x_wconf 79' lang='lat' dir='ltr'>neris</span> <span class='ocrx_word' id='word_1_58' title='bbox 1929 775 2207 833; x_wconf 87' lang='lat' dir='ltr'>haeretici</span> <span class='ocrx_word' id='word_1_59' title='bbox 2271 775 2441 833; x_wconf 84' lang='lat' dir='ltr'>facile</span> <span class='ocrx_word' id='word_1_60' title='bbox 2506 774 2721 834; x_wconf 88' lang='lat' dir='ltr'>erroris</span> <span class='ocrx_word' id='word_1_61' title='bbox 2778 776 3001 834; x_wconf 88' lang='lat' dir='ltr'>revinci</span> 
     </span>
     <span class='ocr_line' id='line_1_7' title="bbox 381 858 3005 943; baseline 0.001 -23"><span class='ocrx_word' id='word_1_62' title='bbox 381 861 662 920; x_wconf 81' lang='lat' dir='ltr'>Probet</span> <span class='ocrx_word' id='word_1_63' title='bbox 689 858 738 943; x_wconf 87' lang='lat'>¹)</span> <span class='ocrx_word' id='word_1_64' title='bbox 773 880 817 919; x_wconf 92' lang='lat' dir='ltr'>s.</span> <span class='ocrx_word' id='word_1_65' title='bbox 851 862 1102 932; x_wconf 81' lang='lat' dir='ltr'>GelasiO,</span> <span class='ocrx_word' id='word_1_66' title='bbox 1149 863 1309 936; x_wconf 86' lang='lat' dir='ltr'>quod</span> <span class='ocrx_word' id='word_1_67' title='bbox 1341 866 1665 936; x_wconf 88' lang='lat' dir='ltr'>utrumque</span> <span class='ocrx_word' id='word_1_68' title='bbox 1722 864 1975 939; x_wconf 78' lang='lat' dir='ltr'><strong>possint,</strong></span> <span class='ocrx_word' id='word_1_69' title='bbox 2011 863 2135 925; x_wconf 85' lang='lat' dir='ltr'>scil.</span> <span class='ocrx_word' id='word_1_70' title='bbox 2171 883 2215 921; x_wconf 75' lang='grc'>6.</span> <span class='ocrx_word' id='word_1_71' title='bbox 2248 863 2751 935; x_wconf 77' lang='lat' dir='ltr'>VincentiuS,</span> <span class='ocrx_word' id='word_1_72' title='bbox 2793 864 2897 938; x_wconf 91' lang='lat' dir='ltr'>qui</span> <span class='ocrx_word' id='word_1_73' title='bbox 2930 867 3005 922; x_wconf 88' lang='lat' dir='ltr'>ab</span> 
     </span>
     <span class='ocr_line' id='line_1_8' title="bbox 381 949 3003 1031; baseline 0.001 -21"><span class='ocrx_word' id='word_1_74' title='bbox 381 953 579 1026; x_wconf 89' lang='lat' dir='ltr'>potest</span> <span class='ocrx_word' id='word_1_75' title='bbox 595 951 851 1021; x_wconf 89' lang='lat' dir='ltr'>defendi,</span> <span class='ocrx_word' id='word_1_76' title='bbox 874 970 1006 1010; x_wconf 89' lang='lat' dir='ltr'>cum</span> <span class='ocrx_word' id='word_1_77' title='bbox 1026 969 1164 1009; x_wconf 90' lang='lat' dir='ltr'>sane</span> <span class='ocrx_word' id='word_1_78' title='bbox 1181 953 1462 1026; x_wconf 86' lang='lat' dir='ltr'>temporis</span> <span class='ocrx_word' id='word_1_79' title='bbox 1485 969 1666 1009; x_wconf 89' lang='lat' dir='ltr'>cursu</span> <span class='ocrx_word' id='word_1_80' title='bbox 1721 953 1923 1012; x_wconf 84' lang='lat' dir='ltr'>insula</span> <span class='ocrx_word' id='word_1_81' title='bbox 1943 954 2155 1011; x_wconf 87' lang='lat' dir='ltr'>Lerina</span> <span class='ocrx_word' id='word_1_82' title='bbox 2177 949 2503 1031; x_wconf 88' lang='lat' dir='ltr'>(Lerinum,</span> <span class='ocrx_word' id='word_1_83' title='bbox 2526 949 2822 1029; x_wconf 89' lang='lat' dir='ltr'>Lirinum)</span> <span class='ocrx_word' id='word_1_84' title='bbox 2845 973 3003 1012; x_wconf 89' lang='lat' dir='ltr'>nuuc</span> 
     </span>
     <span class='ocr_line' id='line_1_9' title="bbox 381 1039 3001 1119; baseline 0 -19"><span class='ocrx_word' id='word_1_85' title='bbox 381 1041 580 1116; x_wconf 89' lang='lat' dir='ltr'>potuit</span> <span class='ocrx_word' id='word_1_86' title='bbox 627 1041 833 1116; x_wconf 77' lang='lat' dir='ltr'>augeri</span> <span class='ocrx_word' id='word_1_87' title='bbox 898 1045 958 1098; x_wconf 88' lang='lat' dir='ltr'>et</span> <span class='ocrx_word' id='word_1_88' title='bbox 1016 1039 1234 1115; x_wconf 86' lang='lat' dir='ltr'>perfici.</span> <span class='ocrx_word' id='word_1_89' title='bbox 1327 1041 1478 1099; x_wconf 89' lang='lat' dir='ltr'>Hinc</span> <span class='ocrx_word' id='word_1_90' title='bbox 1524 1059 1665 1099; x_wconf 88' lang='lat' dir='ltr'>con·</span> <span class='ocrx_word' id='word_1_91' title='bbox 1723 1062 1769 1104; x_wconf 85' lang='lat' dir='ltr'>s,</span> <span class='ocrx_word' id='word_1_92' title='bbox 1817 1042 2107 1100; x_wconf 80' lang='lat' dir='ltr'>Honorati</span> <span class='ocrx_word' id='word_1_93' title='bbox 2158 1042 2456 1117; x_wconf 85' lang='lat' dir='ltr'>appellata</span> <span class='ocrx_word' id='word_1_94' title='bbox 2500 1060 2682 1119; x_wconf 85' lang='lat' dir='ltr'>prope</span> <span class='ocrx_word' id='word_1_95' title='bbox 2729 1042 3001 1100; x_wconf 80' lang='lat' dir='ltr'>Nicaeam</span> 
     </span>
     <span class='ocr_line' id='line_1_10' title="bbox 382 1127 3005 1212; baseline 0.001 -25"><span class='ocrx_word' id='word_1_96' title='bbox 382 1128 666 1199; x_wconf 79' lang='lat' dir='ltr'>cedimus,</span> <span class='ocrx_word' id='word_1_97' title='bbox 712 1147 820 1187; x_wconf 90' lang='lat' dir='ltr'>nos</span> <span class='ocrx_word' id='word_1_98' title='bbox 886 1129 1419 1188; x_wconf 86' lang='lat' dir='ltr'>Sacramentarium</span> <span class='ocrx_word' id='word_1_99' title='bbox 1491 1130 1664 1188; x_wconf 84' lang='lat' dir='ltr'>Gela·</span> <span class='ocrx_word' id='word_1_100' title='bbox 1721 1128 1945 1212; x_wconf 83' lang='lat' dir='ltr'>(Nizza)</span> <span class='ocrx_word' id='word_1_101' title='bbox 1968 1127 2656 1211; x_wconf 88' lang='lat' dir='ltr'>lirinensis(lerinensis)</span> <span class='ocrx_word' id='word_1_102' title='bbox 2679 1134 2770 1189; x_wconf 90' lang='lat' dir='ltr'>est</span> <span class='ocrx_word' id='word_1_103' title='bbox 2788 1149 3005 1206; x_wconf 83' lang='lat' dir='ltr'>cogno-</span> 
     </span>
     <span class='ocr_line' id='line_1_11' title="bbox 382 1218 3002 1295; baseline 0.001 -19"><span class='ocrx_word' id='word_1_104' title='bbox 382 1218 618 1277; x_wconf 86' lang='lat' dir='ltr'>sianum</span> <span class='ocrx_word' id='word_1_105' title='bbox 661 1219 836 1293; x_wconf 84' lang='lat' dir='ltr'>juxta</span> <span class='ocrx_word' id='word_1_106' title='bbox 884 1219 1130 1277; x_wconf 87' lang='lat' dir='ltr'>formam</span> <span class='ocrx_word' id='word_1_107' title='bbox 1183 1219 1533 1295; x_wconf 80' lang='lat' dir='ltr'>originalem</span> <span class='ocrx_word' id='word_1_108' title='bbox 1590 1220 1664 1277; x_wconf 90' lang='lat' dir='ltr'>ab</span> <span class='ocrx_word' id='word_1_109' title='bbox 1723 1221 2002 1282; x_wconf 80' lang='lat' dir='ltr'>minatus,</span> <span class='ocrx_word' id='word_1_110' title='bbox 2078 1221 2243 1278; x_wconf 89' lang='lat' dir='ltr'>Nihil</span> <span class='ocrx_word' id='word_1_111' title='bbox 2305 1222 2425 1279; x_wconf 81' lang='lat' dir='ltr'>fere</span> <span class='ocrx_word' id='word_1_112' title='bbox 2488 1221 2558 1278; x_wconf 89' lang='lat' dir='ltr'>de</span> <span class='ocrx_word' id='word_1_113' title='bbox 2605 1221 2733 1294; x_wconf 88' lang='lat' dir='ltr'>ipso</span> <span class='ocrx_word' id='word_1_114' title='bbox 2782 1221 3002 1279; x_wconf 85' lang='lat' dir='ltr'>scimus</span> 
     </span>
     <span class='ocr_line' id='line_1_12' title="bbox 384 1307 3000 1386; baseline 0.001 -20"><span class='ocrx_word' id='word_1_115' title='bbox 384 1307 807 1366; x_wconf 80' lang='lat' dir='ltr'>additamentis</span> <span class='ocrx_word' id='word_1_116' title='bbox 839 1327 1048 1383; x_wconf 88' lang='lat' dir='ltr'>puram</span> <span class='ocrx_word' id='word_1_117' title='bbox 1083 1328 1204 1366; x_wconf 84' lang='lat' dir='ltr'>non</span> <span class='ocrx_word' id='word_1_118' title='bbox 1253 1308 1481 1369; x_wconf 87' lang='lat' dir='ltr'>habere.</span> <span class='ocrx_word' id='word_1_119' title='bbox 1550 1308 1661 1366; x_wconf 84' lang='lat' dir='ltr'>Ca·</span> <span class='ocrx_word' id='word_1_120' title='bbox 1719 1312 1954 1386; x_wconf 89' lang='lat' dir='ltr'>praeter</span> <span class='ocrx_word' id='word_1_121' title='bbox 1985 1329 2069 1377; x_wconf 87' lang='lat' dir='ltr'>ea,</span> <span class='ocrx_word' id='word_1_122' title='bbox 2106 1328 2256 1384; x_wconf 89' lang='lat' dir='ltr'>quae</span> <span class='ocrx_word' id='word_1_123' title='bbox 2289 1309 2381 1368; x_wconf 85' lang='lat' dir='ltr'>vel</span> <span class='ocrx_word' id='word_1_124' title='bbox 2418 1328 2485 1368; x_wconf 81' lang='lat' dir='ltr'>ex</span> <span class='ocrx_word' id='word_1_125' title='bbox 2518 1309 2713 1383; x_wconf 88' lang='lat' dir='ltr'>ipsius</span> <span class='ocrx_word' id='word_1_126' title='bbox 2745 1328 3000 1368; x_wconf 87' lang='lat' dir='ltr'>commo·</span> 
     </span>
     <span class='ocr_line' id='line_1_13' title="bbox 387 1397 3003 1473; baseline 0.001 -18"><span class='ocrx_word' id='word_1_127' title='bbox 387 1416 585 1455; x_wconf 82' lang='lat' dir='ltr'>nonem</span> <span class='ocrx_word' id='word_1_128' title='bbox 632 1397 842 1455; x_wconf 87' lang='lat' dir='ltr'>saltem</span> <span class='ocrx_word' id='word_1_129' title='bbox 890 1397 1215 1456; x_wconf 89' lang='lat' dir='ltr'>secundum</span> <span class='ocrx_word' id='word_1_130' title='bbox 1263 1398 1664 1456; x_wconf 73' lang='lat' dir='ltr'>substantiam</span> <span class='ocrx_word' id='word_1_131' title='bbox 1718 1399 1939 1457; x_wconf 87' lang='lat' dir='ltr'>nitorio</span> <span class='ocrx_word' id='word_1_132' title='bbox 1989 1398 2274 1473; x_wconf 84' lang='lat' dir='ltr'>expiscari</span> <span class='ocrx_word' id='word_1_133' title='bbox 2326 1399 2466 1456; x_wconf 90' lang='lat' dir='ltr'>licet</span> <span class='ocrx_word' id='word_1_134' title='bbox 2515 1399 2609 1458; x_wconf 78' lang='lat' dir='ltr'>vel</span> <span class='ocrx_word' id='word_1_135' title='bbox 2660 1399 3003 1457; x_wconf 84' lang='lat' dir='ltr'>Gennadius</span> 
     </span>
     <span class='ocr_line' id='line_1_14' title="bbox 385 1485 3002 1563; baseline 0.001 -20"><span class='ocrx_word' id='word_1_136' title='bbox 385 1506 429 1543; x_wconf 75' lang='lat' dir='ltr'>S.</span> <span class='ocrx_word' id='word_1_137' title='bbox 463 1485 682 1544; x_wconf 86' lang='lat' dir='ltr'>Gelasii</span> <span class='ocrx_word' id='word_1_138' title='bbox 731 1486 1079 1563; x_wconf 81' lang='lat' dir='ltr'>originalem</span> <span class='ocrx_word' id='word_1_139' title='bbox 1124 1487 1299 1561; x_wconf 75' lang='lat' dir='ltr'>juxta</span> <span class='ocrx_word' id='word_1_140' title='bbox 1344 1486 1661 1545; x_wconf 77' lang='lat' dir='ltr'>editionem</span> <span class='ocrx_word' id='word_1_141' title='bbox 1720 1507 1766 1549; x_wconf 86' lang='grc'><strong>0.</strong></span> <span class='ocrx_word' id='word_1_142' title='bbox 1789 1489 2092 1563; x_wconf 72' lang='grc'><strong>6411611013</strong></span> <span class='ocrx_word' id='word_1_143' title='bbox 2128 1489 2211 1544; x_wconf 87' lang='lat' dir='ltr'>ita</span> <span class='ocrx_word' id='word_1_144' title='bbox 2232 1487 2672 1562; x_wconf 73' lang='lat' dir='ltr'>complectitur:</span> <span class='ocrx_word' id='word_1_145' title='bbox 2706 1487 3002 1554; x_wconf 77' lang='lat' dir='ltr'>,Vincen-</span> 
     </span>
     <span class='ocr_line' id='line_1_15' title="bbox 381 1575 3001 1652; baseline 0 -19"><span class='ocrx_word' id='word_1_146' title='bbox 381 1575 638 1633; x_wconf 79' lang='lat' dir='ltr'>Missalis</span> <span class='ocrx_word' id='word_1_147' title='bbox 685 1575 1088 1650; x_wconf 68' lang='lat' dir='ltr'>antiquissimi</span> <span class='ocrx_word' id='word_1_148' title='bbox 1136 1575 1367 1634; x_wconf 89' lang='lat' dir='ltr'>hiberni</span> <span class='ocrx_word' id='word_1_149' title='bbox 1415 1578 1549 1648; x_wconf 90' lang='lat' dir='ltr'>(sec.</span> <span class='ocrx_word' id='word_1_150' title='bbox 1583 1575 1664 1633; x_wconf 85' lang='lat' dir='ltr'>VI</span> <span class='ocrx_word' id='word_1_151' title='bbox 1717 1578 1860 1645; x_wconf 80' lang='lat' dir='ltr'>tius,</span> <span class='ocrx_word' id='word_1_152' title='bbox 1885 1577 2120 1635; x_wconf 87' lang='lat' dir='ltr'>natione</span> <span class='ocrx_word' id='word_1_153' title='bbox 2146 1576 2367 1644; x_wconf 80' lang='lat' dir='ltr'>Gallus,</span> <span class='ocrx_word' id='word_1_154' title='bbox 2400 1576 2557 1652; x_wconf 90' lang='lat' dir='ltr'>apud</span> <span class='ocrx_word' id='word_1_155' title='bbox 2579 1576 3001 1634; x_wconf 83' lang='lat' dir='ltr'>monasterium</span> 
     </span>
     <span class='ocr_line' id='line_1_16' title="bbox 380 1659 2999 1745; baseline -0 -22"><span class='ocrx_word' id='word_1_156' title='bbox 380 1665 474 1723; x_wconf 86' lang='lat' dir='ltr'>vel</span> <span class='ocrx_word' id='word_1_157' title='bbox 508 1659 643 1745; x_wconf 86' lang='lat' dir='ltr'><strong>VII)</strong></span> <span class='ocrx_word' id='word_1_158' title='bbox 700 1683 733 1721; x_wconf 88' lang='lat' dir='ltr'>a</span> <span class='ocrx_word' id='word_1_159' title='bbox 765 1664 825 1722; x_wconf 89' lang='lat' dir='ltr'>F.</span> <span class='ocrx_word' id='word_1_160' title='bbox 858 1664 921 1727; x_wconf 89' lang='lat' dir='ltr'>E.</span> <span class='ocrx_word' id='word_1_161' title='bbox 957 1665 1268 1723; x_wconf 90' lang='lat' dir='ltr'>Warren</span> <span class='ocrx_word' id='word_1_162' title='bbox 1319 1664 1660 1723; x_wconf 88' lang='lat' dir='ltr'>adornatam</span> <span class='ocrx_word' id='word_1_163' title='bbox 1717 1667 2053 1725; x_wconf 83' lang='lat' dir='ltr'>Lerinensis</span> <span class='ocrx_word' id='word_1_164' title='bbox 2074 1664 2749 1740; x_wconf 83' lang='lat' dir='ltr'>insulaepresbyter,vir</span> <span class='ocrx_word' id='word_1_165' title='bbox 2765 1665 2825 1722; x_wconf 92' lang='lat' dir='ltr'>in</span> <span class='ocrx_word' id='word_1_166' title='bbox 2844 1665 2999 1722; x_wconf 88' lang='lat' dir='ltr'>Scri-</span> 
     </span>
    </p>
   </div>
   <div class='ocr_carea' id='block_1_3' title="bbox 380 1750 3045 1835">
    <p class='ocr_par' dir='ltr' id='par_1_3' title="bbox 380 1750 3045 1835">
     <span class='ocr_line' id='line_1_17' title="bbox 380 1750 3045 1835; baseline -0.001 -22"><span class='ocrx_word' id='word_1_167' title='bbox 380 1754 633 1813; x_wconf 90' lang='lat' dir='ltr'>Londini</span> <span class='ocrx_word' id='word_1_168' title='bbox 675 1762 838 1816; x_wconf 84' lang='grc'><strong>1879</strong></span> <span class='ocrx_word' id='word_1_169' title='bbox 874 1750 1170 1835; x_wconf 78' lang='lat' dir='ltr'>exhibet2)</span> <span class='ocrx_word' id='word_1_170' title='bbox 1206 1754 1475 1811; x_wconf 85' lang='lat' dir='ltr'>Grisar</span> <span class='ocrx_word' id='word_1_171' title='bbox 1507 1754 1660 1811; x_wconf 89' lang='lat' dir='ltr'>Zeit·</span> <span class='ocrx_word' id='word_1_172' title='bbox 1715 1755 1909 1831; x_wconf 79' lang='lat' dir='ltr'>pturis</span> <span class='ocrx_word' id='word_1_173' title='bbox 1943 1755 2161 1813; x_wconf 84' lang='lat' dir='ltr'>sanctis</span> <span class='ocrx_word' id='word_1_174' title='bbox 2194 1754 2404 1813; x_wconf 86' lang='lat' dir='ltr'>doctus</span> <span class='ocrx_word' id='word_1_175' title='bbox 2452 1761 2513 1812; x_wconf 88' lang='lat' dir='ltr'>et</span> <span class='ocrx_word' id='word_1_176' title='bbox 2558 1754 2773 1812; x_wconf 87' lang='lat' dir='ltr'>notitia</span> <span class='ocrx_word' id='word_1_177' title='bbox 2818 1754 3045 1811; x_wconf 50' lang='lat' dir='ltr'>eccle-³*</span> 
     </span>
    </p>
   </div>
   <div class='ocr_carea' id='block_1_4' title="bbox 378 1841 3003 2276">
    <p class='ocr_par' dir='ltr' id='par_1_4' title="bbox 378 1841 3003 2276">
     <span class='ocr_line' id='line_1_18' title="bbox 382 1841 2998 1919; baseline 0 -18"><span class='ocrx_word' id='word_1_178' title='bbox 382 1843 530 1902; x_wconf 89' lang='lat' dir='ltr'>schr.</span> <span class='ocrx_word' id='word_1_179' title='bbox 564 1843 663 1900; x_wconf 77' lang='lat' dir='ltr'>fiir</span> <span class='ocrx_word' id='word_1_180' title='bbox 694 1842 750 1900; x_wconf 81' lang='lat' dir='ltr'>k.</span> <span class='ocrx_word' id='word_1_181' title='bbox 784 1841 979 1900; x_wconf 82' lang='lat' dir='ltr'>Theol.</span> <span class='ocrx_word' id='word_1_182' title='bbox 1011 1853 1170 1905; x_wconf 84' lang='grc'><strong>1886</strong></span> <span class='ocrx_word' id='word_1_183' title='bbox 1209 1843 1276 1913; x_wconf 87' lang='grc' dir='ltr'>Χ,</span> <span class='ocrx_word' id='word_1_184' title='bbox 1320 1852 1548 1906; x_wconf 85' lang='lat'>1—35.</span> <span class='ocrx_word' id='word_1_185' title='bbox 1575 1877 1662 1885; x_wconf 88' lang='lat'><em>-</em></span> <span class='ocrx_word' id='word_1_186' title='bbox 1719 1845 2092 1903; x_wconf 88' lang='lat' dir='ltr'>siasticorum</span> <span class='ocrx_word' id='word_1_187' title='bbox 2128 1844 2469 1919; x_wconf 86' lang='lat' dir='ltr'>dogmatum</span> <span class='ocrx_word' id='word_1_188' title='bbox 2507 1842 2868 1902; x_wconf 83' lang='lat' dir='ltr'>sufficienter</span> <span class='ocrx_word' id='word_1_189' title='bbox 2906 1843 2998 1901; x_wconf 92' lang='lat' dir='ltr'>in·</span> 
     </span>
     <span class='ocr_line' id='line_1_19' title="bbox 382 1927 2998 2015; baseline -0 -25"><span class='ocrx_word' id='word_1_190' title='bbox 382 1932 434 1992; x_wconf 93' lang='lat' dir='ltr'>S.</span> <span class='ocrx_word' id='word_1_191' title='bbox 474 1931 957 1991; x_wconf 76' lang='lat' dir='ltr'>Anastasius</span> <span class='ocrx_word' id='word_1_192' title='bbox 989 1932 1062 1990; x_wconf 92' lang='lat'>11.</span> <span class='ocrx_word' id='word_1_193' title='bbox 1111 1932 1343 1990; x_wconf 85' lang='lat' dir='ltr'>Gelasio</span> <span class='ocrx_word' id='word_1_194' title='bbox 1379 1941 1478 1994; x_wconf 74' lang='lat'>24.</span> <span class='ocrx_word' id='word_1_195' title='bbox 1512 1932 1659 1992; x_wconf 83' lang='lat' dir='ltr'>Nov.</span> <span class='ocrx_word' id='word_1_196' title='bbox 1718 1937 2011 2003; x_wconf 76' lang='lat' dir='ltr'>structu3‚</span> <span class='ocrx_word' id='word_1_197' title='bbox 2076 1934 2411 2008; x_wconf 85' lang='lat' dir='ltr'>composuit</span> <span class='ocrx_word' id='word_1_198' title='bbox 2473 1930 2545 2012; x_wconf 87' lang='lat' dir='ltr'>(c.</span> <span class='ocrx_word' id='word_1_199' title='bbox 2609 1952 2656 1994; x_wconf 83' lang='lat' dir='ltr'>a.</span> <span class='ocrx_word' id='word_1_200' title='bbox 2708 1927 2863 2015; x_wconf 84' lang='lat'>434)</span> <span class='ocrx_word' id='word_1_201' title='bbox 2924 1932 2998 1989; x_wconf 84' lang='lat' dir='ltr'>ad</span> 
     </span>
     <span class='ocr_line' id='line_1_20' title="bbox 383 2014 3003 2103; baseline -0.001 -21"><span class='ocrx_word' id='word_1_202' title='bbox 383 2032 503 2082; x_wconf 84' lang='grc'>496</span> <span class='ocrx_word' id='word_1_203' title='bbox 560 2014 911 2103; x_wconf 68' lang='grc' dir='ltr'><strong>611116οῖ1133)</strong></span> <span class='ocrx_word' id='word_1_204' title='bbox 963 2020 1294 2079; x_wconf 81' lang='lat' dir='ltr'>cathedram</span> <span class='ocrx_word' id='word_1_205' title='bbox 1359 2039 1658 2079; x_wconf 89' lang='lat' dir='ltr'>romanam</span> <span class='ocrx_word' id='word_1_206' title='bbox 1716 2022 1996 2082; x_wconf 86' lang='lat' dir='ltr'>evitanda</span> <span class='ocrx_word' id='word_1_207' title='bbox 2026 2022 2458 2080; x_wconf 89' lang='lat' dir='ltr'>haereticorum</span> <span class='ocrx_word' id='word_1_208' title='bbox 2492 2021 2758 2098; x_wconf 81' lang='lat' dir='ltr'>collegia,</span> <span class='ocrx_word' id='word_1_209' title='bbox 2805 2020 3003 2079; x_wconf 87' lang='lat' dir='ltr'>nitido</span> 
     </span>
     <span class='ocr_line' id='line_1_21' title="bbox 378 2109 2997 2186; baseline -0 -18"><span class='ocrx_word' id='word_1_210' title='bbox 378 2110 573 2169; x_wconf 88' lang='lat' dir='ltr'>tenuit</span> <span class='ocrx_word' id='word_1_211' title='bbox 604 2111 677 2167; x_wconf 87' lang='lat' dir='ltr'>ad</span> <span class='ocrx_word' id='word_1_212' title='bbox 718 2120 812 2173; x_wconf 85' lang='lat'>17.</span> <span class='ocrx_word' id='word_1_213' title='bbox 845 2110 993 2168; x_wconf 87' lang='lat' dir='ltr'>Nov.</span> <span class='ocrx_word' id='word_1_214' title='bbox 1030 2119 1174 2180; x_wconf 84' lang='grc'>498,</span> <span class='ocrx_word' id='word_1_215' title='bbox 1223 2111 1393 2186; x_wconf 84' lang='lat' dir='ltr'>cujus</span> <span class='ocrx_word' id='word_1_216' title='bbox 1433 2110 1664 2185; x_wconf 87' lang='lat' dir='ltr'>aliquot</span> <span class='ocrx_word' id='word_1_217' title='bbox 1718 2112 1867 2170; x_wconf 89' lang='lat' dir='ltr'>satis</span> <span class='ocrx_word' id='word_1_218' title='bbox 1914 2114 1974 2169; x_wconf 89' lang='lat' dir='ltr'>et</span> <span class='ocrx_word' id='word_1_219' title='bbox 2019 2116 2221 2186; x_wconf 87' lang='lat' dir='ltr'>aperto</span> <span class='ocrx_word' id='word_1_220' title='bbox 2271 2129 2537 2169; x_wconf 86' lang='lat' dir='ltr'>sermone</span> <span class='ocrx_word' id='word_1_221' title='bbox 2569 2109 2997 2169; x_wconf 84' lang='lat' dir='ltr'>validissimam</span> 
     </span>
     <span class='ocr_line' id='line_1_22' title="bbox 379 2199 2999 2276; baseline 0.001 -20"><span class='ocrx_word' id='word_1_222' title='bbox 379 2203 611 2257; x_wconf 83' lang='lat' dir='ltr'>tantum</span> <span class='ocrx_word' id='word_1_223' title='bbox 648 2202 976 2274; x_wconf 85' lang='lat' dir='ltr'>supersunt</span> <span class='ocrx_word' id='word_1_224' title='bbox 1007 2199 1312 2273; x_wconf 88' lang='lat' dir='ltr'>epistolae,</span> <span class='ocrx_word' id='word_1_225' title='bbox 1369 2218 1517 2273; x_wconf 87' lang='lat' dir='ltr'>quas</span> <span class='ocrx_word' id='word_1_226' title='bbox 1565 2218 1661 2257; x_wconf 83' lang='lat' dir='ltr'>ex·</span> <span class='ocrx_word' id='word_1_227' title='bbox 1717 2201 2207 2276; x_wconf 83' lang='lat' dir='ltr'>disputationem,</span> <span class='ocrx_word' id='word_1_228' title='bbox 2239 2219 2432 2275; x_wconf 85' lang='lat' dir='ltr'>quam,</span> <span class='ocrx_word' id='word_1_229' title='bbox 2454 2200 2738 2258; x_wconf 83' lang='lat' dir='ltr'>absconso</span> <span class='ocrx_word' id='word_1_230' title='bbox 2758 2199 2999 2258; x_wconf 91' lang='lat' dir='ltr'>nomine</span> 
     </span>
    </p>
   </div>
   <div class='ocr_carea' id='block_1_5' title="bbox 375 2287 1661 3706">
    <p class='ocr_par' dir='ltr' id='par_1_5' title="bbox 375 2287 1661 3706">
     <span class='ocr_line' id='line_1_23' title="bbox 378 2287 1660 2363; baseline 0.001 -18"><span class='ocrx_word' id='word_1_231' title='bbox 378 2287 547 2347; x_wconf 87' lang='lat' dir='ltr'>hibet</span> <span class='ocrx_word' id='word_1_232' title='bbox 585 2287 808 2346; x_wconf 88' lang='lat' dir='ltr'>Thiel</span> <span class='ocrx_word' id='word_1_233' title='bbox 851 2307 906 2363; x_wconf 89' lang='lat' dir='ltr'>p.</span> <span class='ocrx_word' id='word_1_234' title='bbox 945 2298 1326 2358; x_wconf 80' lang='lat'>615—6393</span> <span class='ocrx_word' id='word_1_235' title='bbox 1375 2288 1582 2347; x_wconf 73' lang='lat' dir='ltr'>Jaffe</span> <span class='ocrx_word' id='word_1_236' title='bbox 1616 2289 1660 2358; x_wconf 92' lang='lat' dir='ltr'>I,</span> 
     </span>
     <span class='ocr_line' id='line_1_24' title="bbox 382 2377 1659 2453; baseline -0.003 -14"><span class='ocrx_word' id='word_1_237' title='bbox 382 2387 675 2447; x_wconf 79' lang='lat'>95—-963</span> <span class='ocrx_word' id='word_1_238' title='bbox 711 2378 926 2435; x_wconf 86' lang='lat' dir='ltr'>desunt</span> <span class='ocrx_word' id='word_1_239' title='bbox 958 2377 1020 2434; x_wconf 90' lang='lat' dir='ltr'>in</span> <span class='ocrx_word' id='word_1_240' title='bbox 1052 2378 1320 2453; x_wconf 78' lang='lat' dir='ltr'>Migne.</span> <span class='ocrx_word' id='word_1_241' title='bbox 1368 2379 1532 2436; x_wconf 86' lang='lat' dir='ltr'>Inter</span> <span class='ocrx_word' id='word_1_242' title='bbox 1562 2397 1659 2437; x_wconf 86' lang='lat' dir='ltr'>eas</span> 
     </span>
     <span class='ocr_line' id='line_1_25' title="bbox 380 2466 1660 2542; baseline 0 -17"><span class='ocrx_word' id='word_1_243' title='bbox 380 2467 724 2542; x_wconf 81' lang='lat' dir='ltr'>praesertim</span> <span class='ocrx_word' id='word_1_244' title='bbox 745 2466 1007 2525; x_wconf 82' lang='lat' dir='ltr'>notanda</span> <span class='ocrx_word' id='word_1_245' title='bbox 1026 2470 1118 2523; x_wconf 87' lang='lat' dir='ltr'>est</span> <span class='ocrx_word' id='word_1_246' title='bbox 1138 2466 1250 2537; x_wconf 89' lang='lat' dir='ltr'>V1.,</span> <span class='ocrx_word' id='word_1_247' title='bbox 1285 2467 1349 2524; x_wconf 92' lang='lat' dir='ltr'>in</span> <span class='ocrx_word' id='word_1_248' title='bbox 1371 2486 1490 2540; x_wconf 88' lang='lat' dir='ltr'>qua</span> <span class='ocrx_word' id='word_1_249' title='bbox 1508 2468 1660 2525; x_wconf 88' lang='lat' dir='ltr'>clare</span> 
     </span>
     <span class='ocr_line' id='line_1_26' title="bbox 377 2555 1659 2633; baseline 0 -18"><span class='ocrx_word' id='word_1_250' title='bbox 377 2556 942 2633; x_wconf 87' lang='lat' dir='ltr'>generatianismum</span> <span class='ocrx_word' id='word_1_251' title='bbox 997 2555 1236 2614; x_wconf 86' lang='lat' dir='ltr'>damnat</span> <span class='ocrx_word' id='word_1_252' title='bbox 1284 2560 1465 2631; x_wconf 85' lang='lat' dir='ltr'>atque</span> <span class='ocrx_word' id='word_1_253' title='bbox 1526 2556 1659 2615; x_wconf 89' lang='lat' dir='ltr'>ideo</span> 
     </span>
     <span class='ocr_line' id='line_1_27' title="bbox 379 2644 1660 2707; baseline 0.003 -4"><span class='ocrx_word' id='word_1_254' title='bbox 379 2646 604 2703; x_wconf 87' lang='lat' dir='ltr'>animas</span> <span class='ocrx_word' id='word_1_255' title='bbox 636 2644 971 2704; x_wconf 85' lang='lat' dir='ltr'>immediate</span> <span class='ocrx_word' id='word_1_256' title='bbox 1004 2665 1036 2702; x_wconf 83' lang='lat' dir='ltr'>a</span> <span class='ocrx_word' id='word_1_257' title='bbox 1055 2645 1175 2704; x_wconf 89' lang='lat' dir='ltr'>Deo</span> <span class='ocrx_word' id='word_1_258' title='bbox 1207 2647 1395 2704; x_wconf 89' lang='lat' dir='ltr'>creari</span> <span class='ocrx_word' id='word_1_259' title='bbox 1427 2647 1660 2707; x_wconf 87' lang='lat' dir='ltr'>statuit.</span> 
     </span>
     <span class='ocr_line' id='line_1_28' title="bbox 382 2735 1659 2810; baseline -0.001 -17"><span class='ocrx_word' id='word_1_260' title='bbox 382 2735 706 2807; x_wconf 79' lang='lat' dir='ltr'>Epistolam</span> <span class='ocrx_word' id='word_1_261' title='bbox 741 2753 875 2792; x_wconf 87' lang='lat' dir='ltr'>vero</span> <span class='ocrx_word' id='word_1_262' title='bbox 906 2736 1355 2810; x_wconf 77' lang='lat' dir='ltr'>yratulatoriam</span> <span class='ocrx_word' id='word_1_263' title='bbox 1387 2735 1456 2792; x_wconf 87' lang='lat' dir='ltr'>ad</span> <span class='ocrx_word' id='word_1_264' title='bbox 1490 2736 1659 2794; x_wconf 90' lang='lat' dir='ltr'>Chlo-</span> 
     </span>
     <span class='ocr_line' id='line_1_29' title="bbox 379 2823 1659 2899; baseline 0 -17"><span class='ocrx_word' id='word_1_265' title='bbox 379 2823 632 2882; x_wconf 88' lang='lat' dir='ltr'>doveum</span> <span class='ocrx_word' id='word_1_266' title='bbox 678 2841 877 2899; x_wconf 88' lang='lat' dir='ltr'>regem</span> <span class='ocrx_word' id='word_1_267' title='bbox 923 2823 994 2881; x_wconf 91' lang='lat' dir='ltr'>de</span> <span class='ocrx_word' id='word_1_268' title='bbox 1040 2823 1230 2898; x_wconf 90' lang='lat' dir='ltr'>ipsius</span> <span class='ocrx_word' id='word_1_269' title='bbox 1278 2825 1659 2883; x_wconf 83' lang='lat' dir='ltr'>conversione</span> 
     </span>
     <span class='ocr_line' id='line_1_30' title="bbox 379 2911 1661 2986; baseline -0.001 -16"><span class='ocrx_word' id='word_1_270' title='bbox 379 2913 450 2970; x_wconf 83' lang='lat' dir='ltr'>ad</span> <span class='ocrx_word' id='word_1_271' title='bbox 483 2911 654 2970; x_wconf 87' lang='lat' dir='ltr'>fidem</span> <span class='ocrx_word' id='word_1_272' title='bbox 693 2911 1096 2981; x_wconf 83' lang='lat' dir='ltr'>christianam,</span> <span class='ocrx_word' id='word_1_273' title='bbox 1147 2931 1296 2986; x_wconf 86' lang='lat' dir='ltr'>quae</span> <span class='ocrx_word' id='word_1_274' title='bbox 1341 2914 1414 2971; x_wconf 84' lang='lat' dir='ltr'>ad</span> <span class='ocrx_word' id='word_1_275' title='bbox 1453 2915 1661 2972; x_wconf 87' lang='lat' dir='ltr'>nostra</span> 
     </span>
     <span class='ocr_line' id='line_1_31' title="bbox 376 3001 1656 3077; baseline 0 -18"><span class='ocrx_word' id='word_1_276' title='bbox 376 3020 568 3076; x_wconf 86' lang='lat' dir='ltr'>usque</span> <span class='ocrx_word' id='word_1_277' title='bbox 645 3005 909 3077; x_wconf 87' lang='lat' dir='ltr'>tempora</span> <span class='ocrx_word' id='word_1_278' title='bbox 976 3001 1238 3076; x_wconf 89' lang='lat' dir='ltr'>genuina</span> <span class='ocrx_word' id='word_1_279' title='bbox 1314 3003 1656 3072; x_wconf 84' lang='lat' dir='ltr'>habebatur,</span> 
     </span>
     <span class='ocr_line' id='line_1_32' title="bbox 378 3089 1657 3166; baseline -0.001 -18"><span class='ocrx_word' id='word_1_280' title='bbox 378 3091 685 3149; x_wconf 87' lang='lat' dir='ltr'>confictam</span> <span class='ocrx_word' id='word_1_281' title='bbox 716 3110 750 3148; x_wconf 90' lang='lat' dir='ltr'>a</span> <span class='ocrx_word' id='word_1_282' title='bbox 781 3090 938 3148; x_wconf 89' lang='lat' dir='ltr'>Hier.</span> <span class='ocrx_word' id='word_1_283' title='bbox 973 3089 1300 3166; x_wconf 84' lang='lat' dir='ltr'>Vignier</span> <span class='ocrx_word' id='word_1_284' title='bbox 1333 3090 1511 3158; x_wconf 69' lang='lat' dir='ltr'>Orat,</span> <span class='ocrx_word' id='word_1_285' title='bbox 1554 3091 1657 3164; x_wconf 88' lang='lat' dir='ltr'>qui</span> 
     </span>
     <span class='ocr_line' id='line_1_33' title="bbox 378 3179 1656 3253; baseline 0 -17"><span class='ocrx_word' id='word_1_286' title='bbox 378 3180 492 3238; x_wconf 84' lang='lat' dir='ltr'>alia</span> <span class='ocrx_word' id='word_1_287' title='bbox 521 3179 904 3253; x_wconf 80' lang='lat' dir='ltr'>antiquitatis</span> <span class='ocrx_word' id='word_1_288' title='bbox 938 3183 1323 3237; x_wconf 89' lang='lat' dir='ltr'>monumenta</span> <span class='ocrx_word' id='word_1_289' title='bbox 1356 3180 1656 3249; x_wconf 82' lang='lat' dir='ltr'>confinxit,</span> 
     </span>
     <span class='ocr_line' id='line_1_34' title="bbox 377 3268 1657 3343; baseline 0 -17"><span class='ocrx_word' id='word_1_290' title='bbox 377 3271 572 3327; x_wconf 89' lang='lat' dir='ltr'>censet</span> <span class='ocrx_word' id='word_1_291' title='bbox 604 3269 853 3327; x_wconf 86' lang='lat' dir='ltr'>Havet</span> <span class='ocrx_word' id='word_1_292' title='bbox 898 3268 962 3326; x_wconf 91' lang='lat' dir='ltr'>in</span> <span class='ocrx_word' id='word_1_293' title='bbox 1000 3268 1416 3343; x_wconf 81' lang='lat' dir='ltr'>Bibliotheque</span> <span class='ocrx_word' id='word_1_294' title='bbox 1451 3268 1521 3326; x_wconf 92' lang='lat' dir='ltr'>de</span> <span class='ocrx_word' id='word_1_295' title='bbox 1555 3269 1657 3326; x_wconf 75' lang='grc' dir='ltr'>Γό-</span> 
     </span>
     <span class='ocr_line' id='line_1_35' title="bbox 377 3355 1658 3438; baseline -0.001 -23"><span class='ocrx_word' id='word_1_296' title='bbox 377 3359 500 3415; x_wconf 89' lang='grc'><strong>0016</strong></span> <span class='ocrx_word' id='word_1_297' title='bbox 533 3358 636 3415; x_wconf 85' lang='lat' dir='ltr'>des</span> <span class='ocrx_word' id='word_1_298' title='bbox 670 3357 902 3415; x_wconf 87' lang='lat' dir='ltr'>chartes</span> <span class='ocrx_word' id='word_1_299' title='bbox 947 3367 1106 3420; x_wconf 71' lang='grc'><strong>1885</strong></span> <span class='ocrx_word' id='word_1_300' title='bbox 1146 3356 1274 3420; x_wconf 83' lang='lat' dir='ltr'>livr.</span> <span class='ocrx_word' id='word_1_301' title='bbox 1311 3366 1344 3419; x_wconf 89' lang='lat'><strong>3</strong></span> <span class='ocrx_word' id='word_1_302' title='bbox 1385 3355 1566 3438; x_wconf 84' lang='lat' dir='ltr'>(sicut</span> <span class='ocrx_word' id='word_1_303' title='bbox 1599 3362 1658 3415; x_wconf 89' lang='lat' dir='ltr'>et</span> 
     </span>
     <span class='ocr_line' id='line_1_36' title="bbox 376 3446 1655 3523; baseline -0.001 -18"><span class='ocrx_word' id='word_1_304' title='bbox 376 3447 691 3522; x_wconf 84' lang='lat' dir='ltr'>epistolam</span> <span class='ocrx_word' id='word_1_305' title='bbox 740 3446 953 3504; x_wconf 85' lang='lat' dir='ltr'>Gelasii</span> <span class='ocrx_word' id='word_1_306' title='bbox 1006 3450 1169 3523; x_wconf 87' lang='lat' dir='ltr'>pont.</span> <span class='ocrx_word' id='word_1_307' title='bbox 1221 3447 1292 3504; x_wconf 85' lang='lat' dir='ltr'>ad</span> <span class='ocrx_word' id='word_1_308' title='bbox 1344 3447 1655 3504; x_wconf 85' lang='lat' dir='ltr'>Rusticum</span> 
     </span>
     <span class='ocr_line' id='line_1_37' title="bbox 375 3535 1652 3612; baseline 0 -20"><span class='ocrx_word' id='word_1_309' title='bbox 375 3536 538 3612; x_wconf 84' lang='lat' dir='ltr'>lugd.</span> <span class='ocrx_word' id='word_1_310' title='bbox 572 3539 633 3594; x_wconf 90' lang='lat' dir='ltr'>et</span> <span class='ocrx_word' id='word_1_311' title='bbox 662 3536 974 3610; x_wconf 87' lang='lat' dir='ltr'>epistolam</span> <span class='ocrx_word' id='word_1_312' title='bbox 1010 3536 1348 3610; x_wconf 81' lang='lat' dir='ltr'>Symmachi</span> <span class='ocrx_word' id='word_1_313' title='bbox 1384 3539 1547 3611; x_wconf 89' lang='lat' dir='ltr'>pont.</span> <span class='ocrx_word' id='word_1_314' title='bbox 1581 3535 1652 3593; x_wconf 86' lang='lat' dir='ltr'>ad</span> 
     </span>
     <span class='ocr_line' id='line_1_38' title="bbox 377 3619 1084 3706; baseline 0 -23"><span class='ocrx_word' id='word_1_315' title='bbox 377 3626 621 3683; x_wconf 90' lang='lat' dir='ltr'>Avitum</span> <span class='ocrx_word' id='word_1_316' title='bbox 656 3619 1084 3706; x_wconf 82' lang='lat' dir='ltr'>viennensem).</span> 
     </span>
    </p>
   </div>
   <div class='ocr_carea' id='block_1_6' title="bbox 437 3784 690 3791">
    <p class='ocr_par' dir='ltr' id='par_1_6' title="bbox 437 3784 690 3791">
     <span class='ocr_line' id='line_1_39' title="bbox 437 3784 690 3791; baseline 0 1370"><span class='ocrx_word' id='word_1_317' title='bbox 437 3784 690 3791; x_wconf 95' lang='lat' dir='ltr'> </span> 
     </span>
    </p>
   </div>
   <div class='ocr_carea' id='block_1_7' title="bbox 373 3863 1656 4853">
    <p class='ocr_par' dir='ltr' id='par_1_7' title="bbox 376 3863 1656 4206">
     <span class='ocr_line' id='line_1_40' title="bbox 455 3863 1656 3946; baseline 0.001 -30"><span class='ocrx_word' id='word_1_318' title='bbox 455 3867 488 3934; x_wconf 79' lang='lat'>¹)</span> <span class='ocrx_word' id='word_1_319' title='bbox 517 3863 598 3916; x_wconf 90' lang='lat' dir='ltr'>De</span> <span class='ocrx_word' id='word_1_320' title='bbox 627 3864 851 3918; x_wconf 71' lang='lat' dir='ltr'>Gelasio</span> <span class='ocrx_word' id='word_1_321' title='bbox 870 3869 1092 3946; x_wconf 77' lang='lat' dir='ltr'>praeter</span> <span class='ocrx_word' id='word_1_322' title='bbox 1112 3869 1372 3918; x_wconf 83' lang='lat' dir='ltr'>auctores</span> <span class='ocrx_word' id='word_1_323' title='bbox 1390 3867 1512 3934; x_wconf 87' lang='lat' dir='ltr'>jam</span> <span class='ocrx_word' id='word_1_324' title='bbox 1540 3868 1656 3919; x_wconf 86' lang='lat' dir='ltr'>lau-</span> 
     </span>
     <span class='ocr_line' id='line_1_41' title="bbox 376 3935 1652 4006; baseline 0.001 -19"><span class='ocrx_word' id='word_1_325' title='bbox 376 3935 537 3989; x_wconf 83' lang='lat' dir='ltr'>datos</span> <span class='ocrx_word' id='word_1_326' title='bbox 565 3936 634 3988; x_wconf 87' lang='lat' dir='ltr'>cf.</span> <span class='ocrx_word' id='word_1_327' title='bbox 663 3935 889 3991; x_wconf 78' lang='lat' dir='ltr'>Viani</span> <span class='ocrx_word' id='word_1_328' title='bbox 931 3937 1060 3989; x_wconf 84' lang='lat' dir='ltr'>Vite</span> <span class='ocrx_word' id='word_1_329' title='bbox 1107 3937 1198 3989; x_wconf 83' lang='lat' dir='ltr'>dei</span> <span class='ocrx_word' id='word_1_330' title='bbox 1245 3938 1355 3989; x_wconf 88' lang='lat' dir='ltr'>due</span> <span class='ocrx_word' id='word_1_331' title='bbox 1386 3936 1652 4006; x_wconf 83' lang='lat' dir='ltr'>pontefici</span> 
     </span>
     <span class='ocr_line' id='line_1_42' title="bbox 376 4007 1655 4068; baseline 0.002 -10"><span class='ocrx_word' id='word_1_332' title='bbox 376 4007 426 4058; x_wconf 80' lang='lat' dir='ltr'>S.</span> <span class='ocrx_word' id='word_1_333' title='bbox 456 4007 682 4061; x_wconf 73' lang='lat' dir='ltr'>Gelasio</span> <span class='ocrx_word' id='word_1_334' title='bbox 711 4008 732 4059; x_wconf 93' lang='lat'>1</span> <span class='ocrx_word' id='word_1_335' title='bbox 761 4025 788 4059; x_wconf 92' lang='lat' dir='ltr'>e</span> <span class='ocrx_word' id='word_1_336' title='bbox 818 4008 869 4061; x_wconf 84' lang='lat' dir='ltr'>S.</span> <span class='ocrx_word' id='word_1_337' title='bbox 895 4008 1195 4061; x_wconf 69' lang='lat' dir='ltr'>Anastasio</span> <span class='ocrx_word' id='word_1_338' title='bbox 1237 4007 1476 4060; x_wconf 80' lang='lat' dir='ltr'>Modcna</span> <span class='ocrx_word' id='word_1_339' title='bbox 1505 4015 1655 4068; x_wconf 79' lang='lat' dir='ltr'>188s);</span> 
     </span>
     <span class='ocr_line' id='line_1_43' title="bbox 377 4077 1656 4160; baseline 0.001 -30"><span class='ocrx_word' id='word_1_340' title='bbox 377 4079 439 4130; x_wconf 80' lang='lat' dir='ltr'>A.</span> <span class='ocrx_word' id='word_1_341' title='bbox 468 4077 565 4130; x_wconf 86' lang='lat' dir='ltr'>Ro</span> <span class='ocrx_word' id='word_1_342' title='bbox 585 4096 620 4130; x_wconf 90' lang='lat' dir='ltr'>u</span> <span class='ocrx_word' id='word_1_343' title='bbox 638 4097 691 4140; x_wconf 84' lang='lat' dir='ltr'>x,</span> <span class='ocrx_word' id='word_1_344' title='bbox 719 4079 794 4131; x_wconf 90' lang='lat' dir='ltr'>Le</span> <span class='ocrx_word' id='word_1_345' title='bbox 823 4096 969 4160; x_wconf 82' lang='lat' dir='ltr'>pape</span> <span class='ocrx_word' id='word_1_346' title='bbox 999 4078 1215 4132; x_wconf 69' lang='lat' dir='ltr'>Gelase.</span> <span class='ocrx_word' id='word_1_347' title='bbox 1261 4078 1444 4132; x_wconf 74' lang='lat' dir='ltr'>l-Itude</span> <span class='ocrx_word' id='word_1_348' title='bbox 1474 4096 1570 4131; x_wconf 70' lang='lat' dir='ltr'>sur</span> <span class='ocrx_word' id='word_1_349' title='bbox 1598 4095 1656 4131; x_wconf 80' lang='lat' dir='ltr'>sa</span> 
     </span>
     <span class='ocr_line' id='line_1_44' title="bbox 376 4149 1655 4206; baseline 0 -5"><span class='ocrx_word' id='word_1_350' title='bbox 376 4150 464 4201; x_wconf 82' lang='lat' dir='ltr'>vie</span> <span class='ocrx_word' id='word_1_351' title='bbox 505 4152 562 4201; x_wconf 87' lang='lat' dir='ltr'>et</span> <span class='ocrx_word' id='word_1_352' title='bbox 600 4166 686 4202; x_wconf 89' lang='lat' dir='ltr'>ses</span> <span class='ocrx_word' id='word_1_353' title='bbox 726 4151 894 4203; x_wconf 70' lang='lat' dir='ltr'>ecrits</span> <span class='ocrx_word' id='word_1_354' title='bbox 936 4150 1092 4202; x_wconf 77' lang='lat' dir='ltr'>Paris</span> <span class='ocrx_word' id='word_1_355' title='bbox 1126 4159 1289 4206; x_wconf 80' lang='lat'>1880:</span> <span class='ocrx_word' id='word_1_356' title='bbox 1343 4149 1655 4204; x_wconf 86' lang='lat' dir='ltr'>Nirschl</span> 
     </span>
    </p>

    <p class='ocr_par' dir='ltr' id='par_1_8' title="bbox 375 4291 1656 4561">
     <span class='ocr_line' id='line_1_45' title="bbox 449 4291 1656 4363; baseline 0.001 -20"><span class='ocrx_word' id='word_1_357' title='bbox 449 4294 488 4352; x_wconf 63' lang='grc' dir='ltr'>Ξ)</span> <span class='ocrx_word' id='word_1_358' title='bbox 521 4292 581 4343; x_wconf 87' lang='grc'>111</span> <span class='ocrx_word' id='word_1_359' title='bbox 608 4308 698 4361; x_wconf 91' lang='lat' dir='ltr'>op.</span> <span class='ocrx_word' id='word_1_360' title='bbox 728 4309 896 4362; x_wconf 80' lang='lat' dir='ltr'>supra</span> <span class='ocrx_word' id='word_1_361' title='bbox 927 4313 979 4363; x_wconf 90' lang='lat' dir='ltr'>p.</span> <span class='ocrx_word' id='word_1_362' title='bbox 1010 4300 1111 4348; x_wconf 78' lang='lat'>372</span> <span class='ocrx_word' id='word_1_363' title='bbox 1137 4309 1186 4344; x_wconf 82' lang='lat' dir='ltr'>a.</span> <span class='ocrx_word' id='word_1_364' title='bbox 1210 4291 1416 4354; x_wconf 76' lang='lat' dir='ltr'>citatis,</span> <span class='ocrx_word' id='word_1_365' title='bbox 1445 4291 1656 4360; x_wconf 78' lang='lat' dir='ltr'>quibus</span> 
     </span>
     <span class='ocr_line' id='line_1_46' title="bbox 375 4362 1655 4425; baseline 0 -11"><span class='ocrx_word' id='word_1_366' title='bbox 375 4362 518 4415; x_wconf 86' lang='lat' dir='ltr'>adde</span> <span class='ocrx_word' id='word_1_367' title='bbox 546 4362 736 4415; x_wconf 82' lang='lat' dir='ltr'>Baeu</span> <span class='ocrx_word' id='word_1_368' title='bbox 757 4383 808 4415; x_wconf 90' lang='grc'>111</span> <span class='ocrx_word' id='word_1_369' title='bbox 828 4381 901 4416; x_wconf 89' lang='lat' dir='ltr'>er</span> <span class='ocrx_word' id='word_1_370' title='bbox 940 4364 1073 4416; x_wconf 87' lang='lat' dir='ltr'>hist.</span> <span class='ocrx_word' id='word_1_371' title='bbox 1114 4363 1308 4416; x_wconf 84' lang='lat' dir='ltr'>Jahrb.</span> <span class='ocrx_word' id='word_1_372' title='bbox 1345 4369 1478 4419; x_wconf 85' lang='lat'>1893</span> <span class='ocrx_word' id='word_1_373' title='bbox 1505 4363 1655 4425; x_wconf 80' lang='lat' dir='ltr'>XIV,</span> 
     </span>
     <span class='ocr_line' id='line_1_47' title="bbox 377 4433 1655 4504; baseline 0 -16"><span class='ocrx_word' id='word_1_374' title='bbox 377 4441 649 4490; x_wconf 79' lang='lat'>241—301</span> <span class='ocrx_word' id='word_1_375' title='bbox 675 4455 685 4494; x_wconf 87' lang='lat'>;</span> <span class='ocrx_word' id='word_1_376' title='bbox 715 4434 774 4486; x_wconf 90' lang='lat' dir='ltr'>F.</span> <span class='ocrx_word' id='word_1_377' title='bbox 804 4433 1017 4487; x_wconf 86' lang='lat' dir='ltr'>Plain</span> <span class='ocrx_word' id='word_1_378' title='bbox 1041 4452 1068 4488; x_wconf 89' lang='grc'>6</span> <span class='ocrx_word' id='word_1_379' title='bbox 1096 4436 1170 4488; x_wconf 80' lang='lat' dir='ltr'>Le</span> <span class='ocrx_word' id='word_1_380' title='bbox 1199 4451 1344 4504; x_wconf 83' lang='lat' dir='ltr'>pape</span> <span class='ocrx_word' id='word_1_381' title='bbox 1374 4435 1573 4487; x_wconf 69' lang='lat' dir='ltr'>Gelase</span> <span class='ocrx_word' id='word_1_382' title='bbox 1599 4435 1655 4497; x_wconf 76' lang='lat'>1..</span> 
     </span>
     <span class='ocr_line' id='line_1_48' title="bbox 375 4504 718 4561; baseline 0.006 -5"><span class='ocrx_word' id='word_1_383' title='bbox 375 4504 534 4558; x_wconf 76' lang='lat' dir='ltr'>Paris</span> <span class='ocrx_word' id='word_1_384' title='bbox 565 4512 718 4561; x_wconf 82' lang='lat'>1880.</span> 
     </span>
    </p>

    <p class='ocr_par' dir='ltr' id='par_1_9' title="bbox 373 4575 1656 4853">
     <span class='ocr_line' id='line_1_49' title="bbox 447 4575 1655 4648; baseline 0.001 -19"><span class='ocrx_word' id='word_1_385' title='bbox 447 4581 487 4646; x_wconf 79' lang='lat'>³)</span> <span class='ocrx_word' id='word_1_386' title='bbox 518 4575 600 4631; x_wconf 85' lang='lat' dir='ltr'>Cf.</span> <span class='ocrx_word' id='word_1_387' title='bbox 644 4578 713 4630; x_wconf 91' lang='lat' dir='ltr'>de</span> <span class='ocrx_word' id='word_1_388' title='bbox 755 4576 844 4630; x_wconf 88' lang='lat' dir='ltr'>his</span> <span class='ocrx_word' id='word_1_389' title='bbox 884 4595 1022 4630; x_wconf 86' lang='lat' dir='ltr'>rom.</span> <span class='ocrx_word' id='word_1_390' title='bbox 1063 4577 1434 4648; x_wconf 82' lang='lat' dir='ltr'>pontificibus</span> <span class='ocrx_word' id='word_1_391' title='bbox 1463 4577 1549 4628; x_wconf 82' lang='lat' dir='ltr'>Fe</span> <span class='ocrx_word' id='word_1_392' title='bbox 1569 4595 1655 4630; x_wconf 86' lang='lat' dir='ltr'>ss-</span> 
     </span>
     <span class='ocr_line' id='line_1_50' title="bbox 377 4647 1655 4719; baseline -0.001 -18"><span class='ocrx_word' id='word_1_393' title='bbox 377 4647 1107 4716; x_wconf 65' lang='lat' dir='ltr'>ler-Jungmann11.s</span> <span class='ocrx_word' id='word_1_394' title='bbox 1137 4658 1322 4704; x_wconf 84' lang='lat' dir='ltr'>251ss.</span> <span class='ocrx_word' id='word_1_395' title='bbox 1353 4648 1538 4719; x_wconf 86' lang='lat' dir='ltr'>Deep.</span> <span class='ocrx_word' id='word_1_396' title='bbox 1564 4649 1655 4701; x_wconf 81' lang='lat' dir='ltr'>VI.</span> 
     </span>
     <span class='ocr_line' id='line_1_51' title="bbox 376 4719 1656 4774; baseline 0.002 -4"><span class='ocrx_word' id='word_1_397' title='bbox 376 4735 415 4770; x_wconf 86' lang='lat' dir='ltr'>s.</span> <span class='ocrx_word' id='word_1_398' title='bbox 444 4719 731 4772; x_wconf 81' lang='lat' dir='ltr'>Anastasii</span> <span class='ocrx_word' id='word_1_399' title='bbox 759 4719 818 4772; x_wconf 87' lang='lat' dir='ltr'>in</span> <span class='ocrx_word' id='word_1_400' title='bbox 848 4723 1005 4774; x_wconf 81' lang='lat' dir='ltr'>textu</span> <span class='ocrx_word' id='word_1_401' title='bbox 1035 4722 1264 4773; x_wconf 79' lang='lat' dir='ltr'>laudata</span> <span class='ocrx_word' id='word_1_402' title='bbox 1295 4721 1365 4773; x_wconf 89' lang='lat' dir='ltr'>cf.</span> <span class='ocrx_word' id='word_1_403' title='bbox 1388 4721 1656 4774; x_wconf 86' lang='lat' dir='ltr'>Zcitschr.</span> 
     </span>
     <span class='ocr_line' id='line_1_52' title="bbox 373 4789 1441 4853; baseline 0.003 -12"><span class='ocrx_word' id='word_1_404' title='bbox 373 4789 466 4843; x_wconf 73' lang='lat' dir='ltr'>fiir</span> <span class='ocrx_word' id='word_1_405' title='bbox 491 4790 546 4843; x_wconf 90' lang='lat' dir='ltr'>k.</span> <span class='ocrx_word' id='word_1_406' title='bbox 574 4790 772 4846; x_wconf 88' lang='lat' dir='ltr'>Theol.</span> <span class='ocrx_word' id='word_1_407' title='bbox 807 4798 940 4846; x_wconf 73' lang='grc'><strong>1884</strong></span> <span class='ocrx_word' id='word_1_408' title='bbox 971 4793 1115 4853; x_wconf 70' lang='lat' dir='ltr'>Vm,</span> <span class='ocrx_word' id='word_1_409' title='bbox 1144 4796 1441 4847; x_wconf 73' lang='lat'>236-240.</span> 
     </span>
    </p>
   </div>
   <div class='ocr_carea' id='block_1_8' title="bbox 1710 2288 3001 4856">
    <p class='ocr_par' dir='ltr' id='par_1_10' title="bbox 1710 2288 3001 4856">
     <span class='ocr_line' id='line_1_53' title="bbox 1718 2288 2997 2366; baseline -0.002 -18"><span class='ocrx_word' id='word_1_410' title='bbox 1718 2309 1842 2360; x_wconf 86' lang='lat' dir='ltr'>suc,</span> <span class='ocrx_word' id='word_1_411' title='bbox 1908 2289 2254 2348; x_wconf 88' lang='lat' dir='ltr'>adtitulavit</span> <span class='ocrx_word' id='word_1_412' title='bbox 2318 2288 2620 2366; x_wconf 84' lang='lat' dir='ltr'>Peregrini</span> <span class='ocrx_word' id='word_1_413' title='bbox 2683 2289 2997 2347; x_wconf 88' lang='lat' dir='ltr'>adversum</span> 
     </span>
     <span class='ocr_line' id='line_1_54' title="bbox 1718 2376 2998 2455; baseline -0.002 -18"><span class='ocrx_word' id='word_1_414' title='bbox 1718 2380 2066 2442; x_wconf 80' lang='lat' dir='ltr'>haereticos,</span> <span class='ocrx_word' id='word_1_415' title='bbox 2117 2379 2300 2455; x_wconf 87' lang='lat' dir='ltr'>Cujus</span> <span class='ocrx_word' id='word_1_416' title='bbox 2334 2378 2545 2454; x_wconf 71' lang='lat' dir='ltr'>operia,</span> <span class='ocrx_word' id='word_1_417' title='bbox 2580 2378 2721 2453; x_wconf 87' lang='lat' dir='ltr'>quia</span> <span class='ocrx_word' id='word_1_418' title='bbox 2754 2376 2998 2436; x_wconf 87' lang='lat' dir='ltr'>secundi</span> 
     </span>
     <span class='ocr_line' id='line_1_55' title="bbox 1717 2467 2997 2542; baseline -0.002 -16"><span class='ocrx_word' id='word_1_419' title='bbox 1717 2469 1758 2532; x_wconf 85' lang='lat' dir='ltr'>l.</span> <span class='ocrx_word' id='word_1_420' title='bbox 1791 2469 2105 2526; x_wconf 81' lang='lat' dir='ltr'>maximam</span> <span class='ocrx_word' id='word_1_421' title='bbox 2136 2468 2197 2525; x_wconf 90' lang='lat' dir='ltr'>in</span> <span class='ocrx_word' id='word_1_422' title='bbox 2220 2467 2516 2526; x_wconf 83' lang='lat' dir='ltr'>schedulis</span> <span class='ocrx_word' id='word_1_423' title='bbox 2536 2470 2763 2542; x_wconf 85' lang='lat' dir='ltr'>partem</span> <span class='ocrx_word' id='word_1_424' title='bbox 2797 2486 2830 2524; x_wconf 88' lang='grc'>6</span> <span class='ocrx_word' id='word_1_425' title='bbox 2862 2467 2997 2542; x_wconf 89' lang='lat' dir='ltr'>qui·</span> 
     </span>
     <span class='ocr_line' id='line_1_56' title="bbox 1714 2555 2998 2633; baseline -0.002 -16"><span class='ocrx_word' id='word_1_426' title='bbox 1714 2558 1968 2617; x_wconf 83' lang='lat' dir='ltr'>busdam</span> <span class='ocrx_word' id='word_1_427' title='bbox 2003 2559 2257 2616; x_wconf 85' lang='lat' dir='ltr'>furatam</span> <span class='ocrx_word' id='word_1_428' title='bbox 2289 2556 2566 2633; x_wconf 86' lang='lat' dir='ltr'>perdidit,</span> <span class='ocrx_word' id='word_1_429' title='bbox 2605 2555 2998 2631; x_wconf 86' lang='lat' dir='ltr'>recapitulato</span> 
     </span>
     <span class='ocr_line' id='line_1_57' title="bbox 1716 2646 2997 2723; baseline -0.002 -17"><span class='ocrx_word' id='word_1_430' title='bbox 1716 2650 1845 2723; x_wconf 90' lang='lat' dir='ltr'>ejus</span> <span class='ocrx_word' id='word_1_431' title='bbox 1897 2648 2101 2722; x_wconf 89' lang='lat' dir='ltr'>paucis</span> <span class='ocrx_word' id='word_1_432' title='bbox 2154 2646 2524 2704; x_wconf 90' lang='lat' dir='ltr'>sermonibus</span> <span class='ocrx_word' id='word_1_433' title='bbox 2576 2664 2755 2704; x_wconf 89' lang='lat' dir='ltr'>sensu</span> <span class='ocrx_word' id='word_1_434' title='bbox 2808 2646 2997 2719; x_wconf 90' lang='lat' dir='ltr'>primo</span> 
     </span>
     <span class='ocr_line' id='line_1_58' title="bbox 1716 2734 2999 2813; baseline -0.002 -19"><span class='ocrx_word' id='word_1_435' title='bbox 1716 2737 2013 2813; x_wconf 85' lang='lat' dir='ltr'>compegit</span> <span class='ocrx_word' id='word_1_436' title='bbox 2074 2739 2133 2794; x_wconf 88' lang='lat' dir='ltr'>et</span> <span class='ocrx_word' id='word_1_437' title='bbox 2182 2735 2245 2793; x_wconf 90' lang='lat' dir='ltr'>in</span> <span class='ocrx_word' id='word_1_438' title='bbox 2298 2754 2416 2793; x_wconf 90' lang='lat' dir='ltr'>uno</span> <span class='ocrx_word' id='word_1_439' title='bbox 2467 2735 2671 2795; x_wconf 88' lang='lat' dir='ltr'>edidit.</span> <span class='ocrx_word' id='word_1_440' title='bbox 2743 2734 2999 2792; x_wconf 87' lang='lat' dir='ltr'>Moritur</span> 
     </span>
     <span class='ocr_line' id='line_1_59' title="bbox 1716 2823 2995 2898; baseline -0.003 -14"><span class='ocrx_word' id='word_1_441' title='bbox 1716 2826 2042 2884; x_wconf 79' lang='lat' dir='ltr'>Theodosio</span> <span class='ocrx_word' id='word_1_442' title='bbox 2076 2827 2135 2882; x_wconf 89' lang='lat' dir='ltr'>et</span> <span class='ocrx_word' id='word_1_443' title='bbox 2154 2824 2573 2883; x_wconf 88' lang='lat' dir='ltr'>Valentiniano</span> <span class='ocrx_word' id='word_1_444' title='bbox 2607 2823 2995 2898; x_wconf 85' lang='lat' dir='ltr'>regnantibus</span> 
     </span>
     <span class='ocr_line' id='line_1_60' title="bbox 1718 2910 2999 2996; baseline -0.002 -25"><span class='ocrx_word' id='word_1_445' title='bbox 1718 2910 1792 2996; x_wconf 89' lang='lat' dir='ltr'>(c.</span> <span class='ocrx_word' id='word_1_446' title='bbox 1828 2910 2042 2995; x_wconf 78' lang='lat'>450).‘</span> <span class='ocrx_word' id='word_1_447' title='bbox 2097 2914 2440 2988; x_wconf 88' lang='lat' dir='ltr'>Composuit</span> <span class='ocrx_word' id='word_1_448' title='bbox 2470 2912 2659 2987; x_wconf 82' lang='lat' dir='ltr'>igitur</span> <span class='ocrx_word' id='word_1_449' title='bbox 2691 2910 2808 2968; x_wconf 86' lang='lat' dir='ltr'>duo</span> <span class='ocrx_word' id='word_1_450' title='bbox 2841 2930 2999 2969; x_wconf 89' lang='lat' dir='ltr'>com-</span> 
     </span>
     <span class='ocr_line' id='line_1_61' title="bbox 1715 3001 2993 3078; baseline -0.002 -18"><span class='ocrx_word' id='word_1_451' title='bbox 1715 3004 2031 3062; x_wconf 84' lang='lat' dir='ltr'>monitoria</span> <span class='ocrx_word' id='word_1_452' title='bbox 2080 3003 2394 3060; x_wconf 84' lang='lat' dir='ltr'>memoriae</span> <span class='ocrx_word' id='word_1_453' title='bbox 2446 3001 2668 3078; x_wconf 69' lang='lat' dir='ltr'>gratia,</span> <span class='ocrx_word' id='word_1_454' title='bbox 2740 3019 2993 3074; x_wconf 86' lang='lat' dir='ltr'>quorum</span> 
     </span>
     <span class='ocr_line' id='line_1_62' title="bbox 1714 3089 2996 3167; baseline -0.002 -17"><span class='ocrx_word' id='word_1_455' title='bbox 1714 3093 1973 3167; x_wconf 87' lang='lat' dir='ltr'>primum</span> <span class='ocrx_word' id='word_1_456' title='bbox 2020 3090 2373 3149; x_wconf 86' lang='lat' dir='ltr'>inscribitur</span> <span class='ocrx_word' id='word_1_457' title='bbox 2419 3091 2511 3148; x_wconf 85' lang='lat' dir='ltr'>Tr.</span> <span class='ocrx_word' id='word_1_458' title='bbox 2546 3089 2853 3165; x_wconf 88' lang='lat' dir='ltr'>Peregrini</span> <span class='ocrx_word' id='word_1_459' title='bbox 2888 3107 2996 3164; x_wconf 84' lang='lat' dir='ltr'>pro</span> 
     </span>
     <span class='ocr_line' id='line_1_63' title="bbox 1715 3179 2995 3253; baseline -0.003 -15"><span class='ocrx_word' id='word_1_460' title='bbox 1715 3181 2035 3239; x_wconf 85' lang='lat' dir='ltr'>catholicae</span> <span class='ocrx_word' id='word_1_461' title='bbox 2058 3180 2193 3238; x_wconf 85' lang='lat' dir='ltr'>fidei</span> <span class='ocrx_word' id='word_1_462' title='bbox 2213 3179 2579 3253; x_wconf 84' lang='lat' dir='ltr'>antiquitate</span> <span class='ocrx_word' id='word_1_463' title='bbox 2611 3183 2673 3236; x_wconf 90' lang='lat' dir='ltr'>et</span> <span class='ocrx_word' id='word_1_464' title='bbox 2702 3179 2995 3236; x_wconf 87' lang='lat' dir='ltr'>universi·</span> 
     </span>
     <span class='ocr_line' id='line_1_64' title="bbox 1712 3266 2994 3342; baseline -0.004 -14"><span class='ocrx_word' id='word_1_465' title='bbox 1712 3272 1835 3328; x_wconf 89' lang='lat' dir='ltr'>tate</span> <span class='ocrx_word' id='word_1_466' title='bbox 1869 3269 2151 3328; x_wconf 88' lang='lat' dir='ltr'>adversus</span> <span class='ocrx_word' id='word_1_467' title='bbox 2184 3268 2462 3342; x_wconf 85' lang='lat' dir='ltr'>profanas</span> <span class='ocrx_word' id='word_1_468' title='bbox 2496 3266 2761 3326; x_wconf 88' lang='lat' dir='ltr'>omnium</span> <span class='ocrx_word' id='word_1_469' title='bbox 2793 3267 2994 3324; x_wconf 86' lang='lat' dir='ltr'>haere-</span> 
     </span>
     <span class='ocr_line' id='line_1_65' title="bbox 1713 3355 3001 3425; baseline -0.002 -9"><span class='ocrx_word' id='word_1_470' title='bbox 1713 3359 1968 3416; x_wconf 89' lang='lat' dir='ltr'>ticorum</span> <span class='ocrx_word' id='word_1_471' title='bbox 1986 3357 2297 3425; x_wconf 76' lang='lat' dir='ltr'>novitateS‚</span> <span class='ocrx_word' id='word_1_472' title='bbox 2319 3357 2574 3416; x_wconf 87' lang='lat' dir='ltr'>breviori</span> <span class='ocrx_word' id='word_1_473' title='bbox 2596 3359 2793 3414; x_wconf 88' lang='lat' dir='ltr'>autem</span> <span class='ocrx_word' id='word_1_474' title='bbox 2816 3355 3001 3414; x_wconf 90' lang='lat' dir='ltr'>titulo</span> 
     </span>
     <span class='ocr_line' id='line_1_66' title="bbox 1713 3446 2997 3524; baseline -0.002 -19"><span class='ocrx_word' id='word_1_475' title='bbox 1713 3448 1896 3524; x_wconf 82' lang='lat' dir='ltr'>vulgo</span> <span class='ocrx_word' id='word_1_476' title='bbox 1948 3447 2481 3520; x_wconf 81' lang='lat' dir='ltr'>Commonitorium,</span> <span class='ocrx_word' id='word_1_477' title='bbox 2547 3446 2610 3503; x_wconf 91' lang='lat' dir='ltr'>in</span> <span class='ocrx_word' id='word_1_478' title='bbox 2664 3454 2697 3506; x_wconf 87' lang='lat'>2</span> <span class='ocrx_word' id='word_1_479' title='bbox 2753 3464 2848 3521; x_wconf 89' lang='lat' dir='ltr'>pp.</span> <span class='ocrx_word' id='word_1_480' title='bbox 2900 3448 2997 3503; x_wconf 91' lang='lat' dir='ltr'>vel</span> 
     </span>
     <span class='ocr_line' id='line_1_67' title="bbox 1713 3533 2992 3610; baseline -0.002 -16"><span class='ocrx_word' id='word_1_481' title='bbox 1713 3537 1775 3595; x_wconf 93' lang='lat' dir='ltr'>ll.</span> <span class='ocrx_word' id='word_1_482' title='bbox 1827 3535 2239 3606; x_wconf 83' lang='lat' dir='ltr'>distributum,</span> <span class='ocrx_word' id='word_1_483' title='bbox 2295 3555 2548 3610; x_wconf 88' lang='lat' dir='ltr'>quorum</span> <span class='ocrx_word' id='word_1_484' title='bbox 2608 3548 2658 3598; x_wconf 87' lang='lat'>1.</span> <span class='ocrx_word' id='word_1_485' title='bbox 2707 3533 2992 3608; x_wconf 88' lang='lat' dir='ltr'>inquirit:</span> 
     </span>
     <span class='ocr_line' id='line_1_68' title="bbox 1717 3623 2995 3700; baseline -0.002 -17"><span class='ocrx_word' id='word_1_486' title='bbox 1717 3624 2028 3694; x_wconf 85' lang='lat' dir='ltr'>,Quonam</span> <span class='ocrx_word' id='word_1_487' title='bbox 2074 3625 2250 3683; x_wconf 87' lang='lat' dir='ltr'>modo</span> <span class='ocrx_word' id='word_1_488' title='bbox 2291 3624 2517 3700; x_wconf 87' lang='lat' dir='ltr'>possim</span> <span class='ocrx_word' id='word_1_489' title='bbox 2549 3629 2707 3682; x_wconf 86' lang='lat' dir='ltr'>certa</span> <span class='ocrx_word' id='word_1_490' title='bbox 2739 3623 2995 3698; x_wconf 86' lang='lat' dir='ltr'>quadam</span> 
     </span>
     <span class='ocr_line' id='line_1_69' title="bbox 1712 3713 2995 3790; baseline -0.002 -18"><span class='ocrx_word' id='word_1_491' title='bbox 1712 3717 1772 3772; x_wconf 88' lang='lat' dir='ltr'>et</span> <span class='ocrx_word' id='word_1_492' title='bbox 1793 3715 1963 3788; x_wconf 86' lang='lat' dir='ltr'>quasi</span> <span class='ocrx_word' id='word_1_493' title='bbox 1984 3714 2247 3789; x_wconf 87' lang='lat' dir='ltr'>generali</span> <span class='ocrx_word' id='word_1_494' title='bbox 2278 3733 2343 3772; x_wconf 89' lang='lat' dir='ltr'>ac</span> <span class='ocrx_word' id='word_1_495' title='bbox 2375 3713 2633 3790; x_wconf 88' lang='lat' dir='ltr'>regulari</span> <span class='ocrx_word' id='word_1_496' title='bbox 2667 3713 2765 3771; x_wconf 87' lang='lat' dir='ltr'>via</span> <span class='ocrx_word' id='word_1_497' title='bbox 2796 3714 2995 3770; x_wconf 90' lang='lat' dir='ltr'>catho-</span> 
     </span>
     <span class='ocr_line' id='line_1_70' title="bbox 1712 3802 2996 3876; baseline -0.002 -16"><span class='ocrx_word' id='word_1_498' title='bbox 1712 3803 1863 3861; x_wconf 89' lang='lat' dir='ltr'>licae</span> <span class='ocrx_word' id='word_1_499' title='bbox 1885 3803 2021 3861; x_wconf 84' lang='lat' dir='ltr'>fidei</span> <span class='ocrx_word' id='word_1_500' title='bbox 2051 3804 2361 3860; x_wconf 87' lang='lat' dir='ltr'>veritatem</span> <span class='ocrx_word' id='word_1_501' title='bbox 2396 3804 2468 3860; x_wconf 88' lang='lat' dir='ltr'>ab</span> <span class='ocrx_word' id='word_1_502' title='bbox 2502 3802 2828 3860; x_wconf 84' lang='lat' dir='ltr'>haereticae</span> <span class='ocrx_word' id='word_1_503' title='bbox 2861 3821 2996 3876; x_wconf 86' lang='lat' dir='ltr'>pra-</span> 
     </span>
     <span class='ocr_line' id='line_1_71' title="bbox 1712 3886 2990 3969; baseline 0.001 -19"><span class='ocrx_word' id='word_1_504' title='bbox 1712 3892 1917 3950; x_wconf 86' lang='lat' dir='ltr'>vitatis</span> <span class='ocrx_word' id='word_1_505' title='bbox 1947 3892 2209 3950; x_wconf 85' lang='lat' dir='ltr'>falsitate</span> <span class='ocrx_word' id='word_1_506' title='bbox 2242 3891 2570 3950; x_wconf 90' lang='lat' dir='ltr'>discernere</span> <span class='ocrx_word' id='word_1_507' title='bbox 2606 3887 2677 3963; x_wconf 90' lang='lat' dir='ltr'>(c.</span> <span class='ocrx_word' id='word_1_508' title='bbox 2705 3901 2736 3951; x_wconf 81' lang='lat'><strong>2</strong></span> <span class='ocrx_word' id='word_1_509' title='bbox 2762 3893 2836 3948; x_wconf 87' lang='lat' dir='ltr'>al.</span> <span class='ocrx_word' id='word_1_510' title='bbox 2872 3886 2990 3969; x_wconf 72' lang='lat'>1).“</span> 
     </span>
     <span class='ocr_line' id='line_1_72' title="bbox 1713 3979 2994 4055; baseline -0.002 -16"><span class='ocrx_word' id='word_1_511' title='bbox 1713 3979 1841 4048; x_wconf 85' lang='lat' dir='ltr'>Qua</span> <span class='ocrx_word' id='word_1_512' title='bbox 1878 3981 2178 4039; x_wconf 87' lang='lat' dir='ltr'>occasione</span> <span class='ocrx_word' id='word_1_513' title='bbox 2223 3981 2549 4055; x_wconf 90' lang='lat' dir='ltr'>plurimum</span> <span class='ocrx_word' id='word_1_514' title='bbox 2597 3979 2854 4037; x_wconf 87' lang='lat' dir='ltr'>inculcat</span> <span class='ocrx_word' id='word_1_515' title='bbox 2884 3979 2994 4036; x_wconf 89' lang='lat' dir='ltr'>Ec·</span> 
     </span>
     <span class='ocr_line' id='line_1_73' title="bbox 1713 4068 2992 4144; baseline -0.005 -16"><span class='ocrx_word' id='word_1_516' title='bbox 1713 4069 1925 4128; x_wconf 86' lang='lat' dir='ltr'>clesiae</span> <span class='ocrx_word' id='word_1_517' title='bbox 1946 4069 2442 4144; x_wconf 86' lang='lat' dir='ltr'>conspirationem</span> <span class='ocrx_word' id='word_1_518' title='bbox 2476 4072 2535 4125; x_wconf 90' lang='lat' dir='ltr'>et</span> <span class='ocrx_word' id='word_1_519' title='bbox 2555 4068 2992 4136; x_wconf 87' lang='lat' dir='ltr'>auctoritatem,</span> 
     </span>
     <span class='ocr_line' id='line_1_74' title="bbox 1713 4156 2990 4231; baseline -0.004 -15"><span class='ocrx_word' id='word_1_520' title='bbox 1713 4159 2095 4216; x_wconf 87' lang='lat' dir='ltr'>conciliorum</span> <span class='ocrx_word' id='word_1_521' title='bbox 2138 4162 2496 4231; x_wconf 86' lang='lat' dir='ltr'>patrumque</span> <span class='ocrx_word' id='word_1_522' title='bbox 2529 4156 2990 4226; x_wconf 85' lang='lat' dir='ltr'>consensionem,</span> 
     </span>
     <span class='ocr_line' id='line_1_75' title="bbox 1713 4244 2995 4306; baseline -0.004 0"><span class='ocrx_word' id='word_1_523' title='bbox 1713 4249 1851 4306; x_wconf 84' lang='lat' dir='ltr'>hinc</span> <span class='ocrx_word' id='word_1_524' title='bbox 1883 4246 2220 4305; x_wconf 86' lang='lat' dir='ltr'>traditionis</span> <span class='ocrx_word' id='word_1_525' title='bbox 2256 4249 2637 4303; x_wconf 88' lang='lat' dir='ltr'>momentum.</span> <span class='ocrx_word' id='word_1_526' title='bbox 2701 4244 2767 4302; x_wconf 89' lang='lat' dir='ltr'>In</span> <span class='ocrx_word' id='word_1_527' title='bbox 2809 4244 2995 4301; x_wconf 88' lang='lat' dir='ltr'>altera</span> 
     </span>
     <span class='ocr_line' id='line_1_76' title="bbox 1710 4332 2994 4412; baseline -0.004 -18"><span class='ocrx_word' id='word_1_528' title='bbox 1710 4357 1768 4412; x_wconf 94' lang='lat' dir='ltr'>p.</span> <span class='ocrx_word' id='word_1_529' title='bbox 1830 4335 2379 4410; x_wconf 85' lang='lat' dir='ltr'>recapitulationem</span> <span class='ocrx_word' id='word_1_530' title='bbox 2455 4336 2693 4391; x_wconf 85' lang='lat' dir='ltr'>tantum</span> <span class='ocrx_word' id='word_1_531' title='bbox 2754 4332 2994 4390; x_wconf 82' lang='lat' dir='ltr'>exbibet</span> 
     </span>
     <span class='ocr_line' id='line_1_77' title="bbox 1713 4422 2991 4499; baseline -0.005 -15"><span class='ocrx_word' id='word_1_532' title='bbox 1713 4426 1893 4499; x_wconf 88' lang='lat' dir='ltr'>hujus</span> <span class='ocrx_word' id='word_1_533' title='bbox 1927 4423 2362 4483; x_wconf 88' lang='lat' dir='ltr'>commonitorii</span> <span class='ocrx_word' id='word_1_534' title='bbox 2410 4426 2469 4480; x_wconf 88' lang='lat' dir='ltr'>et</span> <span class='ocrx_word' id='word_1_535' title='bbox 2517 4422 2779 4490; x_wconf 86' lang='lat' dir='ltr'>alterius,</span> <span class='ocrx_word' id='word_1_536' title='bbox 2834 4422 2991 4496; x_wconf 91' lang='lat' dir='ltr'>quod</span> 
     </span>
     <span class='ocr_line' id='line_1_78' title="bbox 1713 4510 2991 4586; baseline -0.004 -15"><span class='ocrx_word' id='word_1_537' title='bbox 1713 4514 2033 4582; x_wconf 85' lang='lat' dir='ltr'>intercidit,</span> <span class='ocrx_word' id='word_1_538' title='bbox 2087 4533 2149 4572; x_wconf 85' lang='lat' dir='ltr'>ac</span> <span class='ocrx_word' id='word_1_539' title='bbox 2196 4513 2525 4571; x_wconf 87' lang='lat' dir='ltr'>doctrinam</span> <span class='ocrx_word' id='word_1_540' title='bbox 2558 4511 2725 4586; x_wconf 89' lang='lat' dir='ltr'>prius</span> <span class='ocrx_word' id='word_1_541' title='bbox 2760 4510 2991 4584; x_wconf 86' lang='lat' dir='ltr'>exposi-</span> 
     </span>
     <span class='ocr_line' id='line_1_79' title="bbox 1713 4598 2993 4678; baseline -0.004 -17"><span class='ocrx_word' id='word_1_542' title='bbox 1713 4607 1833 4661; x_wconf 88' lang='lat' dir='ltr'>tam</span> <span class='ocrx_word' id='word_1_543' title='bbox 1856 4603 2121 4678; x_wconf 84' lang='lat' dir='ltr'>exemplo</span> <span class='ocrx_word' id='word_1_544' title='bbox 2144 4602 2504 4661; x_wconf 89' lang='lat' dir='ltr'>oecumenici</span> <span class='ocrx_word' id='word_1_545' title='bbox 2537 4619 2689 4658; x_wconf 88' lang='lat' dir='ltr'>conc.</span> <span class='ocrx_word' id='word_1_546' title='bbox 2724 4598 2993 4675; x_wconf 89' lang='lat' dir='ltr'>ephesini</span> 
     </span>
     <span class='ocr_line' id='line_1_80' title="bbox 1712 4688 2991 4750; baseline -0.004 -1"><span class='ocrx_word' id='word_1_547' title='bbox 1712 4692 1971 4750; x_wconf 87' lang='lat' dir='ltr'>triennio</span> <span class='ocrx_word' id='word_1_548' title='bbox 2019 4695 2193 4750; x_wconf 87' lang='lat' dir='ltr'>antea</span> <span class='ocrx_word' id='word_1_549' title='bbox 2238 4691 2426 4749; x_wconf 86' lang='lat' dir='ltr'>habiti</span> <span class='ocrx_word' id='word_1_550' title='bbox 2474 4707 2703 4748; x_wconf 92' lang='lat' dir='ltr'>necnon</span> <span class='ocrx_word' id='word_1_551' title='bbox 2735 4688 2991 4746; x_wconf 88' lang='lat' dir='ltr'>auctori-</span> 
     </span>
     <span class='ocr_line' id='line_1_81' title="bbox 1712 4779 2989 4856; baseline -0.004 -18"><span class='ocrx_word' id='word_1_552' title='bbox 1712 4784 1835 4839; x_wconf 84' lang='lat' dir='ltr'>tate</span> <span class='ocrx_word' id='word_1_553' title='bbox 1883 4781 2036 4839; x_wconf 87' lang='lat' dir='ltr'>sedis</span> <span class='ocrx_word' id='word_1_554' title='bbox 2083 4780 2440 4856; x_wconf 85' lang='lat' dir='ltr'>apostolicae</span> <span class='ocrx_word' id='word_1_555' title='bbox 2486 4779 2822 4838; x_wconf 89' lang='lat' dir='ltr'>luculenter</span> <span class='ocrx_word' id='word_1_556' title='bbox 2853 4795 2989 4834; x_wconf 90' lang='lat' dir='ltr'>cou-</span> 
     </span>
    </p>
   </div>
   <div class='ocr_carea' id='block_1_9' title="bbox 3172 4867 3247 4918">
    <p class='ocr_par' dir='ltr' id='par_1_11' title="bbox 3172 4867 3247 4918">
     <span class='ocr_line' id='line_1_82' title="bbox 3172 4867 3247 4918; baseline 0 -48"><span class='ocrx_word' id='word_1_557' title='bbox 3172 4867 3247 4918; x_wconf 50' lang='lat' dir='ltr'>f„</span> 
     </span>
    </p>
   </div>
  </div>
 </body>
</html>
