3505 5161
558 201 683 253 955

1077 191 1443 240 1001-1050.
1476 184 1741 239 Historia.
1773 185 2104 241 Ademarus.
2133 186 2414 241 Rodulfus
2443 186 2668 242 Glaber.

3050 204 3179 257 956

555 384 665 427 nos
699 369 945 428 notavit.
995 369 1272 428 Advertit
1304 370 1482 429 etiam
1514 371 1554 429 J
1570 372 1830 430 annin·
1888 392 1938 430 a.
1969 381 2154 441 1031,
2181 372 2357 447 juxta
2389 373 2538 432 alios
2573 372 2986 433 verisimiliter
3015 374 3178 432 circa

555 476 696 533 gus
743 457 808 515 in
852 458 980 518 Aet.
1029 458 1125 521 SS.
1158 458 1299 517 Jun.
1336 458 1431 529 VI,
1484 468 1598 522 221
1655 479 1711 523 n.
1751 469 1829 523 26
1888 480 1938 523 a.
1994 471 2176 525 1035.
2241 462 2466 521 Ferunt
2508 481 2646 521 eum
2693 463 2909 521 obiisse
2954 463 3020 520 in
3070 462 3177 520 iti·

554 565 689 605 eum
741 546 978 623 quidem
1028 547 1205 606 fidem
1259 567 1481 608 merere
1532 549 1603 608 de
1653 550 1832 609 rebus
1885 567 2025 608 nere
2057 550 2594 627 hierosolymitano,

552 636 800 712 galliciS,
863 636 1294 711 quodammodo
1356 637 1411 695 ei
1473 638 1828 706 domesticiS,

550 744 672 783 non
704 743 843 785 vero
875 725 936 782 in
970 726 1261 802 pluribuS,
1314 746 1465 802 quae
1498 730 1664 786 extra
1694 728 1830 787 Gal-

1979 738 2122 791 530.
2192 730 2482 789 Rodulfus
2547 727 2881 809 (Radalfus,
2946 727 3176 809 Raoul)

552 814 692 872 liam
728 817 896 890 gesta
920 820 1203 873 recenset.
1255 815 1496 893 Integra
1516 820 1689 874 antea
1708 835 1827 875 non
1885 822 2278 893 cognomento
2330 819 2615 878 Glaber
2660 819 2696 876 i.
2746 837 2795 877 e.
2844 819 3050 877 calvus
3109 818 3176 876 in

552 903 785 979 prodiit,
840 905 979 980 quia
1024 904 1223 979 priora
1266 924 1333 963 ex
1379 905 1516 964 aliis
1560 905 1828 964 fontibus
1886 907 2252 983 Burgundia,
2287 910 2356 965 ut
2377 908 2630 975 videtur,
2667 912 2844 966 natus
2871 908 2995 983 jam
3017 907 3176 966 duo-

550 996 696 1051 sunt
741 992 1056 1069 descripta,
1109 993 1212 1051 sed
1264 994 1487 1069 passim
1529 996 1660 1069 ejus
1694 1013 1826 1072 seg·
1885 994 2110 1054 decimo
2142 1015 2294 1055 anno
2317 996 2390 1054 ab
2411 998 2706 1056 avunculo
2737 998 3022 1055 monacho
3044 997 3175 1055 dis-

549 1083 782 1140 menta:
847 1082 1134 1157 optimam
1165 1082 1255 1140 ed.
1306 1084 1422 1142 etsi
1454 1101 1574 1142 non
1605 1084 1828 1160 integri
1885 1084 2136 1160 ciplinae
2170 1085 2428 1145 traditus
2447 1090 2539 1145 est
2557 1087 2912 1144 monasticae
2947 1086 3008 1144 in
3032 1104 3171 1144 eoe-

548 1171 745 1246 operis
798 1187 917 1230 cur.
981 1170 1224 1230 Waitz
1286 1172 1345 1229 in
1398 1172 1524 1230 MG.
1578 1172 1677 1231 SS.
1726 1172 1825 1243 IV,

557 1272 575 1321 1
604 1269 677 1323 13
690 1293 765 1303 -
781 1271 803 1324 1
819 1268 899 1323 48
917 1281 931 1319 ε
965 1260 1204 1319 demum
1220 1260 1453 1337 int-egra
1468 1261 1689 1337 prodiit
1705 1281 1826 1322 cur.

546 1349 604 1406 J.
637 1348 936 1409 Chavan
955 1368 987 1408 o
1009 1369 1049 1408 11
1081 1350 1144 1408 in
1175 1349 1496 1408 Collection
1528 1350 1600 1408 de
1617 1351 1827 1410 Textes

551 1456 703 1513 pour
747 1439 934 1497 servir
966 1445 1000 1496 a
1031 1438 1265 1497 l’etude
1297 1443 1358 1497 et
1392 1445 1425 1497 a
1458 1439 1824 1516 l'enseigne-

547 1529 715 1585 ment
761 1527 831 1585 de
876 1527 914 1585 l'
933 1527 1199 1599 histoire,
1252 1528 1494 1587 Parisiis
1536 1533 1696 1593 1897
1735 1528 1824 1591 ed.

547 1616 801 1691 optima:
849 1636 1052 1675 verum
1100 1617 1365 1675 ostendit
1395 1617 1570 1675 Lair
1600 1617 1825 1676 Etudes

548 1705 836 1781 critiques
870 1724 974 1764 sur
1005 1706 1201 1765 divers
1234 1709 1424 1765 textes
1446 1707 1516 1764 de
1536 1706 1615 1764 X0
1634 1708 1696 1764 et
1714 1707 1824 1764 XI0

546 1794 723 1853 siecle
753 1797 797 1852 t.
836 1804 903 1857 2:
938 1794 1203 1853 Historia
1235 1794 1561 1854 d'Ademar
1584 1795 1654 1853 de
1678 1795 1822 1855 Cha-

544 1884 790 1954 banneS,
841 1884 1086 1942 Parisiis
1144 1893 1327 1953 1899,
1380 1885 1442 1943 ll.
1498 1896 1550 1947 1.
1587 1894 1620 1947 2
1671 1888 1731 1943 et
1769 1894 1823 1948 3.

546 1990 739 2048 usque
771 1973 842 2031 ad
860 1991 905 2031 c.
934 1983 1005 2034 16
1029 1972 1275 2031 haustos
1292 1991 1418 2032 esse
1434 1992 1503 2031 ex
1518 1973 1707 2050 gestis
1731 1993 1823 2032 re-

544 2080 707 2136 gum,
759 2061 1206 2120 continuatione
1256 2062 1713 2139 Fredegarii
1763 2065 1824 2120 et

543 2167 613 2207 ex
635 2150 951 2209 annalibus
971 2150 1431 2209 laurissensibus
1463 2152 1576 2227 maj
1585 2151 1789 2210 oribus
1807 2172 1820 2210 ε

542 2238 775 2312 reliqua
807 2239 843 2300 l.
882 2248 916 2302 3
951 2258 985 2297 a
1016 2258 1062 2300 c,
1108 2249 1381 2311 16—69‚
1434 2259 1585 2315 quae
1617 2241 1695 2302 ib.
1722 2259 1820 2298 ex·

543 2327 726 2397 hibet,
761 2346 879 2385 non
901 2346 1027 2387 esse
1049 2328 1343 2400 Ademari,
1380 2328 1649 2404 quamvis
1668 2329 1821 2389 forte

541 2416 615 2474 ad
649 2416 754 2474 illa
785 2416 1008 2491 aliquid
1056 2418 1405 2476 contulerit:
1452 2419 1641 2476 audax
1686 2418 1820 2494 qui-

540 2505 675 2563 dem
697 2507 1035 2582 conjectura
1055 2509 1259 2565 contra
1289 2506 1629 2583 opinionem
1659 2525 1818 2565 com-

540 2614 800 2666 munem,
850 2595 952 2654 sed
999 2596 1148 2654 forte
1192 2615 1312 2655 non
1358 2597 1684 2655 temeraria.
1733 2630 1819 2640 —

540 2685 612 2742 In
643 2703 731 2760 ep.
765 2686 845 2743 ad
874 2685 1209 2743 Jordanum
1242 2686 1693 2744 lemovicensem
1727 2704 1816 2761 ep.

539 2773 780 2844 diserte,
827 2774 1178 2848 eloquenter
1208 2775 1269 2832 et
1300 2774 1596 2833 ferventer
1643 2791 1814 2832 cona-

540 2869 642 2920 tur
673 2862 985 2921 ostendere
1006 2881 1050 2921 s·
1075 2863 1404 2921 Martialem
1422 2881 1612 2921 unum
1634 2862 1816 2921 fuisse

539 2970 608 3009 ex
660 2951 808 3009 LXX
860 2952 1078 3010 Christi
1128 2952 1439 3027 discipulis
1490 2970 1816 3027 verumque

537 3035 811 3120 (secundi
890 3037 1142 3121 ordinis)
1218 3040 1549 3116 apostolum
1632 3036 1816 3122 (apud

538 3129 916 3187 Mabillon
948 3130 1160 3189 Annal.
1193 3130 1258 3188 O.
1293 3129 1348 3191 S.
1380 3129 1650 3206 Ben.1V,
1688 3139 1809 3194 717

548 3213 813 3298 -720);
865 3237 1016 3292 quae
1063 3218 1259 3277 omnia
1296 3237 1433 3276 cum
1465 3218 1660 3276 tribus
1693 3236 1813 3276 ser·

537 3308 797 3365 monibus
817 3306 1017 3365 dubiis
1033 3307 1278 3366 collecta
1299 3308 1477 3365 habes
1493 3307 1557 3364 in
1580 3308 1635 3364 M
1649 3305 1813 3383 igne

533 3395 721 3465 CXLI,
764 3404 1081 3458 19—124.
1144 3396 1389 3465 Quando
1436 3396 1652 3454 obierit
1694 3414 1816 3453 non

535 3484 679 3542 satis
727 3480 1011 3566 liquet²):
1051 3486 1225 3559 juxta
1267 3486 1469 3560 plures
1505 3485 1628 3559 jam
1677 3487 1814 3541 ante

614 3674 649 3741 ¹)
678 3671 760 3725 Cf.
782 3670 1005 3725 Waitz
1032 3670 1316 3724 innotitia
1328 3671 1461 3725 hist.
1481 3675 1538 3725 et
1550 3670 1814 3741 bibliogr.

576 3742 770 3797 raevia
796 3758 930 3796 suae
956 3743 1043 3799 ed.
1073 3742 1249 3813 (apud
1277 3742 1526 3813 Migne
1554 3760 1607 3812 p.
1636 3747 1815 3813 9-20):

591 3813 681 3867 ist.
744 3813 831 3870 lit.
896 3814 1017 3878 VII,
1078 3819 1393 3873 300—308;
1458 3813 1501 3866 Ρ
1519 3830 1550 3867 ο
1568 3817 1592 3868 t
1607 3817 1632 3866 t
1646 3814 1684 3866 h
1701 3830 1733 3866 a
1751 3831 1776 3865 s
1794 3817 1818 3865 t

533 3902 589 3953 p.
622 3892 702 3940 14.
742 3918 796 3924 —-
825 3885 933 3938 Pro
960 3885 1291 3955 apostulatu
1333 3902 1374 3937 s.
1403 3883 1681 3939 Martialis
1710 3886 1815 3937 ste-

538 3955 612 4008 tit
636 3959 694 4009 et
721 3957 768 4009 G
784 3973 818 4009 a
836 3974 872 4010 u
890 3975 918 4008 z
936 3956 1046 4009 lin
1066 3973 1103 4008 u
1123 3974 1147 4009 s
1183 3955 1462 4026 (Gauslin,
1491 3955 1815 4026 Gauscelin)

533 4027 684 4080 filius
710 4027 989 4081 naturalis
1031 4027 1122 4080 Hu
1167 4025 1293 4080 onis
1328 4027 1522 4096 Capet,
1558 4027 1817 4080 Abbonis

529 4096 866 4168 discipulus,
907 4099 1081 4153 abbas
1162 4097 1468 4151 oriacensis
1507 4100 1564 4150 et
1601 4097 1815 4151 arehie-

531 4169 801 4294 sszzszvs
824 4168 1649 4311 aetimassae·
1662 4167 1816 4293 as

530 4315 658 4365 acta
683 4311 911 4366 concilii
951 4309 1345 4365 lemovicensis
1361 4327 1411 4366 a.
1436 4317 1565 4366 1031
1609 4309 1678 4362 de
1709 4311 1816 4363 hac

532 4399 701 4436 causa
747 4382 1109 4436 discutienda
1167 4381 1502 4451 congregati
1568 4380 1623 4432 M
1641 4381 1660 4434 i
1676 4400 1715 4450 g
1732 4400 1770 4433 11
1787 4398 1815 4433 6

531 4453 743 4516 CXLII,
776 4459 1105 4514 1353-1410;
1134 4454 1203 4507 cf.
1232 4453 1329 4506 He
1348 4453 1497 4506 fele
1527 4453 1549 4503 Ι
1623 4463 1649 4518 5
1673 4457 1812 4522 535).

534 4523 778 4594 Aliquot
815 4529 1061 4592 epistolas
1099 4524 1274 4578 habes
1316 4523 1392 4577 ib.
1431 4522 1612 4585 CXLI,
1640 4528 1812 4578 759—

535 4601 654 4649 768.
707 4595 791 4648 Cf.
820 4594 964 4648 Hist.
1008 4595 1116 4649 Lit.
1158 4595 1280 4659 Vll,
1321 4597 1622 4649 ‘rs-284.
1676 4593 1815 4660 Ejus

534 4669 694 4717 vitam
720 4665 1024 4734 descripsit
1047 4668 1096 4717 A
1115 4684 1151 4717 11
1168 4666 1204 4718 d
1223 4684 1249 4717 r
1265 4681 1293 4717 e
1309 4682 1342 4717 a
1360 4683 1384 4717 s
1422 4664 1675 4733 ejusdem
1702 4681 1814 4718 mo·

1883 1173 2060 1232 nobio
2123 1192 2168 1232 s.
2217 1174 2562 1251 Leodegarii
2613 1175 2924 1250 campellis
2985 1174 3172 1241 dicto,

1883 1262 1981 1320 sed
2016 1265 2264 1339 propter
2296 1263 2560 1323 animum
2594 1265 2803 1335 levem,
2852 1264 3174 1322 turbidum

1881 1354 1942 1410 et
1973 1352 2401 1422 truculentum,
2435 1353 2566 1429 ipso
2597 1356 2751 1412 teste
2775 1352 2840 1423 V,
2887 1366 2934 1424 1,
2969 1372 3004 1411 a
3045 1352 3170 1411 sra-

1880 1440 2074 1499 tribus
2126 1441 2408 1516 expulsus
2460 1446 2568 1500 est.
2644 1442 2800 1500 Hinc
2850 1460 2958 1517 per
3000 1443 3174 1500 varia

1881 1530 2241 1588 monasteria
2270 1531 2572 1606 profectus
2606 1531 2836 1590 ultimis
2871 1531 3029 1589 vitae
3057 1550 3169 1588 an·

1880 1618 1971 1676 nis
2017 1619 2081 1676 in
2130 1618 2491 1679 cluniacensi
2554 1624 2817 1679 moratus
2879 1623 2990 1689 est,
3057 1620 3168 1678 ubi

1879 1707 2154 1766 hortante
2186 1726 2232 1768 s,
2264 1708 2513 1767 Odilone
2561 1727 2695 1768 cum
2729 1708 3036 1767 sodalibus
3071 1709 3166 1766 hi-

1880 1798 2122 1855 storiam
2185 1817 2352 1856 suam
2413 1799 2671 1857 absolvit
2732 1794 2792 1877 (†
2836 1818 2890 1856 v.
2947 1794 3166 1877 1050).

1878 1885 1990 1943 Res
2054 1886 2208 1944 circa
2259 1890 2320 1944 et
2368 1891 2503 1962 post
2550 1907 2599 1947 a.
2644 1887 3036 1946 millesimum
3101 1886 3167 1945 in

1877 1977 2135 2049 quatuor
2184 1975 2394 2034 mundi
2445 1976 2716 2052 partibus
2768 1978 2967 2052 gestas
3018 1994 3163 2035 con-

1877 2063 2129 2122 scribere
2149 2063 2265 2139 ipsi
2286 2065 2655 2140 propositum
2689 2064 2825 2136 fuit,
2860 2083 3011 2141 quas
3043 2065 3165 2123 ini·

1876 2151 1961 2209 tio
1981 2153 2240 2223 brevius,
2275 2158 2482 2228 postea
2502 2154 2838 2213 accuratius
2859 2153 3161 2228 exposuit,

1877 2241 1962 2298 ita
1991 2244 2063 2299 ut
2096 2259 2286 2316 usque
2319 2242 2393 2301 ad
2413 2262 2462 2303 a.
2497 2253 2678 2312 1044,
2714 2262 2833 2320 quo
2866 2242 3162 2300 narratio-

1875 2347 2009 2388 nem
2045 2331 2257 2400 finivit,
2307 2331 2497 2390 multa
2542 2335 2756 2390 notatu
2803 2332 2984 2408 digna
3016 2350 3159 2389 con-

1873 2422 2122 2494 gereret.
2157 2419 2266 2478 Sed
2289 2420 2460 2479 nullo
2481 2421 2688 2479 ordine
2704 2417 2768 2501 ¹).
2802 2421 2973 2478 nullo
2993 2426 3159 2479 certo

1875 2508 2122 2566 consilio
2156 2508 2389 2580 ductu&
2444 2514 2711 2585 tempora
2744 2509 2914 2567 valde
2948 2509 3160 2568 turba·

1874 2597 1977 2667 vit,
2056 2599 2408 2674 plerumque
2470 2617 2654 2659 annos
2717 2602 2922 2673 aperte
2983 2599 3164 2658 falsos

1872 2686 2054 2744 etiam
2103 2688 2163 2744 in
2210 2688 2389 2746 rebus
2441 2706 2582 2746 suae
2632 2689 2815 2746 aetati
2869 2688 3162 2764 proximis

1872 2776 2200 2846 annotavit,
2243 2776 2434 2835 multa
2465 2796 2620 2851 quae
2651 2778 2821 2835 nullo
2853 2777 3029 2834 modo
3064 2777 3159 2834 hi·

1872 2864 2112 2922 storiam
2149 2864 2460 2923 illustrant
2490 2866 2747 2941 recepit:
2783 2867 2944 2940 quod
2976 2865 3029 2923 si
3052 2866 3161 2923 ad-

1872 2952 1972 3010 das
2018 2955 2305 3012 sermonis
2356 2954 2799 3031 inelegantiam‚
2851 2973 2927 3013 ne
2960 2954 3163 3012 dicam

1871 3040 2187 3113 horrorem,
2235 3061 2354 3101 non
2401 3043 2570 3101 valde
2618 3043 3162 3102 commendandum

1871 3133 2168 3188 auctorem
2214 3133 2405 3213 putes,
2469 3131 2691 3190 Verum
2736 3135 2940 3190 tamen
2972 3151 3160 3208 quae·

1870 3236 2103 3294 cunque
2138 3220 2262 3294 ipse
2296 3220 2448 3278 vidit
2470 3224 2576 3278 aut
2597 3240 2628 3278 a
2649 3221 2880 3279 coaevis
2910 3221 3159 3297 accepit,

1868 3306 2125 3366 fideliter
2144 3309 2204 3366 in
2228 3309 2469 3367 schedas
2503 3309 2729 3376 retulit,
2766 3310 2967 3368 animo
3004 3310 3155 3367 satis

1870 3528 1917 3580 D
1935 3528 2158 3584 elisle
2185 3529 2418 3584 Orleans
2450 3535 2613 3588 18532
2657 3531 2865 3586 melius
2904 3530 2950 3584 E
2968 3532 3160 3585 wald

1871 3600 1932 3653 in
1959 3600 2027 3653 N.
2057 3600 2224 3656 Arch.
2253 3600 2306 3656 d.
2335 3600 2398 3656 G.
2428 3603 2519 3654 fiir
2544 3602 2642 3657 alt..
2660 3601 2860 3656 Gssch.
2888 3603 3159 3666 111‚1878‚

1871 3677 2169 3727 351—383.
2221 3671 2303 3726 Cf.
2345 3672 2487 3725 Hist.
2530 3674 2617 3726 lit.
2658 3673 2734 3727 ib.
2775 3691 2832 3742 p.
2861 3679 2967 3730 349
2993 3692 3055 3736 Β...
3080 3673 3159 3726 ih.

1871 3761 1923 3812 p.
1954 3749 2058 3798 346
2085 3745 2169 3795 est
2213 3759 2393 3797 sermo
2439 3743 2508 3797 de
2537 3743 2581 3797 O
2600 3744 2635 3797 d
2654 3762 2686 3798 o
2705 3744 2726 3797 l
2743 3762 2771 3796 r
2788 3745 2809 3797 i
2825 3761 2854 3797 c
2872 3762 2904 3798 o
2949 3746 3156 3799 abbate

1872 3831 1912 3866 s.
1939 3812 2223 3867 Martialis
2250 3825 2296 3884 (ἡ
2322 3817 2495 3884 1040),
2524 3815 2627 3882 qui
2644 3815 2864 3884 pariter
2880 3820 3158 3886 patronus

1871 3884 1986 3937 fuit
2011 3887 2366 3953 apostolatus
2393 3903 2434 3941 s.
2463 3885 2764 3942 Martialis.

1952 3961 1985 4022 ¹)
2015 3957 2224 4009 Contra
2252 3956 2395 4012 hanc
2423 3973 2719 4011 censuram
2747 3972 2783 4010 a
2809 3957 3055 4011 Waitz
3097 3957 3156 4009 in

1871 4023 2048 4095 praef.
2090 4026 2151 4079 in
2193 4026 2507 4081 Rodulfum
2547 4028 2610 4081 in
2655 4027 2784 4082 ΜΘ.
2816 4029 2935 4082 Vn.
2982 4028 3154 4081 latam

1871 4099 2061 4152 censet
2087 4096 2258 4150 Ernst
2284 4099 2318 4152 S
2335 4116 2366 4150 a
2386 4116 2413 4151 c
2429 4099 2468 4151 k
2487 4116 2523 4152 u
2541 4118 2597 4152 r:
2627 4098 2874 4153 Studien
2895 4101 3034 4154 iiber
3055 4098 3156 4151 Ro·

1871 4168 2065 4222 dulfus
2111 4169 2173 4222 G.
2221 4168 2282 4221 in
2308 4170 2378 4222 N.
2407 4171 2575 4229 Arch.
2622 4171 2715 4223 fiir
2761 4176 2811 4224 a.
2860 4171 2913 4224 d.
2960 4170 3155 4224 Gesch.

1875 4246 2027 4295 1889.
2045 4238 2190 4298 XlV.
2211 4245 2512 4303 379--418,
2539 4257 2685 4309 opus
2702 4241 2889 4311 ipsius
2904 4258 3019 4295 non
3040 4256 3155 4296 esse

1871 4310 1992 4363 sine
2021 4309 2260 4363 consilio
2296 4313 2352 4364 et
2387 4310 2584 4366 ordine
2612 4312 3022 4383 chronologico
3050 4312 3156 4365 dis·

1871 4380 2124 4450 positum
2147 4403 2158 4433 :
2209 4382 2618 4451 interpolatum
2660 4388 2857 4436 tamen
2912 4384 3156 4452 suspica·

1871 4457 1982 4516 tur,
2025 4453 2179 4520 quod
2220 4470 2335 4508 nou
2375 4455 2582 4524 probat
2621 4454 2871 4508 Havet
2911 4454 2974 4508 in
3015 4455 3156 4508 Note

1871 4540 1967 4576 sur
1993 4522 2057 4575 R.
2086 4523 2293 4576 Glaber
2334 4525 2394 4576 in
2420 4524 2612 4578 Revue
2655 4525 2791 4578 hist.
2829 4524 2995 4579 Paris
3027 4531 3157 4581 1889

1871 4593 1982 4656 XL,
2011 4601 2238 4649 41—-48,
2285 4594 2366 4650 Cf.
2410 4595 2486 4649 ib.
2521 4601 2656 4652 1892
2683 4595 2940 4661 XLVIll,
2983 4603 3153 4653 ⁶283-

1873 4669 1975 4719 299
1991 4665 2059 4717 de
2077 4669 2308 4720 auctore
2336 4669 2525 4719 nostro
2547 4666 2678 4720 Ern.
2709 4666 2751 4719 P
2768 4683 2798 4719 e
2818 4668 2878 4721 ti
2899 4671 2952 4727 t:
2981 4668 3025 4722 P
3039 4671 3160 4721 ott·

536 4734 771 4808 nasterii
787 4737 1096 4791 monachus
1112 4736 1175 4789 ll.
1194 4743 1242 4798 2,
1260 4752 1434 4803 quam
1446 4734 1627 4788 edidit
1644 4735 1814 4805 Leop.
1871 4735 1908 4788 h
1928 4752 1956 4788 a
1978 4753 2001 4787 s
2021 4741 2042 4786 t
2071 4742 2190 4792 987.
