3505 5161
410 231 529 285 153
1274 210 1460 283 Opera
1488 211 1780 282 exegetica
1806 213 1864 264 et
1888 211 2148 267 ascetica.
2904 228 3028 281 154

402 402 463 458 et
492 398 556 457 in
588 397 798 474 primis
829 399 1071 476 elegans
1090 400 1488 475 prooemium:
1523 397 1682 474 quod
1737 400 1919 473 atque
1953 401 2270 459 serventur
2315 418 2349 456 a
2392 396 2697 458 monachis
2740 397 3023 457 ecclesiae

403 488 509 565 qui
539 488 756 564 legerit
783 487 997 548 miram
1025 487 1192 549 illam
1241 488 1305 547 in
1337 486 1559 547 Basilio
1592 487 1681 545 di·
1738 485 2064 549 orientalis.
2132 486 2427 563 Utrasque
2502 484 2740 563 regulas
2801 486 2979 545 Rufi
3000 519 3032 533 -

403 577 573 636 cendi
604 578 791 636 artem
810 577 1143 645 mirabitur,
1179 595 1298 653 quo
1324 595 1684 653 quocunque
1738 594 1882 636 nus
1915 576 2101 636 latine
2138 576 2322 637 vertit
2368 579 2427 635 et
2472 576 2534 634 in
2581 593 2764 639 unam
2794 574 3026 653 redegit

404 684 467 726 se
498 665 860 727 intendisset
890 667 1274 728 excellebat-‚⁴²
1325 666 1685 743 Fragmenta
1737 666 2025 743 regulam,
2080 683 2232 740 quae
2284 667 2520 725 constat
2563 683 2629 723 ex
2681 672 2807 728 203
2841 683 3026 740 quae·

403 756 467 813 in
498 755 765 814 Psalmos
797 755 987 814 edidit
1016 755 1236 816 Pitra
1282 753 1347 815 in
1379 754 1683 815 Analectis
1740 754 2039 813 stionibus
2084 772 2219 813 cum
2265 773 2468 821 earum
2514 753 3025 829 responsionibus,

405 844 588 903 sacris
634 849 697 902 et
742 844 1004 905 classicis
1049 844 1293 904 Parisiis
1347 852 1511 908 1888
1562 864 1616 919 p.
1654 843 1684 904 1
1741 843 1938 903 Habes
1958 844 2110 903 hanc
2131 843 2458 902 versionem
2494 860 2632 901 cum
2663 842 3024 919 praefatione

404 953 534 1010 pag.
561 942 593 994 7
605 942 862 997 6--103
899 929 1062 1015 (cum
1093 934 1324 1009 aliquot
1354 932 1490 993 aliis
1523 932 1682 1010 frag·
1738 932 1940 992 Rufini
1985 933 2050 991 in
2095 932 2303 992 Codice
2341 950 2463 1008 reg.
2508 935 2762 996 monast,
2807 931 2899 992 ed.
2949 931 3032 994 ab

402 1021 623 1081 mentis
642 1042 699 1097 p.
730 1031 973 1086 103--1
997 1019 1118 1103 10).
1164 1023 1235 1082 In
1268 1022 1395 1081 suis
1426 1022 1492 1081 in
1521 1023 1681 1097 psal·
1740 1021 2160 1081 Holstenio
2193 1024 2503 1099 Augustae
2526 1020 2589 1084 V.
2625 1029 2791 1085 1759
2824 1020 2870 1089 I,
2909 1032 3021 1082 67-

402 1128 528 1171 mos
574 1111 1014 1171 commentariis
1061 1111 1264 1172 sensui
1314 1110 1534 1172 literali
1580 1111 1681 1170 ad·
1745 1121 1890 1176 108.
1956 1111 2358 1187 Paenitentiae,
2409 1124 2562 1186 quae
2595 1109 3026 1185 subjiciuntur,

395 1199 604 1277 jungit
634 1200 909 1260 moralem
945 1201 1006 1260 et
1037 1200 1437 1277 allegoricum,
1471 1202 1535 1259 et
1562 1217 1680 1260 non
1738 1218 1846 1276 pro
1867 1200 2210 1276 regularum
2229 1199 2779 1276 transgressoribus
2799 1201 2861 1258 et
2889 1217 3020 1259 con·

402 1307 593 1365 pauca
640 1307 709 1347 ex
743 1288 1001 1369 Origene
1031 1292 1363 1354 mutuatur.
1394 1322 1481 1332 --
1512 1289 1679 1349 Com·
1736 1290 2063 1349 stitutiones
2100 1291 2374 1348 asceticae
2419 1283 2579 1369 (34),
2627 1288 2850 1364 quibus
2897 1305 3027 1346 mo·

402 1377 730 1437 mentarius
778 1379 841 1436 in
891 1378 1116 1438 Isaiam
1166 1374 1437 1458 (1—16)
1489 1378 1680 1454 quoad
1738 1377 1942 1437 nachis
1974 1377 2149 1454 plura
2167 1376 2654 1454 praescribuntur
2683 1377 2778 1435 vel
2810 1377 3026 1435 saltem

402 1467 648 1527 formam
679 1484 799 1526 non
831 1467 979 1526 satis
999 1468 1297 1544 expolitus
1327 1470 1390 1525 et
1420 1467 1679 1537 limatus,
1738 1467 2247 1535 commendantur,
2300 1466 2515 1525 dubiae
2563 1470 2706 1525 sunt
2751 1465 3018 1541 originis,

403 1555 670 1631 alioquin
718 1555 931 1630 bonus,
984 1560 1080 1616 est
1127 1555 1348 1616 dubius
1381 1556 1484 1615 sed
1529 1556 1682 1616 forte
1738 1555 1899 1615 sicut
1945 1558 2008 1615 et
2057 1555 2175 1614 duo
2228 1555 2290 1617 ll.
2340 1556 2409 1614 de
2456 1555 2741 1630 baptismo
2785 1553 3023 1630 pulchri

401 1645 715 1714 immerito,
750 1645 937 1704 seculi
958 1648 1161 1706 tamen
1179 1645 1290 1713 IV;
1322 1646 1453 1721 ejus
1485 1644 1680 1705 versio
1736 1644 2009 1720 alioquin
2041 1645 2102 1703 et
2133 1645 2205 1704 ad
2238 1661 2434 1704 mores
2466 1643 2870 1702 informandos
2901 1643 3021 1701 uli-

402 1734 591 1794 latina
621 1734 872 1809 antiqua
899 1735 1125 1811 prodiit
1170 1734 1235 1794 in
1279 1734 1551 1795 biblioth.
1585 1752 1680 1794 ca·
1735 1733 1970 1803 lissimi,
2001 1734 2140 1792 hinc
2171 1733 2506 1810 argumenti
2540 1732 2744 1809 potius
2783 1732 3023 1792 ascetici

403 1822 631 1882 sineusi
659 1831 824 1887 1880
859 1822 955 1892 IV,
993 1833 1360 1887 392—424.
1400 1856 1472 1869 --
1512 1823 1680 1884 Com·
1735 1841 1913 1898 quam
1946 1821 2283 1899 dogmatici.
2347 1822 2708 1882 Prodierunt
2745 1821 3027 1895 opuscula.

402 1912 730 1971 menterius
761 1913 823 1970 in
845 1912 955 1972 Job
984 1911 1168 1989 periit
1185 1930 1322 1974 cum
1339 1912 1491 1983 aliis,
1527 1931 1680 1988 quae
1733 1914 1990 1971 ascetica
2021 1912 2205 1971 latine
2254 1929 2426 1970 versa
2467 1912 2533 1970 in
2578 1930 2674 1987 pp.
2707 1909 2784 1968 IV
2817 1909 3026 1968 distri-

404 2002 467 2060 in
499 2018 576 2061 ss.
608 2000 813 2060 literas
846 2001 1156 2077 scripsisse
1186 2001 1441 2061 videtur.
1733 2000 1899 2071 buta,
1931 2001 2147 2062 Romae
2176 2010 2340 2064 1748
2363 2003 2410 2064 t.
2433 2011 2469 2062 4
2492 2000 2555 2059 in
2580 2010 2635 2063 8.
2661 2033 2740 2043 --
2766 1999 3018 2074 Spurius

1733 2094 1827 2149 est
1870 2089 1911 2165 1.
1963 2091 2032 2149 de
2080 2108 2215 2149 vera
2261 2091 2613 2167 viryinitatis
2657 2088 3022 2165 integritate.

1504 2239 1508 2243 ⁴
1642 2200 1645 2201 ⁷
1734 2211 1822 2223 -—-
1855 2179 1943 2239 Ex
1973 2180 2224 2238 homiliis
2254 2178 2628 2255 dogmaticis,
2682 2176 3022 2254 exegeticis,

497 2277 595 2330 79.
646 2267 739 2327 Ad
788 2268 1134 2328 ascetica
1183 2287 1361 2344 opera
1408 2271 1681 2345 spectent
1733 2267 2061 2329 moralibus
2123 2271 2184 2328 et
2245 2267 2618 2346 panegyricis
2673 2276 2752 2331 24
2805 2266 3021 2326 saltem⁴

404 2358 690 2418 tractatus
722 2359 845 2416 tres
876 2357 1122 2433 praevii,
1162 2358 1402 2435 praevia
1432 2358 1558 2417 scil.
1589 2359 1677 2416 in·
1734 2359 1882 2416 sunt
1910 2357 2203 2433 genuinae
2219 2354 2284 2437 ¹),
2322 2358 2386 2416 in
2417 2356 2636 2433 quibus
2670 2355 2929 2414 mascula
2959 2373 3024 2413 se

405 2446 625 2504 stitutio
644 2446 905 2522 ascetica,
929 2446 1141 2521 quaed
1162 2446 1438 2506 militiam
1459 2447 1679 2507 Christi
1734 2444 1936 2521 prodit
1981 2446 2351 2521 eloquentia:
2400 2464 2582 2521 quare
2628 2443 3019 2521 dignissimae

405 2533 842 2612 suscipiendam
862 2535 1168 2608 hortatum
1199 2554 1392 2596 sermo
1425 2537 1494 2596 de
1524 2555 1678 2597 asce·
1736 2536 1882 2594 sunt
1913 2552 2065 2611 quae
2117 2535 2531 2613 theologorum
2560 2534 2836 2594 manibus
2870 2532 3023 2592 assi·

405 2625 516 2683 tica
576 2625 907 2700 disciplina,
970 2626 1265 2700 quomodo
1325 2626 1679 2686 monachum
1737 2623 1853 2683 due
1901 2626 2201 2685 terantur:
2270 2627 2514 2701 propter
2563 2641 2660 2683 eas
2713 2623 2923 2681 merito
2974 2641 3026 2687 s.

404 2713 600 2771 ornari
621 2717 921 2790 oporteat;
955 2732 1147 2773 sermo
1167 2715 1457 2775 asceticus
1488 2717 1559 2775 de
1587 2734 1678 2774 re·
1734 2712 2000 2772 Basilius
2032 2713 2189 2773 inter
2219 2713 2518 2790 principes
2551 2715 2812 2771 oratores
2862 2711 3018 2770 chri-

405 2804 766 2861 nunciatione
814 2804 1045 2862 mundi·
1078 2805 1137 2863 et
1200 2803 1272 2862 de
1322 2804 1681 2880 perfectione
1736 2801 1965 2861 stiauos
1996 2804 2360 2862 numeratur.
2407 2802 2574 2862 Inter
2601 2800 2738 2859 illas
2772 2800 3024 2858 celebris

403 2890 722 2966 spirituali.
789 2892 1082 2952 Praefatio
1129 2892 1441 2951 Moralium
1491 2893 1679 2952 coale-
1735 2893 1831 2950 est
1849 2890 2092 2952 bomilia
2111 2909 2217 2950 seu
2247 2894 2322 2949 tr.
2345 2891 2418 2952 ad
2431 2891 2705 2965 juvenes,
2739 2891 3024 2965 quomodo

404 2979 516 3038 scit
560 2999 629 3040 ex
675 2980 912 3040 duobus
944 2980 1167 3040 libellis
1200 2981 1324 3043 scil.
1363 2983 1432 3040 de
1449 2983 1681 3056 judicio
1737 2998 1807 3039 ea:
1847 2981 2145 3056 qentilium
2190 2980 2358 3037 libris
2387 2980 2695 3039 utilitatem
2719 2980 3027 3053 percipere

404 3069 514 3127 Dei
561 3072 624 3127 et
670 3069 740 3127 de
782 3069 912 3141 fide.
987 3070 1336 3145 Sequuntur
1374 3071 1499 3145 jam
1549 3070 1682 3145 ipsa
1728 3070 1955 3144 possint
1972 3090 1992 3126 .·
2036 3068 2174 3127 hinc
2205 3071 2451 3144 propter
2483 3066 2914 3128 controversias
2947 3066 3020 3123 de

404 3158 659 3217 Moralia
706 3157 831 3217 scil.
877 3159 1117 3235 regulae
1149 3159 1455 3235 octoginta
1484 3159 1680 3218 verbis
1736 3158 1846 3216 hoc
1876 3160 2226 3233 argumento
2259 3157 2513 3216 subinde
2545 3155 2826 3216 excitatas
2861 3173 3024 3213 seor-

403 3246 476 3307 N.
507 3245 874 3306 Testamenti
902 3247 1278 3324 compositae,
1314 3265 1466 3324 quae
1497 3246 1680 3308 variis
1738 3246 1852 3305 sim
1898 3263 2071 3321 saepe
2117 3245 2359 3322 prodiit,
2412 3249 2484 3305 ut
2531 3245 2690 3305 curis
2737 3245 2794 3306 C.
2841 3246 2909 3301 A.
2957 3242 3019 3305 F.

402 3337 712 3396 hominum
776 3335 1221 3396 conditionibus
1298 3338 1680 3396 conveniunt.
1737 3335 2089 3395 Fremion
2109 3378 2124 3406 ,
2182 3335 2429 3395 Parisiis
2486 3343 2651 3397 1819
2706 3351 2840 3392 cum
2893 3350 3022 3390 ver·

403 3425 753 3500 Sequuntur
800 3424 919 3483 duo
956 3443 1242 3485 sermones
1273 3428 1501 3484 ascetici
1531 3445 1679 3485 non·
1738 3425 1903 3484 sione
1952 3424 2181 3500 gallica,
2236 3423 2327 3483 ed.
2378 3423 2647 3501 egregia3
2713 3422 2792 3481 ib.
2853 3430 3022 3485 1894

400 3513 552 3572 nihil
586 3516 784 3573 tamen
817 3513 1005 3585 dubii,
1053 3515 1158 3591 qui
1193 3516 1337 3573 sunt
1368 3515 1555 3573 veluti
1589 3515 1680 3574 in·
1737 3512 2064 3589 interprete
2095 3513 2453 3583 Sommer;
2487 3512 2803 3581 Lotholz‚
2838 3511 3021 3568 Jenae

400 3602 700 3663 troductio
745 3601 818 3662 ad
864 3608 1181 3679 sequentes
1228 3604 1456 3680 reyulas
1489 3606 1683 3679 fusius
1746 3612 1910 3666 1857
1943 3621 2075 3661 cum
2110 3603 2383 3663 versione
2415 3602 2781 3680 germanica3
2816 3599 3024 3657 Wan-

403 3699 680 3751 tractatas
731 3687 867 3775 (55)
918 3696 980 3750 et
1040 3694 1119 3751 ad
1179 3694 1411 3769 requlas
1460 3693 1683 3751 brevius
1739 3691 2049 3768 dinger‚
2134 3692 2426 3751 Monachii
2511 3699 2711 3760 18583
2789 3689 3024 3757 Bach‚

404 3787 683 3839 tractatas
733 3776 934 3863 (313),
986 3800 1093 3856 Pro
1144 3781 1462 3851 monachi8‚
1532 3800 1683 3857 quae
1739 3781 2010 3839 Miinster
2036 3791 2199 3842 1900
2235 3785 2345 3839 etc.
2393 3779 2693 3856 Sagaciter
2723 3781 2928 3836 monet
2959 3777 3023 3833 iu

402 3870 975 3947 interrogationibus
1056 3873 1117 3929 et
1189 3870 1681 3946 responsionibus
1738 3887 1839 3936 ea,
1904 3867 2049 3942 quid
2114 3869 2459 3934 cavendum,
2524 3867 2671 3943 quid
2734 3865 3028 3927 utilitatis

402 3961 696 4020 constant.
729 3958 1049 4018 Continent
1080 3977 1181 4019 eae
1213 3978 1416 4018 verum
1450 3960 1681 4036 sapien-
1738 3957 1916 4015 etium
1948 3955 2022 4016 ad
2053 3973 2282 4015 morum
2304 3956 2748 4015 institutionem
2775 3953 2912 4012 inde
2943 3954 3024 4012 sit

401 4046 522 4109 tiae
554 4046 890 4124 spiritualis
922 4048 1274 4108 thesaurum
1317 4065 1436 4108 non
1486 4047 1681 4107 solum
1738 4044 2111 4119 capiendum.
2178 4044 2429 4121 Aliquot
2473 4063 2543 4103 ex
2583 4043 2841 4102 homiliis
2875 4043 3028 4099 Ru-

400 4154 509 4212 pro
541 4135 858 4204 monachis,
910 4136 1013 4195 sed
1045 4154 1152 4212 pro
1185 4135 1526 4196 christianis
1558 4155 1681 4195 om·-
1738 4134 1767 4191 f
1775 4135 1954 4192 inus
1986 4133 2171 4191 latine
2203 4133 2388 4191 vertit
2421 4133 2617 4208 Migne
2647 4133 2709 4189 P.
2733 4131 2796 4188 G.
2818 4129 3022 4199 XXXI,

400 4226 496 4283 nis
528 4224 890 4284 conditionis
924 4225 1169 4284 virtutis
1210 4227 1270 4284 et
1303 4224 1525 4284 solidae
1555 4225 1682 4301 pie·
1748 4231 2034 4285 1723—1
2054 4230 2084 4283 7
2095 4232 2195 4284 94.

401 4314 544 4374 tatis
579 4313 898 4384 studiosis3
946 4314 1282 4391 Scripturas
1328 4332 1464 4373 vero
1508 4314 1682 4372 testi-

403 4402 603 4463 monia
647 4405 768 4461 tam
815 4404 953 4477 apte
1000 4405 1061 4462 et
1105 4403 1392 4463 concinne
1423 4402 1683 4479 applicat
1817 4416 1853 4467 ί)
1883 4409 2180 4464 Habentur
2207 4406 2380 4461 etiam
2408 4421 2691 4459 sermones
2721 4413 2790 4460 24
2825 4408 2887 4458 de
2913 4424 3020 4458 mo-

404 4494 464 4550 et
494 4492 765 4568 explicat,
804 4493 875 4549 ut
905 4492 1109 4569 plures
1139 4509 1469 4568 gravesque
1501 4509 1681 4565 quae-
1740 4475 1904 4544 ribus,
1931 4497 2092 4562 ,(1009
2131 4495 2199 4532 ⁴³²1
2239 4497 2280 4531 8·
2307 4476 2510 4530 Baflilii
2552 4493 2684 4547 opp.
2712 4475 3024 4556 diligenter

406 4581 627 4641 stiones
691 4579 861 4639 docte
922 4579 1301 4655 dilucideque
1353 4580 1680 4642 solvantur.
1737 4553 1882 4677 {³1¹3
1913 4553 2249 4677 gtsfgffigi‘}
2268 4548 2875 4690 ἓρξὲξῧξὴὶἳὲξθῖοέᾃ
2898 4563 3025 4669 sssffl'

405 4669 656 4729 Maxima
686 4688 888 4729 earum
917 4667 1347 4729 commendatio
1379 4672 1487 4740 031⁵&
1522 4667 1681 4744 q¹²⁰d
1738 4695 1877 4749 bum
1922 4694 1994 4746 ad
2036 4711 2243 4746 nexum
2286 4662 2700 4745 sententiarum
2741 4691 3021 4758 complen-

404 4758 497 4816 vel
529 4758 602 4817 ad
634 4761 900 4818 nostram
933 4776 1134 4833 usque
1155 4759 1407 4817 aetatem
1441 4756 1683 4832 vigeant
1737 4767 1894 4818 dum.
1933 4765 2115 4829 Quare
2145 4768 2210 4818 ut
2235 4762 2511 4816 Basiliani
2537 4760 2736 4816 haberi
2764 4763 3026 4830 possunt.
