3505 5161
422 232 455 284 6
467 236 501 287 9
513 233 544 285 7
1408 216 1518 271 Leo
1550 217 1641 280 III,
1673 216 2046 271 Theodulfus.
2913 239 2946 290 6
2958 238 3040 293 93

418 403 773 479 pontificatu
805 404 965 462 ultra
987 422 1035 461 a.
1061 411 1139 467 20
1166 399 1231 480 (†
1259 412 1354 467 12.
1376 404 1518 464 Jun.
1544 401 1697 485 816)
1755 408 1953 464 autem
1988 405 2347 465 additionem
2400 406 2566 464 illam
2599 406 2930 479 admittere,
2965 427 3041 468 ne

415 492 704 552 memoria
718 492 1070 571 dignissima
1084 495 1175 552 est
1189 494 1485 552 coronatio
1508 494 1700 552 Caroli
1755 494 2079 553 offenderet
2109 495 2373 565 GraecOS,
2419 514 2595 571 quem
2629 496 2690 553 in
2721 496 2898 555 finem
2933 517 3039 574 ap-

417 585 491 646 Μ.
523 583 587 640 111
619 582 1036 657 imperatorem
1085 600 1396 641 romanum
1432 592 1530 646 25.
1563 584 1698 642 Dec.
1756 584 2044 658 penderat
2062 584 2242 643 etiam
2262 584 2335 642 ad
2356 584 2787 644 confessionem
2807 603 2853 643 s.
2874 587 3040 645 Petri

421 682 566 743 800,
588 690 708 747 qua
725 671 1043 748 imperium
1072 671 1434 731 occidentale
1464 675 1695 730 restau-
1754 673 1991 731 tabulas
2025 673 2174 732 duas
2208 675 2517 750 argenteas
2563 673 2783 748 quibus
2815 675 3040 734 inscul-

415 762 589 822 ravit.
619 762 705 819 Ex
724 761 932 836 paucis
965 761 1232 837 ejusdem
1252 763 1522 837 epistolis,
1546 781 1697 838 quae
1752 765 1925 837 ptum
1959 766 2086 820 erat
2116 763 2453 839 symbolum
2484 762 3038 823 nicaeno-constan-

416 853 743 928 supersunt
775 845 1054 932 (Migne
1086 849 1204 921 CII,
1240 859 1695 921 1023-1072‚
1751 851 2221 927 tinopolitanum
2268 852 2477 929 lingua
2521 871 2729 929 graeca
2761 855 2821 910 et
2853 853 3044 912 latina

413 941 519 1000 ubi
552 941 731 999 habes
780 958 850 999 ex
882 939 1131 998 Mansi
1181 940 1314 999 coll.
1354 959 1513 1002 conc.
1558 940 1699 998 XIII
1755 941 1980 1015 absque
2011 940 2118 999 illo
2151 940 2571 1000 additamento.

412 1031 689 1089 notitiam
734 1029 1075 1089 historicam
1124 1030 1190 1087 in
1241 1048 1287 1088 s.
1338 1029 1595 1088 Leonem
1639 1048 1695 1104 p.

417 1128 843 1188 993—10243
892 1119 1067 1196 longe
1114 1119 1330 1177 melius
1374 1119 1439 1176 111
1487 1118 1527 1176 J
1542 1119 1696 1177 affe
1848 1119 2154 1181 382.Cum
2171 1117 3038 1195 attigerimuscontroversiam

412 1209 555 1270 bibl.
588 1228 702 1267 161.
734 1227 917 1285 germ.
948 1207 1047 1278 IV,
1080 1207 1345 1268 Berolini
1386 1216 1588 1279 18733
1621 1208 1694 1266 cf.
1752 1207 1824 1264 de
1841 1206 2218 1282 processione
2235 1208 2497 1283 Spiritus
2531 1225 2575 1271 s.
2602 1208 2781 1267 etiam
2804 1228 2837 1265 a
2862 1208 3037 1278 Filio,

413 1303 475 1357 et
504 1299 634 1374 ejus
667 1298 919 1375 Regesta
943 1297 986 1368 I,
1017 1291 1394 1379 307—316)
1444 1297 1541 1354 vix
1575 1316 1697 1356 una
1751 1315 1902 1371 quae
1933 1315 2067 1355 mox
2113 1297 2476 1356 occasionem
2529 1297 2807 1373 praebuit
2848 1298 3034 1355 schis-

412 1392 505 1447 est
534 1387 885 1465 dogmatica.
916 1386 987 1443 In
1019 1405 1109 1462 ep.
1142 1386 1192 1443 X
1225 1387 1300 1444 ad
1331 1387 1600 1445 Carolum
1618 1387 1692 1443 M.
1749 1385 1898 1443 mati
1930 1386 2279 1445 tristissimo
2314 1386 2613 1445 Orientem
2647 1387 2805 1444 inter
2836 1388 2896 1444 et
2923 1387 3033 1446 Oc-

412 1472 639 1559 (Migne
657 1476 911 1546 XCVIII,
942 1470 1319 1557 538—540)
1343 1475 1601 1534 breviter
1620 1476 1691 1534 ad
1750 1474 2063 1545 cidentem‚
2096 1476 2570 1549 praetermittere
2589 1475 2871 1532 nolumus
2890 1476 3033 1533 scri-

408 1569 530 1626 tres
560 1566 938 1642 quaestiones
958 1583 1028 1623 ex
1048 1582 1093 1622 s.
1112 1565 1418 1640 Scriptura
1446 1582 1694 1640 respon·
1748 1566 1979 1638 ptorem
2001 1565 2107 1622 hac
2133 1564 2373 1640 periodo
2395 1564 2568 1640 plane
2589 1563 2903 1639 insignem,
2927 1565 3035 1638 qui

410 1655 528 1717 det.
562 1655 890 1714 Concilium
921 1654 1135 1713 habuit
1165 1674 1215 1712 a.
1240 1663 1386 1724 798,
1408 1657 1481 1712 ut
1499 1653 1691 1712 Caroli
1748 1651 2024 1711 hortante
2058 1653 2262 1712 Carolo
2295 1654 2371 1715 Μ.
2422 1653 2491 1711 de
2538 1653 2647 1711 hoc
2679 1654 3032 1729 argumento

409 1745 485 1802 Μ.
517 1744 672 1803 votis
693 1744 1075 1814 satisfaceret,
1111 1744 1208 1801 cui
1239 1744 1693 1802 intervenerunt
1748 1741 2118 1800 disseruerit.
2169 1742 2273 1801 Est
2305 1743 2356 1800 is
2390 1741 2485 1799 Th
2504 1741 2829 1800 eodulfu
2848 1759 2893 1811 6,
2929 1760 3031 1799 66-

409 1833 788 1909 611166011157.
822 1834 1149 1908 Postquam
1165 1830 1379 1891 retulit
1397 1832 1468 1890 de
1489 1832 1691 1907 Adop-
1738 1831 1844 1905 jus
1894 1831 2085 1906 patria
2133 1830 2399 1890 nondum
2450 1834 2608 1889 certo
2654 1835 2744 1888 est
2790 1831 3036 1906 cognita

407 1922 709 1982 tianorum
734 1922 961 1981 haeresi
988 1923 1114 1997 jam
1144 1941 1179 1980 a
1208 1941 1315 1981 suo
1346 1921 1690 1997 praedeces·
1746 1914 2137 1999 (cisalpinum
2216 1921 2418 1995 plures
2479 1919 2831 1994 opinantur,
2925 1919 3032 1977 alii

407 2030 534 2071 sore
565 2011 865 2069 Hadriano
899 2011 943 2069 1.
975 2010 1267 2081 damnata,
1288 2011 1477 2086 deque
1496 2011 1691 2069 Felice
1746 2008 2026 2085 Gallum),
2072 2028 2247 2083 quem
2281 2009 2523 2068 Carolus
2556 2010 2633 2066 Μ.
2685 2008 2749 2066 16
2781 2008 3031 2066 Galliam

408 2100 745 2177 urgelitano
769 2102 895 2175 jam
928 2102 1020 2158 ter
1051 2103 1255 2159 contra
1274 2118 1382 2158 sua
1401 2099 1691 2174 promissa
1743 2097 1973 2169 accivit,
2007 2098 2212 2176 magni
2241 2098 2394 2168 fecit,
2426 2097 2686 2173 primum
2720 2096 3036 2155 constituit

407 2191 472 2248 16
503 2189 791 2249 haeresim
824 2190 1055 2265 relapso
1105 2189 1562 2265 pronunciatum
1596 2192 1691 2247 est
1745 2186 2019 2246 abbatem
2079 2188 2502 2258 floriacensem,
2554 2189 2761 2261 postea
2805 2185 3030 2261 episco-

406 2280 624 2337 iterum
647 2279 710 2336 in
732 2298 868 2337 eum
888 2279 1217 2348 anathema,
1250 2279 1370 2336 nisi
1403 2279 1687 2337 haeresim
1742 2295 1889 2351 pum
1933 2276 2401 2336 aurelianensem
2445 2278 2694 2334 exeunte
2728 2294 2838 2333 666.
2873 2274 3031 2336 VIII.

406 2369 679 2445 deponat.
741 2368 1044 2427 Monachis
1078 2363 1343 2448 (francis)
1389 2368 1453 2425 in
1485 2370 1688 2426 sancto
1743 2364 2067 2423 Ecclesiam
2101 2366 2217 2424 sibi
2244 2365 2618 2424 commissam
2653 2364 2904 2422 sollicite
2937 2383 3030 2422 re-

404 2459 606 2517 monte
669 2457 890 2516 Oliveti
963 2475 1147 2532 prope
1215 2457 1688 2532 Hierosolymam
1742 2454 1868 2513 xit:
1932 2454 2071 2512 hinc
2121 2455 2348 2513 scholas
2397 2473 2501 2529 per
2550 2472 2677 2511 eam
2739 2451 3027 2523 instituit,

404 2545 781 2624 degentibus,
799 2546 904 2623 qui
917 2545 1225 2605 haereseos
1241 2545 1684 2616 accusabantur,
1744 2544 2240 2603 monasteriorum
2270 2543 2460 2621 gessit
2493 2562 2710 2612 curam,
2732 2560 2839 2617 pro
2872 2542 3028 2601 clero

404 2636 564 2713 quod
588 2636 746 2694 inter
767 2635 883 2693 alia
907 2636 1174 2710 symbolo
1204 2635 1493 2711 quaedam
1512 2635 1687 2694 adde·
1745 2651 1854 2690 suo
1886 2634 2186 2711 egregiam
2206 2633 2538 2708 composuit
2568 2633 3032 2690 instructionem

401 2729 539 2785 rent
571 2725 643 2783 de
664 2725 1031 2800 processione
1052 2723 1311 2800 Spiritus
1337 2742 1398 2795 6.,
1424 2725 1562 2782 hinc
1579 2742 1687 2800 pro
1744 2740 1852 2779 seu
1900 2724 2160 2796 capitula
2213 2720 2349 2805 (45)
2402 2740 2535 2780 cum
2587 2722 2906 2794 capitulari
2955 2722 3029 2777 ad

404 2814 863 2873 suadefensione
875 2813 949 2872 ad
961 2814 1299 2872 LeonemIII
1315 2815 1689 2872 recurrerent
1742 2811 2122 2886 presbyteros
2171 2811 2481 2886 parochiae
2532 2828 2691 2878 suae,
2743 2828 2921 2882 quam
2968 2811 3032 2867 et

406 2897 507 2985 (cf.
541 2903 581 2961 J
595 2903 748 2961 affe
781 2904 818 2963 1.
852 2921 898 2961 6.
931 2921 990 2978 p.
1025 2901 1195 2979 382),
1243 2903 1400 2961 sicut
1444 2903 1505 2960 et
1535 2902 1686 2960 'I'ho-
1742 2898 1845 2956 alii
1877 2901 2136 2975 episcopi
2155 2900 2484 2976 probarunt
2498 2895 2564 2980 ¹).
2597 2898 2735 2955 Eam
2764 2897 3030 2972 primum

402 3010 531 3051 mas
564 2992 901 3069 patriarcha
924 2991 1503 3068 hierosolymitanae,
1520 2991 1688 3048 misit
1741 2988 1932 3046 edidit
1961 2990 2009 3046 B
2026 3006 2146 3046 aro
2163 3008 2204 3046 n
2220 2988 2240 3045 i
2258 3007 2300 3045 u
2316 3007 2343 3046 s
2378 2987 2441 3044 in
2462 2986 2779 3045 annalibus
2802 2985 2931 3043 suis
2954 2987 3027 3042 ad

402 3082 722 3158 symbolum
753 3082 1107 3139 orthodoxae
1127 3080 1280 3151 fidei,
1315 3081 1378 3138 in
1398 3098 1515 3154 quo
1533 3081 1685 3138 clare
1741 3097 1792 3134 6.
1849 3085 1970 3140 835
2024 3096 2082 3139 11.
2138 3087 2193 3148 5,
2245 3077 2383 3135 dein
2432 3078 2702 3134 Busaeus
2752 3094 2885 3132 cum
2936 3093 3027 3149 ep.

402 3171 746 3246 profitetur:
781 3169 1131 3239 ,Credimus
1151 3169 1438 3245 Spiritum
1462 3170 1685 3227 aPatre
1740 3166 2045 3224 Hincmari
2066 3166 2412 3236 rhemensis,
2445 3164 2789 3241 Moguntiae
2831 3171 3025 3234 1602;

403 3259 679 3318 etaFilio
695 3259 1024 3335 aequaliter
1038 3258 1515 3334 procedentem‘.
1540 3258 1683 3317 Cum
1739 3273 1926 3330 eaque
1972 3255 2195 3331 passim
2241 3257 2477 3329 recepta
2527 3253 2644 3310 fuit
2688 3252 2751 3309 in
2798 3252 3024 3310 collect.

401 3368 541 3408 vero
559 3349 822 3424 synodus
839 3347 1590 3425 aquisgranensisaCarolo
1608 3348 1680 3409 Μ,
1738 3361 1897 3402 conc.
1951 3348 2011 3403 et
2060 3348 2152 3403 est
2213 3344 2384 3402 utilis
2432 3343 2504 3401 ad
2557 3340 3024 3417 cognoscendam

402 3440 758 3514 congregata
790 3459 839 3495 a.
877 3448 999 3500 809
1024 3455 1143 3495 1106
1162 3436 1351 3494 601616
1373 3439 1556 3494 staret
1575 3455 1681 3511 pro
1738 3432 2117 3508 disciplinam
2140 3433 2234 3491 sui
2257 3432 2562 3508 temporie.
2596 3431 2813 3506 Regem
2848 3429 3024 3489 Caro-

402 3527 675 3603 dogmate
688 3525 760 3584 de
775 3527 1149 3602 processione
1162 3526 1424 3600 Spiritus
1442 3544 1485 3582 s.
1502 3525 1680 3583 etium
1737 3521 1865 3579 lum
1899 3522 2138 3580 Romam
2172 3525 2266 3580 est
2306 3521 2624 3580 comitatus
2670 3523 2731 3577 et
2762 3538 2797 3576 a
2825 3519 3025 3577 Leone

402 3636 435 3673 a
465 3616 634 3684 Filio,
670 3615 770 3673 sed
793 3617 940 3673 hanc
960 3614 1321 3672 additionem
1343 3613 1682 3672 decerneret
1736 3610 1842 3669 III.
1914 3612 2094 3685 pallio
2160 3611 2275 3668 suit
2342 3610 2670 3671 decoratus,
2736 3606 3028 3666 Interfuit

400 3705 464 3762 in
497 3704 829 3780 symbolum
858 3723 982 3762 esse
1003 3703 1399 3778 recipiendam
1434 3707 1495 3760 et
1527 3703 1677 3761 illud
1727 3701 1904 3773 juxta
1965 3701 2170 3776 plures
2234 3700 2481 3759 concilio
2535 3698 3023 3756 francofordiensi

399 3794 653 3852 cumhoc
668 3791 1681 3862 additamentoeantandum,habita
1739 3798 1862 3851 794
1898 3792 2104 3847 contra
2133 3789 2386 3847 Felicem
2438 3787 2884 3864 urgellitanum,
2920 3803 3023 3843 cu-

397 3881 611 3940 Romae
662 3881 887 3958 synodo
935 3902 982 3944 a.
1018 3891 1162 3950 810,
1214 3881 1389 3939 fidem
1435 3881 1677 3956 quidem
1726 3878 1830 3952 jus
1863 3896 2088 3936 errores
2121 3877 2398 3936 hortante
2431 3877 2635 3935 Carolo
2667 3876 2742 3934 M.
2786 3875 3023 3951 impug-

396 3972 629 4029 concilii
664 3971 953 4046 probavit,
988 3989 1109 4028 non
1143 3988 1277 4027 vero
1309 3970 1476 4027 illam
1510 3971 1676 4026 addi·
1733 3967 1898 4024 navit
1931 3962 2247 4047 (scriptum
2279 3969 2476 4024 tamen
2518 3964 2896 4023 intercidisse
2929 3963 3021 4022 vi-

393 4059 635 4130 tionem,
699 4080 847 4134 quae
898 4078 1091 4134 neque
1142 4059 1355 4116 Romae
1408 4058 1676 4133 symbolo
1732 4050 1935 4137 detur)
1961 4077 1974 4126 ;
2009 4057 2081 4114 ab
2113 4073 2301 4130 eoque
2323 4056 2539 4112 missus
2562 4053 2894 4112 dominicus
2919 4052 3019 4109 de-

393 4148 737 4218 addebatur,
802 4168 922 4206 non
984 4153 1184 4205 tamen
1245 4148 1456 4206 vetuit.
1520 4148 1676 4206 Hinc
1732 4145 1964 4221 legatus
1997 4148 2090 4203 est
2120 4145 2183 4202 in
2213 4143 2585 4202 Provinciam
2634 4145 2694 4198 et
2727 4140 3020 4215 Septima-

393 4237 601 4294 Franci
635 4238 797 4295 illam
845 4257 965 4295 non
1012 4237 1355 4305 omiserunt,
1391 4255 1526 4294 66111
1549 4238 1672 4310 jam
1731 4234 1923 4303 niam;
1957 4254 1989 4291 a
2025 4244 2169 4296 811.
2203 4251 2338 4291 cum
2370 4231 2505 4289 aliis
2526 4230 2815 4306 episcopis
2843 4229 3019 4286 test-is

394 4329 551 4384 esset
599 4327 659 4382 in
705 4345 838 4397 666,
890 4325 997 4401 qui
1045 4326 1282 4383 demum
1327 4325 1391 4382 in
1423 4325 1672 4395 Italiam,
1732 4323 2087 4398 subscripsit
2117 4324 2474 4380 testamento
2508 4318 2899 4395 imperatoris,
2924 4318 3020 4375 661

395 4415 514 4472 imo
548 4417 609 4472 et
639 4414 850 4473 Romae
882 4416 1161 4472 inductus
1202 4411 1400 4495 fuitl).
1466 4414 1676 4472 Noluit
1734 4431 1872 4436 “-’

1729 4494 1844 4547 KL.
1873 4493 2353 4558 V11‚1771-1781;
2401 4489 2765 4544 Potthast
2799 4507 2853 4558 p.
2888 4493 3017 4547 119:

1730 4565 1763 4619 J
1782 4566 1938 4618 affe
1966 4567 2007 4630 I,
2037 4567 2349 4623 307—316;
2377 4563 2446 4624 II,
2475 4565 2597 4617 743.

475 4642 510 4711 ¹)
539 4638 619 4693 Cf.
648 4639 783 4692 Hes
788 4641 889 4694 ele
912 4638 1395 4708 Conciliengesch.
1418 4640 1674 4706 1115411.
1812 4641 1846 4706 ¹)
1876 4639 1961 4690 Ita.
2005 4637 2101 4690 Ro
2119 4636 2154 4688 d
2172 4635 2360 4704 ulph
2378 4652 2457 4689 us
2508 4649 2595 4704 ep.
2621 4629 3020 4685 biturricensis

395 4719 528 4770 412:
556 4709 661 4763 Ma
680 4729 717 4764 n
735 4711 794 4764 si
822 4711 968 4776 XIV,
996 4718 1061 4767 18
1082 4728 1179 4768 ss.:
1209 4707 1345 4764 Bar
1363 4728 1393 4764 o
1411 4711 1485 4764 ni
1504 4730 1539 4763 u
1558 4729 1582 4763 s
1602 4711 1674 4763 ad
1731 4708 1899 4778 plura
1949 4725 2016 4762 ex
2067 4707 2186 4761 illis
2228 4707 2447 4778 recepit
2502 4704 2564 4758 in
2605 4720 2708 4758 sua
2759 4701 3019 4774 capitula

395 4799 446 4833 a..
473 4789 577 4839 809
606 4802 657 4834 n.
689 4789 754 4837 54
782 4800 850 4837 66.
903 4783 982 4835 De
1010 4800 1052 4837 6.
1080 4782 1263 4836 Leone
1292 4783 1369 4835 ΙΙΙ
1416 4783 1539 4836 Gri
1561 4800 1677 4835 sar
1732 4780 2000 4851 (Migne
2030 4780 2217 4843 CXIX,
2246 4781 2569 4849 703-726).
