3505 5161
341 225 374 276 6
395 226 409 275 1
1448 211 1505 259 et
1531 206 1846 278 supposita.
2872 224 2952 277 62

336 393 596 469 primum
628 394 776 471 agit,
825 395 962 453 dein
996 394 1324 454 orationem
1356 393 1611 452 domini·
1668 394 1854 453 vertit
1884 394 1997 453 sub
2029 394 2266 453 nomine
2299 393 2639 453 Adamantii
2661 393 2954 470 Origenis.

335 500 458 540 cam
491 483 807 558 explanat3
855 487 916 542 et
958 485 1242 559 eloquens
1292 484 1614 543 exhor-tatio
1671 485 1838 559 Opus
1871 487 1964 541 est
1995 483 2218 541 bonum
2251 487 2312 541 et
2344 483 2515 541 valde
2546 483 2698 541 utile
2719 485 2787 542 ad
2811 501 2953 558 cog-

334 572 412 630 ad
458 575 819 649 martyrium
868 573 1185 632 Ambrosio
1234 573 1298 631 in
1359 572 1615 631 vinculis
1669 571 1998 632 noscendos
2060 572 2538 631 Marcionitarum
2618 575 2679 630 et
2738 571 2954 631 Valen-

333 660 575 720 detento
622 662 821 720 dicata
867 659 941 742 (c.
971 682 1021 721 a.
1057 657 1244 743 235):
1291 665 1617 735 utrumque
1671 663 2038 721 tinianorum
2070 679 2314 731 errores,
2351 661 2539 720 seculi
2565 661 2831 719 ineuntis
2856 661 2953 722 IV.

334 750 393 807 in
426 750 515 809 ed.
540 752 673 827 jam
705 750 945 809 laudata
991 771 1112 810 cnr.
1142 751 1615 821 Koetschau3
1672 751 1894 810 Textus
1927 768 2194 828 graecae,
2228 769 2405 826 quem
2438 750 2613 809 modo
2643 749 2950 817 habemuS,

332 840 377 905 1,
431 849 651 902 3—47
675 863 688 909 3
751 840 827 909 11,
883 849 1251 903 297—403.
1313 840 1616 916 Epistolae
1672 845 1765 898 est
1811 840 2151 898 retractatio
2213 840 2411 914 operis
2462 839 2771 915 originalis
2822 857 2954 897 mox

333 928 461 1003 ejus
508 928 636 987 fere
696 947 901 989 omnes
946 929 1275 1006 perierunt.
1350 930 1615 988 Duarum
1672 930 1841 988 sacta.
1908 928 2139 987 Prodiit
2200 928 2459 1005 primum
2524 926 2593 986 W
2615 927 2954 987 etstenii

333 1035 514 1091 supra
544 1019 914 1077 mentionem
947 1019 1191 1077 fecimus
1222 1040 1279 1093 p.
1317 1030 1413 1081 59.
1463 1019 1614 1077 Pau·
1670 1037 1829 1087 cura,
1862 1018 2126 1077 Basileae
2168 1029 2285 1080 167
2296 1028 2368 1087 43
2417 1018 2573 1093 apud
2607 1018 2858 1094 Migne
2891 1018 2951 1075 P.

332 1124 534 1164 carum
566 1111 905 1182 supersunt
924 1110 1270 1184 fragmenta.
1307 1108 1615 1183 Interejus
1672 1108 1736 1166 G.
1758 1108 1854 1177 xl,
1890 1118 1998 1170 '171
2022 1116 2352 1175 1-—1884;
2388 1107 2593 1166 critice
2624 1125 2841 1182 magna
2860 1124 2954 1164 ac-

333 1214 508 1270 opera
572 1196 1015 1270 quadamtenus
1079 1198 1371 1257 recenseri
1416 1200 1617 1273 potest
1673 1198 1976 1256 curatione
2022 1215 2144 1255 cur.
2191 1196 2279 1260 W.
2329 1197 2401 1259 Η.
2448 1215 2561 1255 van
2606 1196 2681 1254 de
2727 1195 2952 1254 Back·

332 1285 677 1359 Philocalia,
740 1305 918 1361 quam
978 1305 1047 1344 ex
1107 1287 1289 1345 variis
1350 1285 1615 1362 ejusdem
1672 1288 1770 1344 hu
1783 1305 1975 1363 yzen
2026 1286 2257 1361 Lipsiae
2316 1296 2472 1348 1901
2534 1286 2598 1344 in
2649 1284 2782 1344 coll.
2846 1285 2954 1343 Die

334 1375 617 1449 operibus
664 1377 1090 1451 excerpserunt
1136 1393 1213 1434 ss.
1263 1376 1615 1434 Basilius
1672 1375 1889 1451 griecb.
1924 1373 2600 1434 christl.Schriftsteller
2631 1374 2737 1433 der
2755 1377 2955 1432 ersten

332 1464 403 1523 M.
442 1467 505 1521 et
538 1464 976 1541 Gregorius
1026 1463 1183 1535 Naz.,
1235 1468 1295 1522 et
1343 1467 1616 1523 accurate
1672 1465 1799 1523 drei
1831 1463 2036 1522 Jahrb.
2070 1466 2114 1525 t.
2145 1462 2242 1521 IV.
2277 1463 2557 1522 Rufini
2593 1463 2784 1521 versio
2818 1480 2953 1537 pro-

333 1551 524 1610 edidit
553 1552 613 1610 J.
649 1557 717 1611 A.
753 1552 1145 1612 Robinson
1203 1553 1319 1611 The
1350 1554 1614 1612 Philoca·
1670 1553 1788 1612 diit
1817 1554 1976 1611 curis
1997 1552 2234 1628 Caspari
2255 1552 2319 1609 in
2339 1552 2737 1615 Kirchenhist.
2761 1554 2951 1610 Auec-

332 1642 411 1698 lia
444 1641 512 1698 of
537 1642 850 1718 Origen.
884 1642 1004 1700 The
1033 1645 1164 1701 text
1193 1643 1444 1711 revised,
1468 1642 1616 1700 with
1671 1642 1830 1711 dota,
1865 1642 2220 1701 Christiania
2259 1650 2444 1704 1883.
2479 1661 2534 1716 p.
2573 1650 2955 1704 1—12s.—-

330 1748 364 1787 a
422 1730 661 1789 critical
722 1731 1130 1796 introduction
1193 1730 1308 1789 and
1370 1731 1613 1802 indiceS,
1672 1731 2097 1790 Recentissime
2118 1731 2331 1789 Petrus
2365 1730 2582 1788 Batif
2591 1730 2699 1788 fol
2732 1729 2954 1788 detexit

332 1818 689 1896 Cambridge
728 1829 912 1883 1893.
1671 1820 1982 1896 ediditque
2014 1820 2252 1879 sociatis
2303 1820 2461 1878 curis
2493 1822 2560 1880 A.
2594 1819 2665 1876 W
2689 1819 2954 1877 ilmart

1670 1914 1744 1969 tr.
1777 1912 1847 1968 de
1876 1910 2046 1968 libra's
2086 1929 2158 1968 ss.
2194 1910 2660 1984 Scrt'pturarum,
2709 1907 2953 1967 Parisiis

451 2006 555 2060 25.
638 1996 871 2056 Passim
932 1996 1174 2072 Origeni
1238 1998 1617 2057 tribuebatur
1681 2010 1864 2067 1900,
1898 1999 2174 2058 homilias
2195 1998 2320 2058 scil.
2338 1998 2442 2057 XX
2474 1999 2538 2055 in
2570 1997 2764 2056 varios
2796 1998 2953 2056 locos

334 2084 785 2144 Adamantii
861 2086 1135 2163 dialogus
1201 2083 1333 2167 (sen
1396 2087 1615 2163 dialogi
1673 2106 1716 2146 s.
1751 2088 2093 2163 Scripturas
2144 2086 2212 2149 V.
2267 2086 2348 2157 Τ.,
2402 2087 2452 2145 si
2503 2087 2622 2146 XX.
2673 2086 2950 2161 excipias,

335 2175 428 2233 vel
458 2175 603 2233 libri
640 2170 717 2258 V)
762 2177 830 2234 de
874 2183 1029 2234 recta
1071 2178 1136 2234 in
1168 2176 1355 2235 Deum
1385 2178 1515 2251 fide,
1551 2177 1614 2234 in

331 2282 449 2338 quo
480 2265 819 2339 disputatio
850 2265 1196 2324 instituitur
1217 2270 1464 2334 ,contra
1496 2267 1616 2323 Me-

333 2353 625 2428 gethium,
639 2354 922 2422 Marcum,
937 2354 1294 2427 Droserium,
1308 2354 1611 2413 Valentem

332 2448 391 2499 et
448 2442 753 2500 Marinum
816 2442 1156 2512 haereticos,
1219 2443 1325 2517 qui
1390 2443 1617 2519 singuli

333 2530 623 2590 haeresim
658 2548 827 2590 suam
858 2531 1239 2592 defendentes
1284 2532 1616 2609 conjunctis

334 2639 396 2678 ac
443 2622 759 2680 malevolis
800 2622 1021 2680 'animis
1071 2626 1275 2680 contra
1319 2622 1614 2681 Adaman-

333 2709 482 2768 tium
547 2711 853 2786 congressi
916 2713 1076 2774 sunt.
1149 2710 1358 2770 Cuncti
1417 2716 1615 2771 autem

333 2799 600 2857 omnium
633 2799 927 2858 dictorum
952 2799 1215 2876 judicem
1263 2801 1379 2858 sibi
1423 2802 1615 2876 elege-

332 2892 554 2963 gerunt
584 2887 937 2964 philophum
959 2907 1237 2966 graecum
1258 2889 1613 2966 Eutropium

332 2978 592 3046 nomine,
627 2978 734 3052 qui
766 2996 943 3036 causa
985 2978 1296 3055 religionis
1343 2996 1611 3054 expensa,

1671 2195 1824 2252 quae
1855 2180 1949 2235 est
1979 2178 2041 2235 in
2075 2178 2202 2235 Act.
2239 2185 2296 2245 2,
2343 2189 2365 2239 1
2406 2194 2471 2245 3.,
2521 2193 2671 2251 quas
2711 2176 2953 2249 Origeni

1671 2284 1932 2325 asserere
1978 2266 2215 2336 nititur,
2252 2267 2581 2324 versionem
2615 2283 2752 2323 vero
2802 2265 2952 2323 Vic-

1670 2355 1938 2414 torino
1992 2355 2424 2430 petaboniensi,
2478 2353 2582 2428 qui
2634 2353 2785 2411 forte
2816 2353 2950 2411 illas

1670 2445 1917 2503 verterit
1946 2463 2068 2504 non
2099 2450 2222 2502 tam
2253 2444 2654 2519 utinterpres,
2688 2461 2867 2517 quam
2883 2446 2954 2501 nt

1671 2538 1881 2593 auctor
1910 2533 2134 2611 proprii
2156 2533 2372 2609 operiS,
2407 2537 2478 2591 ut
2508 2550 2678 2607 saepe
2711 2530 2951 2590 difficile

1673 2624 1756 2682 sit
1787 2642 2106 2693 secernere,
2142 2641 2292 2699 quae
2326 2623 2451 2681 sint
2471 2621 2764 2698 Origenis,
2799 2640 2950 2696 quae

1670 2712 1881 2788 ipsius.
1976 2712 2191 2771 Verum
2257 2712 2612 2789 Weyman
2673 2710 2950 2768 homilias

1670 2820 1800 2861 esse
1832 2801 2259 2860 Novatiani
2293 2802 2575 2877 opinatur
2605 2819 2673 2857 ex
2694 2799 2949 2875 philolo-

1670 2891 1820 2966 gieis
1842 2890 2097 2948 criteriis
2116 2890 2178 2947 in
2195 2909 2284 2965 op.
2302 2910 2315 2947 τ
2351 2890 2457 2948 Die
2472 2889 2568 2950 Tr.
2587 2888 2861 2962 Origenis
2878 2887 2950 2945 de

1671 2979 1732 3036 ll.
1780 2979 2219 3054 Scripturarum
2261 2979 2358 3037 ein
2390 2977 2569 3036 Werk
2603 2976 2948 3045 Novatians,

332 3083 657 3140 persuasus
688 3067 958 3136 veritate,
992 3068 1184 3126 factus
1217 3072 1311 3126 est
1330 3068 1611 3127 Christia·
1667 3068 1904 3143 Lipsiae
1947 3079 2128 3136 19003
2165 3068 2499 3126 Kiinstle
2529 3066 2707 3124 Liter.
2741 3065 2949 3124 Rdsch.

332 3172 445 3214 nus
476 3174 605 3214 una
635 3173 768 3214 cum
802 3156 1082 3230 plurimis
1114 3157 1348 3216 Graecis
1379 3160 1439 3215 et
1479 3157 1613 3214 hae-

1678 3168 1842 3219 1900
1878 3175 1925 3216 3.
1965 3166 2085 3219 169
2110 3174 2186 3214 ss.
2220 3156 2478 3230 conjicit,
2502 3156 2636 3213 illas
2658 3171 2787 3211 esse
2808 3173 2947 3211 auc-

331 3244 565 3303 reticis:
610 3249 739 3303 erat
768 3244 923 3302 enim
957 3244 1239 3318 frequens
1272 3246 1609 3304 auditorum
1667 3247 1819 3305 toris
1883 3264 1994 3305 sec.
2042 3244 2139 3305 IV.
2202 3245 2492 3313 exeuntis,
2557 3241 2949 3319 probabiliter

332 3350 665 3394 consessus,
728 3333 985 3392 Victoria
1015 3333 1252 3393 demum
1290 3353 1471 3409 penes
1505 3334 1613 3392 Ec·
1668 3335 1921 3410 hispani,
1972 3336 2122 3393 forte
2172 3334 2528 3410 Gregorii
2591 3331 2945 3400 eliberitani,

334 3421 571 3480 clesiam
623 3423 966 3481 catholicam
1002 3423 1189 3493 stetit,
1241 3426 1301 3481 et
1332 3423 1612 3498 quemad·
1669 3425 1830 3499 quod
1881 3426 2083 3483 censet
2133 3427 2196 3481 et
2244 3423 2491 3482 Morin
2540 3422 2605 3479 in
2646 3420 2789 3482 diss.
2834 3420 2946 3478 Les

331 3511 575 3569 modum
606 3511 806 3585 pulvis
851 3531 886 3569 a
929 3512 1073 3570 facie
1116 3513 1277 3570 venti
1325 3512 1615 3587 dissipata
1669 3532 1980 3572 nouveaux
2014 3515 2303 3571 tractatus
2337 3511 2610 3588 Origenis
2657 3513 2718 3569 et
2749 3509 2947 3568 l'heri-

331 3603 421 3657 est
453 3599 890 3658 haereticorum
936 3600 1289 3675 superbia:et
1338 3604 1409 3660 ut
1458 3600 1613 3677 legi·
1667 3604 1805 3678 tage
1865 3603 2155 3660 litteraire
2217 3601 2289 3660 de
2351 3602 2617 3676 l'eveque
2666 3599 2948 3675 espagnol

331 3706 464 3746 mus
498 3688 562 3746 in
592 3689 956 3762 praefatione
989 3709 1023 3748 a
1051 3690 1375 3748 recentiore
1396 3690 1612 3748 Graeco

331 3776 550 3836 addita.
602 3776 821 3836 Verum
857 3779 964 3836 hoc
996 3797 1144 3854 opus
1178 3797 1298 3837 non
1331 3782 1424 3836 est
1457 3779 1609 3836 Ori-

331 3861 636 3944 genis¹).
700 3865 902 3925 Errori
946 3868 1306 3926 occasionem
1339 3867 1614 3942 praebuit

330 3973 545 4014 nomen
579 3954 1021 4014 Adamantii
1074 3957 1485 4016 interlocutori
1519 3975 1610 4014 or·

329 4042 586 4102 thodoxo
620 4064 655 4103 a
685 4043 904 4121 dialogi
942 4049 1181 4104 auctore
1213 4046 1530 4113 tributum,
1553 4049 1615 4102 et

331 4132 603 4192 Rufini
666 4133 1003 4203 auctoritas,
1070 4135 1174 4210 qui
1224 4134 1377 4192 illud
1431 4134 1613 4192 latine

334 4340 628 4393 [iebhardt
677 4343 734 4393 et
774 4340 1039 4393 Harnack
1082 4341 1142 4394 T.
1186 4359 1239 4393 u.
1274 4339 1611 4393 Untersuch.

340 4418 470 4466 1888
510 4411 578 4473 V,
620 4419 651 4465 2
694 4431 749 4481 p.
800 4419 1091 4467 165—184.
1145 4412 1226 4465 Cf.
1257 4411 1466 4465 Gams
1501 4411 1612 4464 KL.

339 4481 422 4543 lx,
451 4489 623 4539 2105:
654 4482 699 4534 H
720 4483 1000 4536 arnack
1032 4486 1070 4546 l,
1098 4490 1399 4539 439-·441.

405 4561 441 4614 ¹9
471 4553 556 4607 Cf.
596 4554 667 4606 de
706 4554 813 4607 hoc
842 4571 931 4625 op.
960 4555 1062 4608 Th.
1105 4555 1190 4606 Za
1209 4555 1245 4607 h
1264 4573 1301 4606 n
1346 4554 1614 4606 Zeitschr.

334 4624 418 4675 fiir
458 4624 902 4693 Kirchengesch.
949 4633 1083 4682 1887
1124 4627 1256 4678 fasc.
1298 4630 1330 4679 2
1358 4646 1411 4696 p.
1447 4634 1612 4681 193—-

330 4702 460 4752 334:
490 4696 693 4751 Gesch.
723 4696 820 4749 des
847 4702 1089 4750 neutest.
1118 4697 1350 4751 Kanons
1380 4703 1528 4758 1892.
1550 4697 1615 4758 11.

330 4773 375 4828 2.
402 4775 721 4824 419-426:
762 4767 1047 4836 Krssger
1074 4781 1099 4832 ᾗ
1126 4775 1211 4824 80.

1671 3692 1951 3767 Gregoire
1983 3691 2299 3749 d’llliberis
2333 3691 2395 3748 in
2429 3691 2626 3748 Revue
2659 3687 2855 3746 d'hist.
2889 3692 2951 3745 et

1668 3779 1739 3838 de
1773 3781 1954 3838 litte‘r.
1988 3781 2089 3838 rel.
2133 3791 2316 3848 1900,
2354 3779 2419 3848 V,
2462 3787 2824 3846 145—165.
2853 3778 2949 3835 cui

1670 3869 1830 3926 favet
1875 3868 2224 3927 Ehrhard
2273 3868 2346 3925 de
2391 3869 2498 3926 hac
2547 3866 2950 3942 controversia

1669 3958 2071 4017 consulendus
2134 3957 2221 4026 II,
2291 3965 2656 4019 328—332.
2737 3955 2948 4013 Funk

1670 4047 1868 4106 Theol.
1891 4046 2141 4114 Qtlschr.
2171 4056 2335 4107 1900
2360 4067 2415 4121 p.
2443 4054 2790 4109 534—544
2814 4062 2948 4100 cum

1669 4136 1762 4194 his
1824 4135 2118 4204 convenit,
2170 4153 2267 4192 eas
2312 4153 2429 4192 non
2477 4153 2604 4191 esse
2652 4131 2945 4206 Origenis,

1670 4225 1773 4283 sed
1807 4225 2065 4283 auctoris
2098 4223 2303 4282 latini:
2337 4224 2509 4298 cujus
2544 4240 2679 4279 vero
2702 4239 2818 4277 non
2840 4239 2944 4276 au-

1668 4313 1770 4371 det
1804 4316 2100 4380 statuere3
2139 4312 2332 4369 Kihn
2366 4311 2521 4369 haud
2558 4308 2946 4384 improbabile

1670 4407 1849 4477 putat
1879 4419 1976 4460 eas
2009 4419 2136 4459 esse
2171 4399 2569 4482 Victorini
2618 4416 2798 4471 supra
2841 4415 2945 4455 no-

1669 4492 1899 4550 minati.

1766 4679 1863 4730 26.
1898 4667 2088 4742 Opera
2108 4667 2408 4742 exegetica
2438 4666 2682 4723 collecta
2713 4662 2944 4738 prodie-

1672 4761 1817 4815 runt
1862 4775 2003 4815 cura
2049 4755 2340 4824 Raetii,
2393 4752 2702 4827 Rotomagi
2745 4761 2940 4812 1668:
