3505 5161
473 204 500 256 1
517 201 592 256 75
1238 192 1539 243 326-400.
1568 185 1848 255 Didymus
1875 184 2298 245 alexandrinus,
2961 206 2984 256 1
3003 203 3080 256 76

463 376 846 439 currentibus
878 375 1009 435 aliis
1052 394 1123 435 ex
1166 375 1457 434 librorum
1490 375 1744 435 lectione
1800 375 2022 447 subdit,
2057 376 2297 434 oculum
2316 372 2540 432 habens
2563 390 2814 450 sponsae
2844 371 2916 432 de
2937 372 3083 432 Can-

465 469 837 545 cognoverat,
885 465 1169 524 memoria
1199 467 1261 522 et
1290 465 1486 524 animo
1515 469 1758 525 retexe-·
1797 466 1916 524 tico
1935 464 2318 533 canticorum,
2354 466 2415 521 et
2444 463 2549 522 illa
2563 462 2808 533 lumina,
2841 480 2994 538 quae
3019 463 3083 520 in

465 557 584 629 bat,
635 558 708 615 ut
750 572 873 614 non
916 558 1039 613 tam
1088 555 1342 624 audisse,
1394 572 1545 628 quae
1591 555 1745 614 lecta
1799 554 2118 613 candentes
2138 555 2369 630 segetes
2387 551 2699 611 sublimari
2715 550 2756 609 J
2757 568 2893 611 esus
2914 569 3083 628 prae-

464 646 720 714 fuerant,
768 663 945 720 quam
991 642 1380 719 descripsisse
1426 662 1494 702 ea
1524 644 1743 703 mentis
1800 644 1976 720 cepit,
2016 643 2226 719 procul
2258 641 2442 700 altius
2476 641 2769 710 intuetur,
2817 643 2881 699 et
2923 641 3082 699 anti—

467 753 606 795 suae
638 732 875 811 paginis
908 732 1228 795 videretur.
1291 732 1385 789 Ita
1421 732 1588 791 brevi
1620 732 1744 792 Deo
1799 752 1988 809 quum
2018 731 2192 791 nohis
2212 749 2437 790 morem
2455 729 2736 799 reddidit,
2771 730 2843 789 ut
2872 729 3083 789 videns

465 824 712 885 docente
745 822 810 880 in
840 824 1071 881 tantam
1091 821 1425 881 divinarum
1457 822 1743 881 humana-
1798 825 2044 882 vocetur
2073 821 2376 897 propheta.
2444 820 2613 878 Certe
2657 818 2764 894 qui
2810 820 2969 878 hunc
2999 820 3083 878 le-

464 931 718 989 rumque
753 930 955 971 rerum
998 910 1396 971 eruditionem
1442 928 1508 970 ac
1554 912 1743 970 scien·
1800 911 1973 988 gerit,
2026 910 2370 970 Latinorum
2425 909 2588 967 furta
2636 910 2965 986 cognoscet,
3022 910 3086 966 et

463 1004 611 1062 tiam
660 1000 845 1072 venit,
910 1002 977 1059 ut
1035 1001 1265 1060 scholae
1314 1000 1743 1059 ecclesiasticae
1799 1001 2140 1060 contemnat
2168 999 2414 1069 rivulos,
2464 1015 2601 1057 cum
2644 997 2906 1074 coeperit
2935 997 3083 1056 hau-

464 1092 673 1151 doctor
702 1091 1031 1152 exsisteret.
1048 1096 1076 1127 ‘
1140 1089 1313 1148 Ultra
1349 1089 1535 1148 seculi
1566 1088 1743 1148 dimi·
1797 1089 1917 1148 rire
1963 1089 2036 1148 de
2079 1087 2364 1147 fontibus.
2440 1086 2766 1162 Imperitus
2814 1105 3082 1145 sermone

463 1180 650 1250 dium,
683 1179 799 1238 etsi
817 1178 1021 1249 laicus,
1056 1178 1317 1237 scholam
1337 1179 1493 1237 rexit
1523 1180 1584 1237 et
1607 1197 1742 1238 eru-
1799 1182 1909 1249 est,
1943 1179 2005 1237 et
2036 1176 2100 1257 (f.
2121 1177 2206 1255 at)
2237 1195 2359 1235 non
2379 1175 2657 1235 scientia:
2691 1175 3082 1251 apostolicum

464 1268 711 1328 ditionis
746 1268 899 1326 fama
928 1268 1025 1326 vel
1049 1267 1342 1327 Isidorum
1364 1268 1743 1339 Pelusiotam‚
1800 1267 1995 1326 virum
2028 1286 2098 1325 ex
2130 1266 2261 1342 ipso
2293 1284 2561 1325 sermone
2594 1264 2928 1341 exprimens
2959 1266 3080 1323 tam

464 1358 764 1428 Rufinum,
828 1356 1159 1415 Palladium
1220 1357 1465 1415 attraxit
1516 1375 1745 1417 necnon
1803 1374 2090 1415 sensuum
2150 1355 2396 1424 lumine,
2461 1373 2639 1430 quam
2701 1353 3083 1430 simplicitate

465 1448 912 1522 Hieronymum,
947 1446 1054 1520 qui
1084 1446 1149 1504 in
1177 1447 1328 1522 prol.
1348 1447 1658 1507 comment.
1679 1446 1744 1503 in
1798 1445 2177 1506 verborum.‘
2211 1443 2445 1502 Prodiit
2461 1444 2708 1502 seorsim
2730 1437 2892 1524 (cum
2912 1460 3082 1501 enar-

463 1555 555 1613 ep.
587 1535 659 1594 ad
690 1535 902 1609 EpheS.
934 1533 1021 1594 ita
1049 1537 1340 1595 testatur:
1391 1535 1639 1612 ,Nuper
1670 1535 1745 1593 ob
1801 1537 1910 1593 rat.
1955 1533 2022 1592 in
2065 1552 2154 1609 ep.
2201 1527 2539 1613 canonicas)
2587 1531 2859 1591 Coloniae
2912 1540 3072 1594 1531

463 1627 618 1684 hanc
647 1626 744 1683 vel
776 1624 1026 1684 maxime
1060 1642 1298 1683 causam
1326 1624 1744 1683 Alexandriam
1800 1623 1866 1682 in
1900 1633 1955 1686 8.
1999 1658 2070 1667 -
2108 1623 2178 1682 L.
2212 1622 2486 1680 adversus
2519 1620 2902 1697 Manichaoos,
2957 1620 3085 1679 sive

463 1714 713 1793 perrexi,
760 1716 831 1772 ut
875 1712 1138 1772 viderem
1177 1712 1516 1789 Didymum,
1565 1716 1625 1772 et
1670 1713 1744 1771 ab
1800 1713 1990 1788 major
2019 1711 2160 1769 libri
2204 1728 2361 1787 pars,
2409 1729 2527 1786 quo
2570 1710 2897 1769 haereticos
2944 1709 3081 1768 illos

459 1823 533 1864 eo
575 1802 640 1862 in
672 1802 995 1878 Scripturis
1026 1801 1320 1872 omnibus,
1368 1821 1520 1877 quae
1564 1802 1743 1861 habe·
1800 1800 2136 1860 rationibus
2206 1798 2558 1877 aggreditur
2630 1798 3081 1874 metaphysicis:

460 1893 602 1952 bam
632 1891 833 1961 dubia,
866 1890 1256 1949 sciscitarer.‘
1321 1891 1400 1949 Et
1438 1891 1504 1949 in
1534 1910 1626 1967 ep.
1662 1902 1740 1955 50
1802 1908 1953 1965 quae
1981 1889 2259 1965 deinceps
2281 1891 2620 1965 sequuntur
2648 1887 2711 1945 in
2741 1888 2929 1946 forma
2961 1887 3082 1963 syl·

463 2000 530 2041 se
559 2000 696 2040 eum
717 1983 777 2039 et
796 1980 1147 2056 Gregorium
1177 1999 1304 2039 naz.
1335 1980 1399 2039 in
1419 1980 1744 2056 Scripturis
1799 1978 2192 2055 logismorum
2221 1977 2566 2037 coincidunt
2608 1994 2742 2034 cum
2787 1977 2880 2047 iis,
2932 1994 3083 2051 quae

465 2070 687 2130 sanctis
738 2068 1017 2127 habuisse
1074 2068 1424 2128 catechistas
1473 2069 1742 2128 affirmat.
1800 2068 2089 2144 leguntur
2116 2067 2182 2125 in
2213 2069 2289 2125 tr.
2320 2074 2523 2126 contra
2554 2065 2942 2142 Manichaeos,
2978 2065 3085 2140 qui

466 2158 732 2217 Decessit
775 2175 947 2216 senex
997 2175 1043 2218 c.
1090 2177 1140 2216 a.
1190 2167 1334 2220 395.
1400 2158 1746 2234 Composuit
1800 2156 1913 2215 sub
1932 2155 2173 2215 nomine
2194 2154 3083 2232 s.GregoriinysS.circum-

466 2267 645 2324 quam
677 2245 939 2323 plurima
969 2264 1164 2322 opera,
1200 2246 1303 2307 sed
1320 2250 1477 2306 teste
1497 2247 1741 2306 Hiero·
1799 2246 2006 2308 fertur.
2028 2278 2114 2288 —
2133 2244 2197 2304 L.
2220 2255 2276 2307 4.
2311 2247 2373 2304 et
2407 2255 2461 2307 5.
2481 2251 2686 2304 eontra
2707 2244 3080 2319 Eunomium,

466 2354 686 2413 nymo
720 2335 789 2415 (c.
824 2336 1107 2394 Rufinum
1153 2336 1189 2395 1.
1238 2347 1291 2398 1.
1335 2355 1393 2395 n.
1430 2331 1494 2417 6)
1528 2355 1743 2412 ,aper-
1800 2335 1906 2411 qui
1966 2335 2081 2393 sub
2143 2353 2188 2397 s,
2236 2334 2523 2392 Basilii
2571 2333 2809 2391 nomine
2859 2332 3083 2408 passim

463 2425 734 2485 tissimus
755 2424 1028 2501 Origenis
1062 2428 1474 2502 propugnator
1497 2428 1649 2496 est‚‘
1684 2428 1746 2483 et
1800 2424 2318 2493 circumferuntur,
2366 2443 2401 2481 a
2444 2422 2800 2482 nonnemine
2830 2421 3084 2497 Didymo

467 2512 535 2598 (l.
572 2524 606 2576 2
647 2533 703 2575 n.
744 2510 850 2596 16)
899 2513 1315 2591 ‚apertissime
1359 2514 1424 2572 in
1470 2514 1743 2592 Origenis
1799 2512 2208 2571 nostrotribui
2225 2522 2614 2589 suprap.15l
2639 2510 2917 2570 vidimus.
2938 2509 3084 2568 Ital.

467 2605 619 2664 scita
649 2603 915 2663 concedit
928 2612 977 2675 ‘,
1011 2603 1149 2662 hinc
1167 2604 1497 2680 Eutychius
1518 2604 1742 2680 episco-
1800 2602 2028 2678 primus
2077 2620 2146 2659 ex
2198 2601 2448 2673 duobus,
2512 2601 2620 2677 qui
2666 2600 3086 2659 inscribuntur

465 2709 581 2771 pus
632 2693 1349 2770 constanstinopolitanus
1410 2710 1545 2752 cum
1609 2693 1744 2752 aliis
1800 2699 2002 2750 contra
2051 2692 2417 2766 Apollinarii
2471 2693 2535 2748 et
2584 2689 2697 2749 sub
2746 2690 2986 2749 nomine
3038 2706 3085 2748 s.

465 2782 763 2859 episcopis
794 2782 989 2841 medio
1028 2800 1139 2841 sec.
1172 2781 1269 2841 VI.
1317 2781 1381 2840 in
1426 2801 1564 2841 eum
1610 2800 1744 2841 cum
1801 2779 2222 2839 Athanasii
2259 2780 2492 2857 vulgati
2537 2780 2719 2849 suere,
2770 2798 2805 2837 a
2850 2780 3083 2836 Drae-

465 2873 572 2931 illo
603 2872 914 2931 anathema
933 2871 1086 2930 dixit
1100 2867 1168 2953 ¹),
1202 2870 1361 2946 quod
1382 2873 1747 2931 renovarunt
1801 2870 1980 2928 seke
2026 2869 2278 2945 Didymo
2324 2869 2629 2932 asseritur.
2666 2902 2746 2914 -
2793 2868 2841 2925 Ε
2878 2867 3088 2926 multis

466 2960 682 3038 synodi
732 2960 1138 3020 oecumenicae
1187 2960 1267 3018 VI
1327 2962 1389 3018 et
1437 2959 1579 3020 VII:
1644 2960 1746 3019 sed
1802 2958 2072 3033 ejusdem
2122 2958 2560 3018 commentariis
2610 2958 2675 3015 in
2724 2975 2768 3016 s.
2819 2956 3086 3032 Scriptu-

467 3052 669 3120 ,certe
699 3050 762 3107 in
782 3049 1091 3119 Trinitate,
1122 3051 1277 3108 teste
1308 3049 1746 3126 Hieronymo
1800 3067 1947 3119 ram,
1995 3047 2059 3105 in
2106 3047 2326 3124 quibus
2371 3047 2625 3105 nimium
2659 3048 2922 3105 sectatur
2952 3063 3086 3120 my-

466 3140 506 3199 l.
538 3157 584 3197 c.
618 3139 656 3200 l.
695 3148 728 3200 2
763 3157 822 3197 n.
863 3149 959 3212 16,
994 3138 1318 3197 catholicus
1350 3140 1503 3196 est<
1804 3135 2370 3213 stim-allegoricum
2437 3135 2713 3213 Origenis
2789 3135 3084 3209 interpre—

1801 3225 1973 3284 tandi
1993 3225 2251 3295 modum,
2285 3224 2521 3284 exstant
2538 3225 2815 3299 expositio
2832 3225 2897 3281 in
2917 3221 3082 3281 Psal-

562 3325 659 3379 92.
706 3317 791 3375 Ex
835 3318 966 3391 ejus
1013 3313 1294 3391 operibus
1339 3316 1514 3391 plura
1556 3317 1746 3391 perie-
1803 3333 1926 3373 mos
1971 3333 2182 3390 magna
2225 3333 2296 3372 ex
2345 3318 2533 3390 parte,
2587 3312 2689 3371 sed
2740 3311 3085 3390 genuinitas

464 3408 640 3474 runt3
675 3404 867 3464 adhuc
888 3407 1244 3480 supersunt:
1275 3404 1442 3463 Libri
1462 3405 1549 3464 111
1581 3406 1649 3463 de
1674 3424 1747 3464 ss.
1802 3403 2016 3462 horum
2050 3403 2426 3474 scholiorum,
2478 3420 2630 3478 quae
2661 3400 2732 3460 cl.
2765 3400 2910 3459 Mai
2943 3398 3085 3458 dili-

475 3495 759 3553 Trinitate
807 3513 841 3552 a
891 3492 1347 3569 Mingarelli
1409 3494 1629 3570 reperti
1689 3497 1751 3553 et
1804 3496 2015 3569 genter
2074 3492 2318 3568 collegit
2366 3491 2674 3566 ediditque
2732 3483 2960 3570 (1854)
3022 3488 3086 3547 in

464 3582 618 3642 editi
649 3581 948 3640 Bononiae
987 3590 1061 3644 17
1073 3591 1149 3644 69
1185 3582 1247 3639 in
1278 3583 1316 3640 f.
1382 3582 1580 3659 Hujus
1612 3601 1747 3659 pro·
1803 3581 1948 3642 bibl.
1981 3580 2054 3640 N.
2093 3581 2206 3640 PP.
2235 3581 2348 3639 VH
2376 3600 2435 3656 p.
2472 3589 2526 3642 2.
2557 3598 2690 3655 pag.
2737 3586 3077 3642 131—311

467 3670 577 3731 lixi
608 3689 701 3746 op.
735 3669 926 3729 veluti
946 3671 1443 3746 complementum
1474 3674 1567 3730 est
1598 3671 1751 3731 liber
1803 3688 1926 3729 non
1957 3671 2051 3729 est
2082 3688 2270 3746 supra
2299 3687 2474 3728 omne
2505 3667 2792 3738 dubium;
2839 3668 2995 3726 sicut
3025 3667 3090 3724 et

465 3760 642 3838 plane
660 3759 937 3836 egregius
969 3761 1037 3818 de
1057 3760 1286 3835 Spiritu
1316 3780 1383 3834 s.,
1416 3761 1588 3836 cujus
1619 3780 1746 3820 ver·
1802 3760 2271 3836 fragmentorum
2316 3758 2380 3815 in
2425 3758 2569 3816 alios
2602 3757 2890 3832 quosdam
2923 3756 2986 3814 ll.
3020 3756 3086 3817 V.

467 3849 557 3909 sio
588 3850 828 3907 tantum
848 3848 1097 3919 exsistit,
1133 3849 1233 3907 sed
1266 3849 1506 3924 abipso
1541 3868 1587 3912 s.
1605 3849 1747 3908 Hie·
1803 3849 1885 3919 T„
1936 3844 2251 3930 (Genesim,
2299 3846 2585 3917 Exodum,
2635 3846 2675 3907 l.
2730 3855 2785 3907 2.
2835 3846 3084 3921 Regum,

471 3956 720 4014 ronymo
748 3937 823 3997 ob
843 3937 981 3996 libri
1002 3938 1427 4013 praestantiam
1448 3938 1748 3997 adornata.
1803 3936 1938 4007 Job,
1986 3932 2324 4014 Proverbia)
2370 3940 2432 3994 et
2461 3935 2533 3998 N.
2566 3935 2628 3993 T.
2661 3930 2789 4016 (Ev.
2823 3953 2868 3993 s.
2899 3932 3085 3993 Joan-

467 4027 621 4086 Nam
640 4030 886 4103 rogatus
918 4047 952 4087 a
970 4028 1219 4085 Damaso
1241 4028 1304 4085 P.
1324 4028 1396 4084 ut
1426 4026 1498 4085 de
1520 4027 1750 4104 Spiritu
1803 4026 1917 4097 nis,
1950 4027 2134 4084 Actus
2165 4019 2612 4103 apostolorum),
2645 4041 2799 4099 quae
2828 4040 2899 4082 ex
2929 4023 3086 4081 anti-

469 4135 517 4175 s.
551 4116 848 4188 scriberet,
897 4116 1126 4186 maluit,
1173 4119 1245 4174 ut
1276 4115 1401 4191 ipse
1432 4115 1657 4175 fatetur
1687 4117 1748 4174 iu
1804 4115 1942 4191 quis
1987 4113 2207 4173 catenis
2256 4113 2502 4172 fuerunt
2530 4113 2795 4172 collecta.
2857 4111 3088 4171 Certior

469 4205 651 4282 praef.
672 4223 817 4264 suae
835 4205 1125 4264 versionis
1144 4204 1323 4263 alieni
1344 4205 1541 4279 operis
1562 4205 1748 4263 inter·
1805 4207 1899 4263 est
1946 4202 2239 4262 enarratio
2290 4204 2351 4260 in
2402 4221 2487 4278 ep.
2537 4202 2860 4278 catholicas,
2913 4200 3087 4277 cujus

469 4298 698 4370 pretem
729 4295 1030 4365 exsistere,
1078 4312 1257 4369 quam
1287 4293 1499 4352 alienis
1546 4312 1609 4352 se
1653 4311 1749 4352 co·
1803 4293 2135 4352 versionem
2210 4290 2648 4368 Epiphanio
2725 4289 3085 4349 Scholastico

471 4383 702 4442 loribus
764 4383 1067 4443 adornare.
1149 4381 1485 4458 ,Didymus
1560 4400 1748 4455 meus,
1805 4380 2187 4440 demandavit
2232 4379 2653 4439 Cassiodorius.
2716 4378 2948 4438 Prodiit
2993 4378 3085 4440 ed.

1808 4470 2057 4529 Liicke
2087 4470 2149 4527 in
2178 4487 2274 4545 op.
2301 4470 2757 4541 Quaestione-sae
2788 4467 3090 4526 Vindicius

470 4623 477 4626 '
554 4609 585 4666 ¹)
616 4605 697 4658 Cf.
741 4605 1099 4675 Diekamp
1141 4604 1243 4658 Die
1281 4603 1751 4675 origenistischen
1807 4559 2197 4636 Didymianae
2242 4576 2377 4617 oum
2415 4559 2617 4617 textus
2648 4557 2842 4634 graeci
2872 4575 3088 4633 magna

469 4677 900 4744 streitigkeiten
928 4677 1005 4730 im
1028 4683 1074 4732 6.
1103 4676 1303 4729 Jahrb.
1330 4676 1583 4732 munster
1617 4682 1751 4733 1899
1807 4652 1978 4723 parte
2008 4667 2077 4707 ex
2108 4647 2335 4724 graecis
2355 4647 2594 4706 scholiis
2615 4646 2910 4717 restituta,
2941 4646 3087 4705 Got-

471 4767 527 4816 p.
558 4755 652 4802 131
687 4765 754 4800 ss.
1807 4737 2009 4815 tingae
2048 4745 2391 4800 1829—32
2437 4756 2541 4813 pp.
2590 4745 2648 4798 4.
2713 4736 2872 4795 Haec
2914 4753 3086 4811 prae-
