3505 5161
528 218 652 273 779

523 388 613 447 vit
660 388 902 463 quidem
934 388 1211 446 Nicolaus
1243 388 1287 446 I.
1320 386 1607 464 injustam
1655 387 1812 447 tanti

521 476 818 553 praesulis
835 476 1265 553 depositionem
1282 490 1295 535 t
1319 476 1422 535 sed
1439 477 1813 551 praevalente

523 566 749 625 Bardae
779 567 1093 643 tyrannide
1124 565 1412 624 immania
1458 582 1669 641 passus
1701 568 1810 632 est,

521 659 593 714 ut
651 653 726 714 ad
786 655 1176 718 abdicandum
1235 674 1457 714 munus
1519 655 1813 731 pastorale

522 747 861 821 cogeretur:
908 762 1114 803 verum
1161 743 1402 803 frustra.
1453 743 1690 802 Iteratis
1721 744 1810 802 vi-

522 833 693 892 cibus
755 833 1079 909 appellavit
1139 834 1336 892 sedem
1411 833 1811 909 apostolicam,

524 941 677 997 quae
709 941 845 981 eum
878 940 996 980 non
1029 921 1310 981 deseruit.
1361 922 1598 998 Dejecto
1630 925 1691 981 et
1720 921 1812 980 in-

522 1013 772 1070 terfecto
793 1010 1074 1069 Michaele
1093 1012 1195 1075 111.
1227 1030 1360 1071 mox
1392 1014 1700 1070 revocatus
1720 1014 1814 1069 est

522 1121 559 1159 a
588 1100 809 1159 Basilio
843 1100 1153 1159 Macedone
1185 1119 1230 1158 s.
1250 1100 1522 1177 Ignatius
1553 1102 1734 1176 atque
1749 1100 1809 1158 in

525 1188 725 1248 sedem
757 1207 924 1247 suam
957 1189 1278 1248 restitutus
1311 1197 1438 1263 (23.
1466 1190 1615 1249 Nov.
1638 1185 1812 1269 867).
1848 1259 1858 1268 ‚

527 1279 650 1336 Sub
683 1297 750 1337 eo
782 1278 985 1337 habita
1015 1282 1107 1336 est
1140 1278 1404 1356 synodus
1437 1279 1814 1338 oecumenica

527 1367 702 1437 V111.,
748 1385 899 1443 quae
944 1368 1301 1427 sententiam
1341 1386 1640 1426 romanam
1671 1386 1812 1442 pro-

524 1457 706 1528 bavit,
740 1456 1183 1515 restitutionem
1217 1475 1261 1516 s,
1292 1456 1514 1534 Ignatii
1533 1459 1593 1515 et
1611 1456 1812 1515 Photii

526 1545 972 1621 depositionem.
1036 1546 1302 1605 Decessit
1353 1555 1452 1610 23.
1484 1546 1611 1608 Oct.
1664 1555 1812 1616 877,

525 1653 646 1710 quo
679 1635 774 1693 die
804 1639 928 1692 tam
958 1634 1032 1693 ab
1062 1634 1323 1693 Ecclesia
1353 1635 1542 1695 latina
1570 1654 1750 1709 quam
1782 1655 1815 1693 a

526 1724 756 1799 graecis
800 1724 960 1782 inter
1003 1727 1239 1783 sanctos
1289 1724 1519 1786 colitur.
1582 1724 1814 1783 Literae

525 1812 791 1889 ejusdem
806 1810 854 1892 1)
900 1813 974 1871 ad
1021 1832 1164 1872 rom.
1198 1813 1553 1887 pontificem,
1587 1813 1648 1871 in
1679 1814 1812 1890 qui-

527 1902 641 1960 bus
675 1902 966 1977 praeclare
998 1901 1261 1977 ejusdem
1292 1902 1561 1979 agnoscit
1591 1903 1814 1978 prima-

526 1994 675 2060 tum,
710 1994 1044 2049 asservatae
1073 1990 1360 2067 leguntur
1391 1992 1454 2050 in
1483 1992 1633 2049 actis
1654 2010 1812 2050 conc.

529 2078 1040 2138 oecumeniciVIII
1059 2075 1155 2160 (cf,
1171 2080 1358 2139 Hard
1373 2079 1619 2147 ouinV‚
1643 2076 1813 2162 791).

528 2201 617 2213 -—
651 2170 943 2227 Strenuus
989 2169 1209 2228 assecla
1256 2189 1299 2228 s.
1345 2169 1564 2247 Ignatii
1610 2175 1817 2229 contra

532 2258 810 2315 Photium
830 2261 955 2316 erat
975 2257 1472 2334 Metrophane
1489 2257 1577 2339 82)
1613 2258 1813 2335 Smyr-

537 2399 567 2406 .-

526 2482 701 2534 habes
726 2480 973 2551 Migne
1002 2481 1061 2534 P.
1084 2484 1148 2535 Gr.
1171 2481 1282 2545 CV,
1312 2487 1519 2537 9-582
1542 2482 1633 2552 (cf.
1653 2480 1749 2534 Eh
1770 2500 1812 2534 r-

524 2552 709 2606 hard
755 2554 911 2622 apud
958 2553 1349 2608 Krumbacher
1394 2573 1445 2624 p.
1493 2556 1632 2622 167).
1684 2552 1814 2607 Non

528 2628 717 2678 tamen
740 2626 961 2688 desunt,
985 2626 1086 2693 qui
1108 2629 1314 2695 putent
1334 2626 1439 2678 sub
1458 2626 1565 2679 hoc
1586 2625 1816 2678 nomine

526 2696 640 2748 duo
681 2697 857 2749 latere
899 2697 1219 2767 scriptores.
1259 2731 1326 2737 -
1373 2696 1714 2750 Conferatur
1758 2699 1819 2750 et

529 2767 760 2824 libellus
803 2772 867 2822 de
913 2771 1033 2822 tota
1060 2775 1243 2836 mayni
1282 2772 1483 2836 Iynatii'
1520 2787 1681 2822 causa
1722 2769 1818 2834 (ab

526 2839 715 2892 initiis
737 2838 922 2894 exsilii
949 2857 999 2892 a.
1028 2848 1134 2896 858
1162 2857 1342 2908 usque
1368 2840 1441 2892 ad
1468 2838 1816 2893 conciliabu-

526 2911 647 2965 lum
675 2929 725 2964 ιι.
753 2919 875 2975 861,
901 2911 961 2963 in
991 2929 1105 2979 quo
1133 2910 1247 2963 fuit
1275 2910 1588 2982 depositus)
1616 2911 1688 2963 ad
1719 2910 1817 2963 Ni·

524 2982 751 3036 colaum
800 3000 1012 3053 papam
1061 3000 1203 3037 rom.
1253 2999 1285 3035 a
1331 2982 1817 3052 Theognosto

528 3055 805 3109 monacho
858 3055 1100 3108 exarcho
1140 3053 1262 3116 CR,
1309 3053 1409 3122 qui
1451 3053 1572 3105 visa
1614 3052 1818 3120 iniqua

529 3125 920 3194 persecutione
986 3125 1048 3178 in
1099 3125 1389 3196 Ignatium
1467 3127 1623 3179 mota
1695 3124 1817 3178 zelo

528 3200 846 3251 commotus
885 3197 1028 3250 clam
1059 3195 1292 3251 Romam
1340 3195 1685 3266 properavit,
1714 3195 1817 3249 ubi

523 3268 887 3338 septennium
913 3269 1102 3322 haesit
1125 3269 1313 3324 factus
1350 3266 1816 3322 archimandrita.

526 3338 812 3393 Restituto
854 3339 1145 3393 in·sedem
1187 3356 1347 3393 suam
1391 3338 1615 3409 Ignatio
1643 3337 1819 3391 rediit

527 3411 631 3464 ΟΡ.
658 3429 789 3466 cum
816 3411 998 3464 literis
1024 3409 1304 3464 Hadriani
1332 3412 1397 3469 ΙΙ,
1432 3410 1505 3464 ad
1539 3409 1817 3463 Basilium

523 3482 662 3550 imp.
691 3485 749 3535 et
775 3483 1065 3551 ignatium
1086 3482 1340 3551 impense
1368 3481 1816 3536 commendatus.

528 3552 735 3605 Factus
761 3559 847 3605 est
872 3554 1203 3608 monasterii
1232 3553 1429 3606 Fontis
1455 3554 1818 3620 hegumenus

527 3625 584 3676 et
611 3641 651 3678 s.
680 3623 926 3693 Sophiae
956 3625 1366 3694 skeuophylax.
1397 3623 1605 3682 Missus
1624 3624 1699 3676 ab
1716 3622 1815 3676 im-

525 3695 1820 3836 ³33‘3330ssssJ{3¹33}‡.2t3233”m¹,}35”.3.¹521.10533

534 3837 722 3891 Photii
802 3839 1046 3898 asseclis,
1128 3840 1224 3892 sed
1305 3840 1521 3905 absque
1592 3839 1817 3892 effectu.

532 3908 733 3962 Exstat
755 3911 878 3978 ejus
908 3910 1135 3964 libellus
1161 3911 1230 3963 de
1258 3909 1433 3978 gestis
1461 3908 1565 3961 GP.
1588 3916 1819 3970 858-61.,

530 3997 659 4034 cum
677 3981 933 4034 encomio
949 3987 1005 4037 in
1021 4001 1195 4036 omnes
1209 3990 1418 4035 sanctos
1444 3980 1501 4033 M
1518 3980 1538 4033 i
1554 4000 1591 4050 g
1607 4001 1643 4035 n
1660 3996 1688 4032 e
1708 3980 1819 4033 Pe.

535 4051 646 4112 GV.
675 4058 975 4108 8⁴9-863.

634 4131 666 4193 ¹)
732 4126 971 4190 Epistola
1034 4122 1078 4175 E
1096 4123 1172 4191 pi
1191 4142 1225 4192 p
1244 4123 1280 4174 h
1299 4139 1331 4174 a.
1350 4120 1461 4175 nii
1523 4122 1821 4191 cujusdam

525 4194 783 4263 episcopi
811 4194 982 4262 Cypri
1024 4196 1082 4247 in
1128 4194 1315 4246 insula
1355 4193 1425 4245 ad
1456 4213 1498 4246 s.
1530 4192 1821 4262 lgnatium

527 4265 741 4334 legitur
760 4265 816 4318 ia
836 4266 981 4319 actis
997 4283 1153 4320 conc.
1181 4266 1224 4318 B
1244 4264 1390 4317 inii
1420 4267 1458 4322 t,
1493 4266 1567 4318 111
1589 4265 1822 4318 Parisiis

536 4344 688 4393 1636.
766 4336 952 4404 Hujus
1014 4338 1159 4391 forte
1210 4336 1527 4406 Epiphanii
1593 4336 1823 4390 videtur

532 4407 706 4461 etiam
757 4423 874 4461 esse
926 4412 1204 4476 Expositio
1247 4413 1678 4476 praesessionum
1725 4426 1822 4476 pa·

530 4483 897 4534 triarcharum
927 4489 973 4534 et
1003 4491 1202 4547 metrop
1236 4483 1299 4532 lit
1319 4498 1475 4541 rrum,
1526 4497 1700 4548 quam
1728 4480 1823 4531 ha-

534 4551 627 4603 bes
673 4549 733 4603 in
764 4550 957 4620 Migne
988 4551 1046 4604 P.
1074 4553 1139 4606 G.
1169 4550 1464 4613 LXXXVI,
1497 4557 1542 4615 l,
1571 4556 1820 4607 787-798.

533 4621 613 4673 Cf.
648 4621 871 4674 Busae
898 4630 925 4687 ξ
952 4629 1074 4678 639.

607 4694 648 4758 ²)
677 4692 761 4746 Cf.
801 4691 851 4743 K
869 4713 905 4746 n
922 4699 955 4746 ὅ
975 4713 1010 4762 p
1029 4693 1086 4745 fl
1104 4710 1132 4744 e
1153 4711 1177 4744 r
1217 4692 1329 4745 KL.
1376 4692 1525 4758 VIII,
1571 4697 1709 4748 2442
1756 4709 1825 4744 ss.

538 4759 794 4827 Reliquit
823 4762 1221 4831 Metrophanes
1242 4763 1419 4817 etiam
1447 4770 1734 4820 encomium
1767 4763 1824 4816 in

784 2398 852 2405 -ο

924 205 1223 255 851-900.
1251 198 1507 253 Schisma.
1534 198 1746 255 Photii.
1777 198 2054 268 [gnatius,
2084 197 2502 269 Metrophanes,
2532 198 2760 268 Mappa.

3025 217 3159 271 780

1866 405 1976 445 nae
2026 385 2502 461 archiepiscopus
2547 385 2690 461 (jam
2722 405 2771 445 a.
2797 382 2968 465 857).
3001 386 3158 444 Hinc

1869 492 2005 536 cum
2035 474 2139 534 illo
2171 475 2305 535 sede
2338 494 2450 535 sua
2478 473 2597 535 fuit
2626 474 2912 550 privatus,
2946 474 3157 534 vincu-

1868 566 1940 625 lis
1970 566 2328 625 constrictus
2372 569 2434 624 et
2477 564 2541 623 in
2586 581 2876 623 carcerem
2906 563 3159 622 deterri-

1868 673 2031 714 mum
2064 656 2364 729 conjectus
2397 658 2579 730 atque
2617 653 2680 711 in
2713 653 2989 712 exsilium
3022 652 3157 727 pul-

1868 762 1972 805 sus
2026 738 2134 824 (85
2147 740 2230 826 9).
2292 744 2502 806 Photio
2550 743 2775 818 dejecto
2825 741 3045 801 iterum
3096 741 3159 799 in

1868 852 2037 892 suam
2096 834 2415 895 restitutus
2461 838 2556 893 est
2597 831 2953 891 cathedram.
3015 831 3158 889 Cum

1867 926 2062 982 autem
2095 940 2230 983 cum
2261 924 2474 984 Photio
2506 925 2644 999 post
2672 940 2717 984 s.
2748 920 2973 998 Ignatii
3001 938 3157 978 mor-

1867 1016 1988 1070 tem
2011 1012 2075 1071 in
2106 1014 2501 1090 patriarcham
2524 1013 2709 1071 electo
2730 1010 2994 1069 noluerit
3010 1008 3160 1067 inire

1868 1104 2360 1171 communionem,
2428 1121 2636 1161 rursus
2685 1098 2802 1158 fuit
2853 1098 3158 1174 depositus

1868 1187 2068 1273 (880).
2130 1192 2305 1252 Dedit
2365 1192 2661 1265 epistolam
2709 1189 2783 1247 ad
2828 1187 3158 1247 Manualem

1867 1280 2201 1357 patricium,
2236 1282 2299 1340 in
2331 1300 2447 1358 qua
2476 1283 2696 1349 narrat,
2712 1295 2865 1353 quae
2896 1276 3159 1351 contige-

1866 1373 2003 1429 rant
2047 1373 2206 1431 inter
2233 1389 2278 1429 s.
2313 1369 2612 1448 Ignatinm
2656 1371 2718 1426 et
2761 1365 3042 1424 Photium
3086 1365 3162 1424 ab

1867 1481 1916 1520 a.
1953 1468 2333 1523 858—870:
2382 1478 2561 1535 quam
2606 1457 2889 1517 exhibent
2936 1455 3159 1513 Baro-

1867 1548 2043 1608 nius
2104 1551 2168 1608 in
2230 1549 2356 1609 suis
2416 1547 2732 1607 annalibus
2794 1544 2867 1603 ad
2930 1563 2982 1602 a.
3034 1553 3158 1606 870

1869 1658 1925 1696 n.
1958 1646 2251 1707 45—51;
2301 1638 2644 1696 Raderus
2693 1654 2784 1711 op.
2817 1651 2999 1708 supra
3029 1631 3159 1699 cit-.;

1870 1728 2111 1787 Mansi
2181 1727 2330 1796 XVI,
2396 1735 2521 1789 414
2574 1729 2682 1788 etc.
2746 1722 2977 1782 Habuit
3036 1740 3159 1780 ser-

1867 1835 2089 1877 monem
2119 1816 2419 1893 insignem
2449 1817 2515 1873 in
2545 1832 2704 1874 conc.
2735 1812 2873 1871 VIII
2893 1828 3034 1873 sess.
3066 1809 3161 1869 VI.

1869 1940 1957 1949 --
2002 1907 2261 1966 Eandem
2325 1907 2545 1964 sortem
2607 1901 2794 1962 subiit
2856 1900 3161 1976 Stylianus

1870 1996 1928 2054 M
1944 2016 1979 2059 a
1992 2016 2031 2071 p
2047 2016 2085 2071 p
2096 2015 2131 2054 a
2160 1994 2633 2069 archiepiscopus
2648 1987 3161 2056 neocaesariensis,

1870 2085 1975 2160 qui
2007 2104 2141 2143 cum
2173 2103 2219 2144 e.
2253 2083 2490 2160 Ignatio
2521 2082 2641 2141 fuit
2671 2080 2809 2139 sede
2827 2078 3073 2154 pulsus;
3096 2076 3162 2134 in

1869 2194 2048 2249 quam
2091 2173 2413 2232 restitutus
2458 2171 2658 2230 noluit
2697 2171 2835 2246 post
2866 2186 2911 2226 s.
2945 2165 3165 2243 Ignatii

1870 2265 2121 2322 mortem
2154 2261 2433 2321 Photium
2472 2277 2784 2337 agnoscere
2798 2258 2863 2336 ¹).
2897 2257 2964 2314 In
2982 2257 3165 2314 literis

1870 2352 1944 2410 ad
1977 2353 2345 2427 Stephanum
2376 2349 2472 2409 VI.
2507 2368 2616 2408 suo
2650 2348 3026 2421 aliorumque
3056 2362 3162 2403 no-

1871 2441 2029 2500 mine
2060 2440 2214 2500 datis
2245 2438 2550 2516 synoptico
2594 2440 2656 2496 et
2700 2434 2956 2495 fideliter
2983 2434 3166 2492 refert

1870 2529 2403 2590 controversiarum
2467 2528 2626 2587 inter
2677 2544 2724 2589 s.
2755 2525 3058 2602 Ignatium
3102 2526 3166 2580 et

1872 2619 2147 2678 Photium
2194 2617 2498 2677 historiam
2547 2614 2646 2696 (ab
2682 2636 2732 2674 a.
2767 2608 3162 2692 847-886),

1870 2710 2028 2784 apud
2060 2707 2476 2768 Batonium
2508 2705 2582 2765 ad
2614 2725 2665 2765 a.
2691 2714 2813 2768 856
2845 2711 3164 2769 n.17-25;

1871 2799 1934 2856 in
1968 2798 2115 2856 actis
2148 2815 2308 2856 conc.
2342 2795 2585 2854 Mansi
2623 2794 2775 2860 XVI,
2813 2799 3155 2855 425-441

1870 2892 2009 2958 etc.;
2061 2890 2122 2944 et
2167 2887 2229 2944 in
2279 2903 2371 2961 op.
2404 2883 2685 2943 Baderi
2735 2882 2834 2941 cit.
2867 2881 3074 2939 Exstat
3104 2883 3169 2937 et

1875 2977 2064 3052 ipsius
2096 2975 2338 3034 libellus
2369 2975 2438 3031 de
2467 2992 2514 3032 s.
2555 2973 2838 3030 Trinitate
2869 2970 2937 3028 in
2968 2970 3165 3028 Mont-

1872 3065 2129 3125 fauconii
2150 3064 2293 3126 bibl.
2315 3081 2543 3139 sequor.
2565 3064 2627 3119 et
2645 3060 2884 3128 coislin..
2918 3057 3168 3117 Parisiis

1881 3163 2044 3218 1715
2095 3173 2152 3228 p·
2208 3162 2485 3216 88—90.
2549 3149 2877 3210 «Ioannis
2924 3147 3020 3206 IX.
3053 3166 3164 3222 ep.‚

1874 3263 1991 3318 qua
2021 3244 2072 3318 ej
2080 3261 2150 3300 us
2166 3241 2312 3300 fides
2328 3241 2651 3318 singularis
2667 3238 2966 3306 laudatur,
2985 3236 3167 3294 habes

1872 3333 1936 3390 in
1970 3332 2219 3408 Migne
2252 3331 2312 3387 P.
2345 3330 2407 3393 L.
2441 3329 2685 3400 CXXXI,
2725 3337 2824 3390 29.

1965 3517 2110 3572 425.
2161 3507 2440 3578 Quamvis
2489 3507 2820 3565 Photius
2884 3504 3168 3580 indignus

1872 3597 1967 3669 sit,
2003 3598 2106 3673 qui
2136 3597 2294 3655 inter
2338 3597 2647 3674 theologos
2691 3595 3042 3654 numeretur
3073 3610 3168 3650 ca-

1871 3687 2121 3746 tholicos
2153 3688 2359 3761 utpote
2391 3684 2723 3743 tristissimi
2758 3686 2967 3743 auctor
2981 3681 3166 3741 schis-

1874 3776 2067 3845 matis,
2100 3775 2361 3834 breviter
2391 3776 2605 3832 saltem
2623 3771 3042 3832 memorandus
3061 3774 3168 3839 est,

1875 3883 2005 3923 cum
2038 3863 2241 3941 negari
2271 3866 2546 3939 nequeat,
2581 3882 2713 3922 eum
2748 3881 2783 3920 a
2813 3864 3030 3919 natura
3068 3877 3168 3917 ex-

1875 3954 2094 4012 cellens
2144 3956 2391 4012 nactum
2440 3970 2569 4011 esse
2627 3950 2959 4027 ingenium,
3011 3947 3169 4023 quod

1877 4212 1920 4249 s.
1950 4194 2328 4263 Polycarpum
2375 4196 2432 4246 et
2476 4192 2808 4247 Michaelem
2858 4191 3168 4256 archange-

1878 4268 2017 4329 lum,
2043 4281 2265 4321 necnon
2291 4263 2766 4319 commentarium
2791 4268 2849 4317 in
2870 4271 3060 4330 septem
3086 4279 3165 4340 gp.

1878 4341 2176 4400 catholicas,
2202 4337 2294 4406 cuj
2302 4354 2367 4390 us
2377 4335 2525 4407 speci
2535 4335 2690 4390 mina
2705 4333 2941 4388 exhibet
2957 4347 3167 4402 passim

1878 4409 1939 4462 B.
1962 4407 2308 4478 Georgiades
2322 4408 2384 4461 in
2416 4410 2572 4463 Ειιιιλ.
2600 4410 2659 4462 Ἀ
2672 4409 2804 4481 Ληθ.
2837 4406 2912 4460 III
2941 4406 3164 4472 (1882-

1885 4484 2060 4551 1883),
2087 4480 2237 4532 sicut
2262 4492 2320 4532 et·
2358 4479 2460 4534 ina
2489 4482 2744 4534 Encomia
2772 4476 2851 4531 ib.
2886 4480 3022 4533 1887
3048 4473 3168 4534 vu,

1881 4557 2181 4607 386—393.
2236 4551 2318 4604 Cf.
2347 4551 2390 4604 E
2409 4554 2445 4605 h
2462 4552 2541 4604 rh
2560 4567 2637 4604 ar
2653 4549 2689 4602 d
2731 4547 2887 4618 apud
2931 4546 2980 4598 K
2998 4565 3024 4599 r
3041 4563 3073 4598 u
3092 4562 3168 4597 m·

1883 4622 2160 4676 bacher
2187 4640 2241 4692 p.
2268 4629 2338 4679 78
2365 4641 2406 4677 s.

1963 4697 1998 4762 ¹)
2026 4692 2110 4749 Cf.
2136 4693 2205 4746 de
2233 4697 2478 4762 utroque
2528 4692 2568 4745 Β
2587 4711 2624 4746 ιι
2642 4708 2752 4745 sse
2796 4689 3044 4743 Grundr.
3070 4686 3170 4738 dor

1883 4763 2099 4822 christi.
2131 4763 2236 4818 Lit.
2264 4774 2291 4829 ξ
2317 4771 2417 4822 641
2449 4783 2491 4817 S.
