3505 5161
496 234 620 286 595
796 221 1099 271 &tt-700.
1126 215 1285 268 Rom.
1312 215 1627 285 pontifices.
1654 216 1905 271 Joannea
1931 218 2043 271 lv„
2070 218 2418 281 Tbeodorus,
2445 218 2728 273 Martinus
2753 218 2810 273 1..
2981 238 3108 290 595

492 401 811 460 confovit}
878 403 1025 477 Ejus
1057 402 1340 478 epistolas
1372 398 1511 484 (18)
1557 406 1619 458 et
1662 403 1780 460 alia
1831 410 2070 480 accepto
2087 410 2232 481 typo
2253 406 2610 483 urgentibus
2624 407 2892 482 undique
2907 409 3109 465 ortho-

492 511 643 566 quae
663 492 736 549 ad
758 492 955 566 ipsum
977 496 1249 566 spectant
1269 491 1343 549 cf.
1362 490 1521 566 apud
1540 490 1778 567 ligne
1831 494 1998 551 doxis
2060 494 2348 553 celebrem
2408 495 2706 570 synodum
2765 497 3110 555 convocavit

492 581 711 649 LXXX,
747 591 1117 643 «tos—495.
1831 584 2280 649 lateranensem,
2313 584 2376 642 iu
2406 603 2524 659 qua
2545 590 2744 659 patres
2762 592 3106 661 congregati

1833 673 2370 731 Monotheletarum
2387 675 2744 749 coryphaeos
2774 682 2834 731 et
2851 675 3106 732 eundem

584 769 729 821 330.
750 758 789 816 J
804 777 840 817 o
856 778 944 816 an
960 777 1000 815 n
1016 776 1049 816 e
1065 776 1093 816 s
1128 757 1226 820 IV,
1244 758 1613 829 Jadarensis,
1634 762 1772 819 Dal-
1829 766 2042 837 typum
2063 762 2549 825 condemnarunt.
2571 768 2752 836 atque
2771 763 3110 821 luculenter

492 853 665 916 mata,
718 847 1129 923 pontificatum
1179 850 1367 923 gessit
1410 870 1445 907 a
1492 859 1593 911 24.
1642 852 1774 910 Dec.
1828 850 2160 908 doctrinam
2250 856 2650 926 exposuerunt
2739 852 3106 910 catholicam.

493 946 819 999 640—11.
853 936 980 998 Oct.
1016 945 1161 998 642.
1228 936 1517 996 Constans
1562 944 1623 997 et
1660 940 1771 997 im·
1829 939 1984 997 Hinc
2014 942 2143 997 orta
2173 940 2371 1016 gravis
2414 940 2478 998 in
2516 940 2874 999 orthodoxos
2902 959 3104 1016 perse-

491 1026 845 1100 perterritus
878 1025 1235 1084 orthodoxae
1281 1026 1418 1085 fidei
1462 1034 1591 1086 erat
1634 1048 1770 1104 pro-
1827 1028 1990 1086 cutio
2019 1029 2360 1104 missusque
2388 1034 2482 1087 est
2525 1029 2588 1086 in
2635 1030 2866 1087 Italiam
2899 1030 3104 1105 Olym·

490 1118 805 1190 pugnator,
859 1116 967 1189 qui
996 1115 1173 1172 minis
1206 1116 1585 1174 exarcharum
1618 1118 1771 1175 nihil
1826 1117 1964 1191 pius
1996 1117 2369 1193 imperatoris
2401 1118 2806 1176 cubicularius
2845 1122 2908 1177 et
2936 1138 3103 1177 em·

487 1203 699 1261 cedens
717 1204 780 1260 in
812 1204 1059 1261 concilio
1089 1204 1502 1280 episcoporum
1534 1205 1770 1264 damna·
1826 1206 1952 1275 cha,
1983 1206 2090 1280 qui
2112 1226 2314 1264 omnes
2332 1214 2566 1284 cogeret
2586 1207 2660 1264 ad
2680 1207 3105 1283 acceptandum

486 1293 573 1350 vit
620 1292 1156 1351 Monotheletarum
1206 1294 1497 1353 haeresim
1543 1300 1605 1353 et
1649 1296 1771 1354 Ho-
1825 1299 2055 1369 typum.
2121 1295 2255 1369 Ipse
2287 1296 2553 1370 pontif&
2585 1296 2736 1354 mira
2765 1297 2872 1355 Dei
2900 1297 3104 1371 provi·

486 1382 725 1440 norium
745 1382 1249 1457 praedecessorem
1268 1385 1489 1460 scripta
1503 1386 1768 1462 apoloqia
1825 1383 2027 1442 dantia
2056 1385 2244 1442 evasit
2274 1386 2484 1444 mortis
2503 1384 2854 1461 perieulum.
2902 1386 3106 1460 Olym·

486 1470 561 1528 ad
594 1471 1047 1529 Constantinum
1100 1471 1241 1548 imp.
1285 1474 1362 1531 ab
1405 1474 1768 1533 adversario·
1825 1474 1921 1548 pio
1983 1473 2264 1532 defuncto
2324 1475 2545 1532 missus
2606 1480 2698 1531 est
2759 1474 3102 1532 Theodorus

483 1579 615 1618 rum
649 1559 963 1618 calumniis
984 1559 1330 1625 vindicavit.
1376 1564 1570 1622 Habes
1602 1564 1766 1622 illam
1824 1570 2211 1638 cognomento
2260 1562 2518 1638 Calliope
2574 1563 2836 1632 exarcha,
2898 1563 3007 1638 qui
3055 1581 3102 1619 s.

482 1667 619 1707 cum
680 1668 771 1724 ep.
833 1650 967 1707 aliis
1034 1650 1231 1708 tribus
1293 1652 1453 1728 apud
1514 1652 1768 1730 Migne
1825 1651 2144 1709 Martinam
2195 1652 2310 1708 etsi
2359 1655 2666 1728 aegrotum
2727 1651 2800 1709 de
2858 1652 3106 1709 eeclesia

484 1738 707 1809 LXXX,
761 1748 1132 1801 eol—609.
1212 1740 1411 1816 Hujus
1460 1743 1768 1819 apologiae
1824 1740 2147 1798 Salvatoris
2211 1741 2272 1798 vi
2320 1739 2635 1816 abreptum
2684 1740 3101 1798 Constantino-

481 1828 832 1886 testimonio
862 1826 1121 1885 feliciter
1150 1847 1299 1887 usus
1332 1834 1425 1888 est
1456 1850 1500 1888 s,
1534 1832 1767 1889 Maxi·
1823 1829 2014 1904 polim
2043 1829 2344 1903 captivum
2390 1830 2575 1891 misit.
2639 1830 2966 1904 Postquam
3012 1830 3099 1885 ibi

480 1936 537 1973 m
559 1935 645 1974 us
693 1917 757 1975 in
803 1916 1209 1992 disputatione
1252 1920 1433 1993 paulo
1462 1924 1599 1994 post
1629 1939 1767 1979 cum
1821 1918 2172 1976 deterrimos
2203 1936 2481 1987 carceres,
2514 1918 2708 1977 omnis
2739 1918 2976 1993 generis
3007 1918 3101 1975 in-

482 2005 711 2081 Pyrrho
754 2006 1154 2063 monotheleta
1199 2014 1259 2064 et
1306 2007 1497 2086 Sergii
1531 2028 1765 2068 succes-
1811 2007 2024 2082 juriaS,
2057 2009 2468 2078 contumelias,
2499 2008 2836 2067 vexationes
2855 2012 2948 2065 est
2966 2026 3101 2081 per-

482 2112 615 2151 sore
646 2094 867 2152 habita.
889 2128 971 2136 ——
993 2094 1243 2154 Joannis
1264 2097 1764 2178 successorstutz)
1820 2114 2049 2170 pessus,
2091 2097 2302 2170 pulsus
2331 2101 2420 2155 est
2453 2097 2517 2154 in
2548 2097 2821 2154 exsilium
2854 2096 3104 2155 Cherso-

480 2182 932 2242 Theodorus
976 2184 1040 2253 1.‚
1090 2185 1287 2258 patria
1334 2186 1762 2264 Hierosolymi-
1818 2203 1974 2251 nam,
2008 2185 2114 2242 ubi
2147 2186 2447 2243 aerumnis
2479 2184 2782 2243 confectus
2821 2196 2918 2247 16.
2939 2185 3104 2259 δορὶ.

478 2280 659 2329 tanus
704 2290 825 2330 nou
854 2273 1072 2330 minori
1118 2277 1451 2333 constantia
1494 2295 1604 2351 pro
1649 2277 1764 2335 fide
1823 2284 1946 2335 655
1995 2274 2176 2331 cessit
2224 2292 2257 2331 e
2304 2275 2427 2331 vita
2475 2274 2780 2331 miraculis
2822 2274 3019 2330 clarus
3035 2270 3103 2351 ¹).

478 2361 765 2419 catholiea
820 2365 1029 2419 contra
1078 2362 1507 2423 Monotheletas
1570 2368 1760 2434 stetit,
1819 2363 1959 2420 Tam
2005 2362 2080 2420 ab
2109 2362 2370 2420 Ecclesia
2400 2361 2584 2421 latina
2617 2382 2796 2437 quam
2826 2382 2861 2419 a
2891 2380 3110 2437 graecu.

478 2450 731 2508 Paulum
780 2450 997 2525 Pyrrhi
1046 2452 1183 2511 sede
1232 2455 1762 2530 constantinopoli·
1818 2451 1976 2508 inter
2007 2456 2244 2509 sanctos
2274 2452 2508 2510 colitur.
2573 2451 2904 2525 Supersunt
2936 2452 3104 2525 ejus·

476 2544 622 2598 tana
652 2539 813 2615 pulsi
846 2558 1263 2611 successorem,
1315 2543 1760 2602 monotheletis·
1816 2539 1947 2598 dem
1980 2542 2251 2615 epistolae
2277 2540 2436 2598 XVII
2455 2540 2747 2617 egregiae,
2779 2540 3104 2616 pleraeque

478 2647 640 2686 mum
671 2630 1046 2704 profitentem
1079 2630 1374 2706 deposuit.
1422 2633 1574 2691 Hinc
1605 2635 1757 2692 Pau·
1816 2630 1920 2686 has
1953 2630 2381 2688 controversias
2409 2630 2898 2688 monotheleticas
2930 2647 3102 2704 spec-

478 2718 576 2775 lus
625 2723 827 2777 astute
875 2719 1187 2778 Constanti
1239 2721 1379 2796 imp.
1431 2722 1640 2792 suasit,
1689 2727 1762 2780 ut
1816 2723 2010 2776 tantos
2056 2719 2214 2793 apud
2262 2719 2507 2776 Mansi
2553 2719 2686 2776 coll.
2733 2735 2893 2778 cone.
2937 2721 2982 2778 t.
3014 2717 3114 2786 Χῖ

478 2807 755 2877 edictum,
808 2811 991 2883 typus
1040 2810 1428 2884 appellatum,
1490 2812 1760 2885 promul·
1815 2806 2220 2865 Hardouiu
2251 2811 2294 2867 t.
2327 2808 2432 2876 111,
2464 2812 2524 2865 et
2557 2809 2622 2864 in
2655 2808 2906 2882 Migue
2937 2806 3001 2863 P.
3034 2807 3100 2864 L.

475 2900 662 2972 garet,
715 2916 835 2971 quo
883 2898 1190 2955 silentium
1235 2899 1648 2974 imponeretur
1685 2900 1759 2957 de
1814 2896 2143 2964 LXXXVII,
2186 2905 2474 2958 119—21
2497 2908 2547 2958 1.
2580 2929 2665 2938 —
2693 2896 2836 2953 Post
2865 2895 3104 2970 aliquot

476 3004 547 3043 ea
588 2984 985 3056 altercatione,
1034 3005 1187 3061 quae
1237 2988 1311 3045 de
1361 3007 1483 3046 una
1531 3007 1639 3047 seu
1685 2989 1759 3047 de
1814 3003 2182 3042 successores
2213 2985 2600 3043 intermedius
2631 2985 2856 3042 electus
2890 2989 2988 3042 est
3032 2985 3100 3041 in

475 3075 707 3132 duabus
738 3074 1158 3133 voluntatibus
1203 3077 1268 3134 in
1300 3076 1533 3135 Christo
1563 3080 1757 3136 verte-
1814 3091 2123 3131 romanum
2155 3073 2491 3148 pontificem
2528 3069 2659 3153 (27.
2681 3073 2829 3130 Juni
2863 3068 3020 3152 678)
3053 3090 3100 3130 s.

474 3163 684 3221 batur:
730 3165 816 3221 ita
856 3163 1135 3222 futurum
1178 3165 1466 3240 pollicens
1504 3167 1754 3242 impera·
1812 3163 2114 3237 Agatho
2146 3163 2382 3220 natione
2403 3161 2658 3228 Siculus,
2692 3162 2806 3219 sub
2837 3179 2958 3235 quo
2989 3162 3100 3218 ha·

472 3253 607 3322 tori,
655 3255 725 3309 ut
771 3271 975 3311 omues
1015 3253 1326 3313 christiani
1358 3255 1518 3313 orbis
1549 3255 1755 3312 fideles
1811 3248 1939 3307 bita
1986 3255 2076 3308 est
2126 3250 2231 3307 GP.
2283 3251 2598 3308 concilium
2647 3250 3096 3308 oecumenicum

472 3341 533 3398 in
579 3359 759 3398 unam
808 3342 1173 3416 eandemque
1204 3343 1525 3402 unirentur
1556 3344 1756 3402 Eccle-
1811 3338 1907 3397 VI.
1942 3334 2366 3420 (eso—681).
2417 3340 2483 3396 in
2530 3358 2650 3414 quo
2699 3339 3100 3414 peremptorie

478 3429 643 3489 siam,
707 3429 872 3504 Typo
915 3430 1078 3488 edito
1122 3432 1381 3489 moritur
1415 3432 1754 3490 Theodorus
1810 3427 2072 3485 damnati
2136 3432 2278 3485 sunt
2329 3427 2864 3486 Monotheletarum
2924 3444 3100 3503 cory-

482 3527 575 3579 13.
629 3518 761 3590 Maj.
815 3526 959 3586 649,
1012 3519 1163 3576 forte
1211 3524 1530 3594 antequam
1581 3521 1751 3579 illum
1809 3517 1980 3590 phaei
2012 3535 2338 3592 eorumque
2368 3533 2615 3584 errores,
2660 3521 2843 3590 atque
2873 3518 2960 3574 ita
2990 3516 3096 3575 de-

471 3605 703 3662 viderit.
770 3605 1023 3663 Exstant
1067 3607 1249 3681 hujus
1291 3609 1588 3685 pontificis
1632 3612 1751 3684 epi·
1810 3623 1974 3662 mum
2005 3622 2118 3679 pax
2149 3606 2476 3679 composita
2505 3605 2664 3662 inter
2693 3605 3001 3664 Orientem
3032 3611 3098 3662 et

469 3695 647 3750 stolae
677 3697 915 3751 tautum
948 3694 1103 3754 duae
1132 3696 1196 3753 iu
1227 3714 1405 3754 causa
1435 3698 1605 3755 Pauli
1625 3698 1750 3766 CR,
1810 3693 2206 3763 Occidentem,
2269 3713 2447 3768 quam
2507 3696 2680 3751 antea
2741 3694 3096 3751 turbaverat

470 3787 531 3838 et.
577 3783 850 3854 epistolae
899 3784 1281 3843 ecclesiarum
1314 3785 1749 3855 Africanorum,
1806 3782 2049 3840 illorum
2080 3782 2356 3840 haeresis.
2420 3783 2624 3839 Exstat
2672 3782 2855 3857 hujus
2889 3783 3092 3857 ponti-

469 3889 697 3929 necnon
748 3875 810 3928 et
860 3871 1209 3931 Victoris
1277 3875 1750 3951 carthaginensis

468 3960 729 4059 episcopi
773 3960 847 4060 δᾴ
892 3980 1047 4061 emp,
1097 3981 1248 4037 ‘1⁰⁸⁰
1279 3964 1581 4036 Pl’fleclffl'ss
1610 3981 1749 4021 0⁰¹¹·
1888 3995 1921 4050 ἱ)
1951 3986 2033 4040 Cf.
2062 3987 2131 4038 de
2159 3985 2286 4038 dira
2322 3986 2382 4037 iu
2410 3986 2837 4039 sanctissimum
2863 4003 3096 4055 praesu-

468 4053 666 4106 tinent
697 4053 1043 4108 testimonla
1085 4069 1193 4125 pro
1225 4051 1488 4126 primatu
1522 4053 1747 4110 romani
1808 4057 1918 4110 lem
1946 4060 2194 4110 excitata
2222 4057 2620 4126 persecutione
2636 4061 2694 4110 et
2709 4057 2978 4125 passione
2993 4073 3102 4110 an-

466 4137 733 4213 epigcopi
779 4133 877 4219 (αἱ
913 4139 1162 4215 31ng3
1192 4139 1524 4210 LXXXVII,
1578 4152 1749 4202 71—
1807 4129 2195 4214 tiquissimam
2221 4133 2280 4180 et
2305 4127 2413 4180 fide
2440 4128 2677 4208 dign-{m
2697 4133 3096 4211 Comagena-af

1805 4290 2185 4410 apciistolicum
2227 4358 2438 4394 novum
2457 4311 2662 4393 ‘resera
2706 4341 3092 4396 confessorem

559 4411 705 4464 331.
740 4404 1111 4462 Theodorum
1156 4415 1210 4466 5.
1242 4405 1371 4462 Juli
1410 4415 1536 4466 649
1582 4424 1747 4464 exce·
1805 4419 1863 4465 et
1911 4417 2219 4480 martyrem
2271 4411 2584 4465 Martinam
2649 4429 2879 4481 papam,
2930 4413 3092 4481 apud

464 4491 555 4564 pit
604 4492 989 4549 Martinus
1038 4493 1067 4549 Ι
1116 4493 1308 4567 patria
1365 4493 1743 4562 Tudertinus,
1805 4484 2044 4536 Mssssssi
2085 4484 2151 4544 Χ,
2196 4490 2331 4538 855:
2384 4483 2780 4535 Harflonin
2831 4484 2900 4544 ll.
2953 4492 3092 4540 68οε

464 4580 635 4652 prius
685 4580 998 4655 presbyter
1044 4599 1316 4639 romanae
1347 4582 1641 4640 Ecclesiae
1685 4589 1747 4639 et
1802 4555 1958 4695 {giga
1971 4553 3092 4694 ἶξῐξέἑὶξῗὲᾶὲξεᾙέἓρῗξρξξζῖἷ

463 4668 878 4740 apocrisiarius
899 4669 1237 4743 pontificius
1259 4664 1744 4752 CP.,‘vir:decore‚
1803 4697 1996 4750 Mic),
2015 4715 2046 4749 a
2065 4699 2133 4750 91
2181 4696 2449 4750 Zeia-0111,
2501 4695 2538 4748 f,
2590 4696 2648 4748 k,
2701 4696 2898 4749 Theol.
2951 4702 3090 4753 1392

466 4755 688 4810 virtute
720 4759 782 4811 et
812 4756 1059 4813 scientia
1089 4763 1410 4831 praestana,
1458 4760 1564 4834 qui
1610 4778 1743 4817 mox
1803 4768 1947 4832 XVI,
1977 4773 2277 4824 374-380,
