3505 5161
399 243 518 299 785
1397 232 1621 282 Aeneas
1649 228 1994 297 parisiensis

2891 245 3012 308 786

393 414 725 480 lectionem,
745 432 923 488 quam
946 413 1267 481 ZonaraS,
1290 412 1338 469 B
1354 412 1575 470 alsam
1590 430 1676 470 on
1825 424 1972 480 428.
2004 414 2365 491 Subjicimus
2397 419 2725 478 narrationi
2757 421 3016 480 exitialis

393 507 455 562 et
468 506 519 563 A
534 503 599 562 ri
617 522 645 562 s
661 506 687 560 t
702 522 733 560 e
749 522 790 561 n
806 518 839 559 o
858 520 885 559 s
919 501 1110 560 doctis
1128 500 1564 559 commentariis
1581 519 1674 559 or-
1734 506 2073 564 schismatis
2122 524 2220 564 eos
2270 507 2591 584 theologos,
2656 506 2763 584 qui
2813 515 3018 569 contra

392 597 628 662 narunt,
692 592 757 650 in
817 591 942 650 suis
1005 589 1320 648 Pandectis
1386 606 1676 648 canonum
1734 595 2091 653 Graecorum
2139 596 2510 671 exceptiones
2551 599 2920 673 scripserunt
2933 597 3016 681 ²):

394 682 582 740 edidit
612 683 709 740 Be
728 679 993 755 veregi
1012 699 1111 747 us,
1145 683 1207 737 et
1239 678 1295 735 M
1313 679 1493 754 igne
1528 679 1589 738 P.
1611 679 1676 740 G.
1732 702 1987 759 quorum
2023 684 2265 760 quidem
2305 703 2424 743 non
2470 706 2723 762 magnus
2768 693 2861 747 est
2908 708 3025 748 nu·-

393 775 437 830 t.
468 770 775 830 CXXXVII
805 772 868 827 et
887 767 1241 827 CXXXVIII.
1294 767 1516 825 Deinde
1547 785 1675 825 eos·
1734 790 1950 833 merus
2001 772 2224 831 Eorum
2258 792 2417 832 unus
2448 778 2540 834 est
2570 777 2881 845 Aeneas,
2917 778 3023 854 qui

395 861 526 919 dem
558 878 808 919 canones
835 856 1151 932 descripsit
1170 856 1376 915 ordine
1397 857 1679 914 materiae
1734 862 1797 920 iu
1815 861 2009 920 Caroli
2032 861 2193 921 Calvi
2221 863 2360 922 aula
2389 883 2633 923 munere
2663 864 3028 942 fungebatur

384 949 693 1026 jungendo
742 965 995 1007 canones
1029 944 1295 1022 ejusdem
1340 945 1679 1021 argumenti
1734 950 1956 1009 notarii
2003 969 2112 1009 seu
2159 954 2462 1012 secretarii
2507 957 2793 1030 tantaque
2841 955 3022 1015 simul

394 1042 700 1112 totamque
733 1036 1037 1095 materiam
1078 1034 1236 1110 juris
1264 1033 1473 1092 divisit
1503 1034 1569 1092 in
1602 1036 1677 1091 ti-

395 1128 557 1186 tulos
589 1127 737 1187 XIV.
787 1125 955 1184 Hanc
986 1123 1389 1182 collectionem
1424 1123 1539 1181 sub
1571 1141 1678 1180 no·-

394 1216 554 1275 mine
572 1217 955 1293 syntaqmatis
985 1231 1272 1271 canonum
1304 1212 1532 1287 primus
1552 1210 1675 1270 edi-

395 1306 487 1364 dit
517 1306 657 1363 Mai
711 1305 909 1380 Spicil.
960 1321 1104 1364 rom.
1155 1305 1198 1358 t.
1253 1300 1377 1369 VII,
1429 1307 1490 1359 et
1539 1301 1678 1358 inde

397 1395 648 1471 Migne
689 1393 830 1463 CIV,
867 1400 1237 1454 431—976.
1296 1389 1368 1446 In
1413 1407 1482 1447 eo
1527 1408 1675 1448 non-

394 1485 534 1542 dum
587 1486 887 1559 comparet
938 1480 1188 1556 spiritus
1249 1477 1679 1541 schismaticus,

397 1575 646 1632 Demum
677 1571 926 1630 Photius
975 1586 1225 1628 canones
1259 1567 1476 1626 omisso
1508 1570 1679 1626 textu

387 1665 566 1736 juxta
595 1661 863 1720 ordinem
896 1657 1292 1736 syntagmatis
1325 1657 1573 1725 notavit,
1619 1660 1680 1715 et

393 1752 457 1809 in
517 1747 957 1809 commentariis
1016 1746 1315 1822 adjunctis
1366 1745 1679 1821 descripsit

1735 1040 2139 1099 sollicitudine
2168 1042 2414 1100 curabat
2452 1043 2677 1101 bonum
2710 1044 3018 1117 Ecclesiae,

1734 1133 1807 1188 ut
1856 1130 2237 1205 metropolita
2281 1132 2626 1191 senonensis
2689 1132 3022 1194 Guenilo

1733 1237 1869 1276 cum
1919 1218 2045 1276 suis
2092 1219 2485 1297 suffraganeis
2520 1217 2704 1301 (inter
2735 1223 3018 1297 epistolas

1735 1308 1935 1382 Lupi
1977 1307 2369 1369 Ferrariensis
2407 1321 2486 1373 99
2538 1310 2794 1387 Migne
2826 1308 3016 1383 CXIX,

1740 1391 1893 1478 5⁷4)
1928 1397 2183 1456 scribere
2215 1400 2507 1473 potuerit:
2559 1399 2747 1468 ,Quis
2792 1402 2888 1459 vel
2935 1402 3018 1459 le-

1734 1488 1890 1545 viter
1920 1484 2125 1563 tetigit
2144 1487 2449 1562 palatium,
2485 1489 2582 1547 cui
2603 1488 2769 1546 labor
2789 1490 3019 1549 Aeneae

1735 1594 1854 1634 non
1887 1575 2156 1634 innotuit
2187 1578 2248 1633 et
2277 1576 2474 1651 fervor
2503 1578 2564 1635 in
2599 1576 2814 1636 divinis
2840 1577 3019 1636 rebus

1733 1682 1854 1722 non
1886 1665 2249 1740 apparuit?‘
2296 1665 2451 1723 Hinc
2482 1665 2754 1724 unanimi
2785 1667 2929 1725 cleri
2958 1670 3020 1726 et

1734 1753 1937 1828 populi
1971 1771 2262 1812 consensu
2303 1755 2527 1814 electus
2573 1759 2664 1813 est
2709 1775 2743 1812 a
2796 1764 2920 1818 853
2955 1756 3019 1814 in

394 1841 552 1917 leges
598 1840 946 1914 praesertim
994 1835 1215 1905 civiIeS,
1265 1853 1416 1910 quae
1460 1834 1675 1893 eisdem
1732 1841 2078 1918 episcopum
2112 1844 2514 1917 parisiensem.
2565 1844 2850 1903 Interfuit
2880 1846 3015 1919 plu-

394 1928 851 2004 respondebant.
909 1927 1066 1984 Haec
1096 1923 1366 1983 collectio
1399 1923 1677 1982 inscribi·
1732 1932 1902 1990 ribus
1923 1931 2168 2008 synodis
2200 1949 2270 1991 eo
2301 1935 2562 2008 tempore
2584 1932 2820 1992 habitis.
2872 1934 3018 1992 Cum

394 2022 498 2076 tur
517 2018 906 2091 Nomocanon‚
943 2015 1086 2091 quia
1108 2014 1308 2088 legum
1341 2015 1464 2070 tam
1495 2014 1677 2071 eccle-

395 2106 764 2165 siasticarum
810 2123 990 2182 quam
1037 2102 1302 2161 civilium
1342 2102 1678 2179 catalogum

396 2213 462 2254 ac
490 2196 658 2254 velut
678 2194 1043 2253 harmoniam
1065 2190 1319 2252 exhibet.
1357 2190 1503 2249 Post
1532 2190 1679 2249 alios

397 2303 533 2343 eum
565 2284 886 2343 ediderunt
917 2281 1276 2342 Voellius
1307 2286 1368 2337 et
1398 2279 1676 2337 Justel-

309 2378 313 2381 ’
397 2374 518 2432 lus
565 2374 629 2431 in
679 2390 788 2431 sua
834 2369 1197 2431 bibliotheca
1234 2368 1392 2444 juris
1440 2369 1679 2428 Parisiis

402 2472 564 2525 1661
603 2463 677 2531 11,
730 2470 1122 2525 813—1140
1167 2461 1229 2515 et
1257 2457 1394 2515 inde
1425 2458 1678 2535 Migne

396 2549 536 2622 CIV,
591 2560 1011 2618 975—12183
1081 2549 1299 2608 Pitra
1358 2547 1488 2606 Jur.
1538 2549 1676 2607 eccl.

396 2641 594 2700 Graec.
636 2641 774 2703 hist.
819 2644 881 2698 et
925 2658 1209 2707 monum„
1256 2638 1471 2695 Romae
1512 2647 1674 2699 1868

396 2730 470 2798 ΙΙ,
510 2738 887 2793 433—-6402
924 2730 1026 2788 sed
1051 2729 1177 2804 jam
1209 2726 1507 2801 incipiunt
1537 2745 1675 2784 eru-

396 2818 508 2877 diti
541 2818 834 2888 dubitare,
867 2837 1013 2876 num
1045 2817 1428 2875 Nomocanon
1473 2816 1556 2873 sit
1586 2833 1678 2873 re·

395 2926 537 2966 vera
570 2908 782 2966 Photii.
813 2941 894 2951 -—
934 2906 1201 2981 Reliquit
1245 2922 1482 2979 quoque
1525 2923 1676 2962 com-

395 2999 684 3055 mentaria
714 3000 777 3054 in
807 2998 864 3054 ll.
899 2997 974 3058 N.
1002 2998 1062 3054 T.
1067 3039 1087 3069 ,
1120 2994 1332 3053 saltem
1364 2994 1428 3051 in
1459 2996 1679 3055 catenis

396 3103 568 3161 saepe
599 3091 941 3161 comparent
976 3084 1375 3161 expositiones
1404 3082 1515 3141 sub
1547 3084 1677 3157 ejus

393 3175 647 3234 nomine.
696 3174 1105 3249 Papadopulos
1140 3173 1520 3231 Kerameus
1553 3173 1677 3232 edi-

1737 2020 2014 2079 Nicolaus
2046 2020 2091 2078 1.
2138 2019 2362 2079 Galliae
2405 2021 2712 2098 episcopos
2744 2023 3020 2082 hortatus

1735 2116 1910 2179 esset,
1959 2113 2032 2167 ut
2071 2114 2132 2167 et
2161 2109 2279 2189 ipsi
2311 2111 2739 2186 responderent
2771 2112 3017 2171 Graeco-

1734 2218 1866 2256 rum
1918 2198 2367 2273 exceptionibus
2422 2199 2707 2258 adversus
2754 2200 3016 2269 LatinoS,

1735 2288 1859 2363 ipse
1908 2287 2164 2362 arripuit
2213 2288 2499 2347 calamum
2561 2290 2917 2366 scripsitque
2967 2310 3016 2349 a.

1737 2386 1860 2440 868
1940 2376 1980 2434 l.
2068 2378 2344 2435 adversus
2423 2377 2675 2437 Graecos
2684 2421 2705 2455 ,
2788 2379 3018 2438 editum

1733 2485 1768 2523 a
1815 2465 2195 2542 D’Achery
2247 2465 2443 2540 Spicil.
2491 2470 2534 2526 t.
2567 2467 2706 2538 VII;
2754 2467 2844 2527 ed.
2882 2467 3015 2537 2.1,

1741 2562 2119 2625 113—-1483
2157 2555 2405 2633 Migne
2432 2555 2623 2628 CXXI,
2651 2566 3015 2621 685-762.

1733 2645 1978 2702 Constat
2008 2647 2206 2702 autem
2240 2645 2340 2703 ille
2374 2663 2452 2704 cc.
2490 2655 2616 2709 210
2662 2651 2723 2705 et
2762 2652 2854 2705 est
2886 2651 3018 2705 tan-

1733 2739 1864 2790 tum
1897 2733 2236 2808 compilatio
2267 2736 2749 2793 testimoniorum
2782 2738 3018 2811 patrum

1734 2821 2215 2896 scriptorumque
2266 2826 2387 2880 tam
2438 2841 2782 2899 graecorum
2838 2843 3018 2899 quam

1737 2910 2056 2968 latinorum
2105 2928 2211 2984 pro
2259 2929 2303 2969 s.
2353 2912 2612 2986 Spiritus
2645 2913 3018 2987 processione

1733 3018 1802 3056 ex
1825 2999 1973 3057 Filio
2006 3016 2262 3074 quoque,
2296 3018 2408 3074 pro
2437 3000 2809 3059 sacerdotum
2844 3001 3019 3059 coeli-

1735 3087 1897 3156 batu,
1934 3106 2038 3163 pro
2071 3088 2232 3146 vario
2265 3106 2379 3147 usu
2408 3089 2805 3148 abstinentiae
2825 3091 3017 3148 diver-

1736 3194 1936 3234 sarum
1969 3177 2299 3252 regionum,
2347 3196 2452 3253 pro
2491 3179 2757 3252 primatu
2787 3180 3017 3238 romani

395 3263 486 3321 dit
530 3264 644 3321 sub
687 3265 818 3339 ejus
864 3264 1105 3321 nomine
1150 3260 1575 3337 expositionem
1615 3268 1678 3323 in
1732 3265 2029 3341 pontificis
2074 3269 2182 3329 etc.
2252 3266 2415 3324 Obiit
2464 3270 2688 3326 Aeneas
2737 3277 2837 3330 27.
2883 3267 3016 3326 Dec.

392 3351 771 3429 Evanqelium
801 3371 845 3410 s.
872 3351 1163 3410 Matthaei.
1195 3382 1282 3393 —-
1313 3349 1544 3418 Quibus
1575 3354 1677 3411 ad·
1739 3364 1884 3418 870.
1916 3387 2003 3397 -—
2037 3356 2226 3431 Magis
2259 3355 2530 3413 limatum
2572 3361 2667 3414 est
2697 3374 2847 3433 opus
2880 3357 3017 3414 Ra-

394 3440 614 3500 dantur
662 3459 838 3516 opera
899 3440 1189 3516 quaedam
1244 3439 1491 3498 minoris
1554 3462 1677 3502 mo·-
1735 3443 2022 3501 tramni
2064 3447 2272 3502 contra
2316 3444 2581 3513 Graecos,
2630 3445 2704 3503 de
2748 3463 2867 3521 quo
2914 3464 3016 3520 op-

393 3529 601 3598 menti,
635 3534 707 3588 ut
732 3530 1009 3606 Gnomen,
1045 3548 1150 3588 seu
1182 3528 1512 3588 sententiae
1550 3541 1674 3594 214
1735 3531 2056 3608 portunius
2089 3532 2243 3591 infra
2274 3530 2599 3614 agemus2).

394 3619 551 3695 apud
585 3619 1220 3696 Hergenroether
1265 3636 1357 3693 op.
1405 3617 1537 3687 cit.;
1584 3621 1678 3680 vel

396 3722 575 3783 opera
618 3708 1027 3784 philosophica
1074 3709 1169 3766 vel
1218 3706 1454 3783 profani
1500 3727 1677 3787 argu-

394 3796 599 3866 menti,
633 3798 791 3855 inter
822 3816 973 3872 quae
1005 3797 1229 3855 eminet
1247 3801 1378 3872 ejus
1401 3797 1674 3874 Leaeicon,

392 3884 547 3944 forte
582 3889 784 3944 tamen
831 3906 865 3943 a
910 3886 1203 3961 discipulo
1248 3886 1361 3943 sub
1408 3888 1537 3960 ejus
1585 3889 1675 3946 di·

394 3975 658 4033 rectione
708 3975 1144 4033 concinnatum.
1224 3975 1361 4033 Alia
1409 3976 1675 4051 ejusdem

395 4081 571 4139 opera
602 4066 747 4122 sunt
778 4064 1085 4138 deperdita
1129 4065 1201 4121 ut
1248 4068 1454 4122 contra
1483 4066 1522 4124 J
1527 4067 1677 4125 ulia-

393 4170 540 4211 num
571 4152 734 4228 imp„
771 4153 1085 4212 Leontium
1116 4157 1243 4223 etc„
1297 4152 1414 4211 alia
1445 4155 1500 4213 ei
1535 4174 1678 4231 sup·

393 4241 604 4316 posita,
638 4241 755 4301 alia
784 4242 912 4318 ipse
943 4241 1243 4312 confinxit,
1277 4244 1348 4299 ut
1378 4250 1508 4302 acta
1539 4263 1679 4303 con-

395 4328 521 4388 cilii
555 4332 913 4390 oecumenici
946 4350 995 4392 a.
1020 4341 1165 4401 87⁸,
1202 4349 1353 4405 quae
1386 4331 1679 4392 habentur

394 4419 552 4478 inter
580 4426 713 4478 acta
742 4439 901 4479 conc.
934 4419 1340 4478 Hardouin
1366 4419 1415 4502 ¹)
1449 4427 1559 4481 etc.

1734 3720 1941 3783 Leben,
1969 3720 2126 3774 scine
2167 3720 2455 3775 Schriften
2503 3721 2621 3774 und
2649 3720 2750 3774 das
2776 3721 3019 3792 griechi-

1733 3793 1864 3847 sche
1894 3791 2149 3846 Schisma
2189 3793 2338 3845 nach
2373 3792 2753 3846 handschrftl.
2780 3793 2900 3847 und
2927 3810 3018 3863 gc-

1733 3863 2015 3918 druckten
2043 3862 2298 3927 Quellen,
2322 3863 2694 3934 Regensburg
2721 3871 3017 3922 1867-1869

1733 3938 1774 3987 t.
1801 3941 1852 3999 3,
1880 3935 1940 3987 in
1969 3951 2081 4002 quo
2111 3934 2295 3987 multa
2317 3952 2547 4002 quoque
2567 3934 2783 4004 reperis
2803 3935 2873 3990 de
2890 3954 3017 3991 auc-

1733 4005 1955 4059 toribus
1972 4022 2142 4074 supra
2159 4006 2411 4058 laudatis
2430 4009 2495 4059 ut
2511 4005 2579 4058 de
2609 4006 2660 4058 N
2678 4007 2697 4058 i
2716 4022 2743 4058 c
2762 4023 2793 4059 o
2811 4007 2830 4059 l
2847 4025 2881 4060 a
2898 4025 2929 4061 o
2960 4009 3016 4068 Ι..

1734 4076 2112 4146 s.1gnatio
2139 4076 2466 4145 patriarcha
2493 4079 2628 4136 etc:
2677 4076 3016 4131 Ehrhard

1733 4148 1889 4218 apud
1919 4147 2138 4202 Krum
2160 4148 2433 4200 bacher
2457 4156 2485 4213 ἓ
2517 4155 2582 4203 18
2609 4168 2662 4217 p.
2690 4151 2934 4208 73—-7ez
2961 4153 3020 4202 et

1734 4219 1859 4289 ipse
1880 4218 2101 4272 Krum
2121 4218 2304 4274 bach
2326 4234 2400 4272 er
2421 4237 2477 4287 p.
2505 4225 2803 4274 515—524.

1818 4295 1852 4361 ¹)
1882 4290 2026 4344 Fuse
2067 4290 2172 4342 has
2216 4288 2626 4344 controversias
2654 4289 3018 4359 persequitur

1736 4363 1796 4416 et
1821 4361 2061 4416 caconit
2083 4360 2158 4412 W
2175 4376 2204 4414 e
2222 4379 2248 4413 r
2264 4379 2301 4412 n
2321 4377 2350 4413 e
2367 4378 2393 4413 r
2437 4360 2635 4414 Gesch.
2669 4362 2758 4424 Ill,
2793 4367 3015 4416 1—310.

1810 4437 1851 4504 ⁴²)
1879 4432 1963 4487 Cf.
1989 4433 2059 4485 de
2088 4436 2278 4486 Aenea
2305 4431 2449 4487 Hist.
2493 4432 2580 4485 lit.
2611 4433 2676 4495 V,
2703 4437 3015 4491 386—390:

1734 4503 1805 4557 de
1833 4507 2076 4572 utroque
2117 4505 2214 4558 He
2232 4504 2380 4557 fele
2427 4502 2912 4572 Conciliengesch.
2940 4503 3016 4557 IV

1735 4583 1762 4640 ἓ
1791 4581 1910 4630 45³2.
1965 4578 2227 4629 Ceterum
2254 4579 2313 4629 et
2337 4574 2591 4646 episcopi
2617 4574 2677 4627 in
2701 4591 2858 4628 conc.
2879 4591 3016 4629 wor-

476 4646 510 4712 ¹)
538 4641 798 4698 Ceterum
839 4644 908 4697 de
950 4641 1157 4698 Photio
1200 4645 1270 4697 cf.
1316 4662 1462 4714 opus
1508 4645 1679 4715 plane
1735 4646 2003 4700 matiensi
2052 4663 2103 4699 a.
2129 4651 2235 4702 868
2275 4645 2348 4700 ad
2389 4646 2749 4717 exceptiones
2793 4662 3016 4714 graeco-

396 4712 694 4767 classicum
746 4717 804 4767 et
845 4714 1131 4769 eruditum
1172 4715 1320 4769 card.
1361 4717 1473 4770 Jos.
1519 4716 1681 4770 Her·
1734 4734 1863 4770 rum
1905 4734 1992 4772 res
2037 4718 2339 4772 onderunt.
2395 4718 2552 4773 Hanc
2592 4718 3016 4787 responsionem

397 4785 842 4853 geni-other:
894 4785 1134 4841 Photius
1186 4786 1245 4839 P.
1287 4804 1341 4840 v.
1383 4787 1506 4850 GP„
1558 4788 1679 4841 sein
1735 4792 1935 4842 contra

2030 4807 2322 4844 raecorum
2366 4788 2647 4843 haeresim
2687 4789 2756 4842 de
2797 4788 2906 4841 fide
2946 4806 3016 4841 ss.
