3505 5161
485 224 609 279 347
1028 212 1326 262 431-500,
1352 205 1665 277 Scriptores
1690 205 1805 275 pol.
1830 208 2030 261 contra
2056 206 2244 276 pelag.
2271 212 2331 261 et
2354 210 2562 263 nestor.
2976 226 3099 283 348

482 410 635 469 quae
695 390 917 451 dicitur
977 391 1251 468 Prosperi
1310 391 1603 468 Aquitani
1660 387 1767 474 (ib.
1824 392 1883 451 M
1900 392 2014 451 ari
2030 412 2072 451 u
2088 410 2116 452 s
2177 394 2484 465 Mercator,
2561 393 2635 453 de
2694 412 2814 470 quo
2874 398 3103 454 veteres

487 476 881 562 607-610).
914 515 1002 525 -
1033 480 1202 540 Certe
1247 480 1558 558 supposita
1589 483 1766 541 suut:
1824 482 2294 543 nomenclatores
2346 482 2545 554 silent,
2596 485 2657 541 et
2705 486 2877 559 cujus
2925 501 3103 560 opera

483 570 572 629 De
614 572 730 628 vito
775 571 1209 646 contemplativa
1254 570 1314 628 ll.
1367 571 1424 641 3,
1470 570 1577 647 qui
1623 572 1769 628 sunt
1823 570 1929 630 diu
1960 569 2297 632 latuerunt:
2343 592 2481 631 nam
2525 572 2766 632 nonnisi
2802 572 3103 632 mediante

484 659 524 717 J
536 659 794 718 uliani
825 658 1100 729 Pomerii‚
1146 663 1209 719 et
1251 660 1287 717 l.
1330 660 1400 717 de
1421 661 1766 733 promissio·
1822 677 1934 718 sec.
1966 659 2145 719 XVII.
2193 660 2359 721 fuere
2407 663 2657 737 reperta.
2725 662 2880 721 Hinc
2924 661 3102 721 etiam

482 748 652 807 nibus
669 755 721 807 et
740 748 1236 822 praedictionibus
1257 748 1470 807 divinis
1489 744 1769 829 (Migne
1821 766 2033 825 parum
2065 749 2138 808 de
2174 750 2306 826 ipso
2338 752 2580 814 scimus.
2639 750 2761 809 Alii
2794 770 2931 810 eum
2965 769 3104 810 con-

482 837 575 907 LI,
615 832 1011 919 733-858),
1060 837 1166 913 qui
1196 836 1436 897 videtur
1466 855 1593 896 esse
1625 842 1765 895 'auc-
1818 838 2037 913 jiciunt
2066 838 2251 899 fuisse
2294 840 2532 911 Italum,
2586 839 2955 915 probabilius
2999 840 3104 899 alii

481 925 632 985 toris
663 926 928 996 africani,
961 926 1077 985 viri
1111 926 1331 986 eruditi
1371 928 1433 986 et
1472 926 1764 998 catholici,
1824 927 2049 986 Afrum.
2100 929 2299 1005 Magni
2320 947 2459 987 eum
2476 928 2618 988 fecit
2636 946 2680 989 s.
2701 929 3101 1007 Augustinus,

485 1014 745 1092 scriptus
778 1033 824 1074 c.
858 1035 909 1077 a.
946 1024 1093 1079 440.
1138 1016 1313 1074 Forte
1343 1017 1677 1090 Prosper
1706 1018 1769 1073 et
1821 1035 1957 1074 nam
1990 1016 2301 1092 epistolam
2335 1014 2519 1100 (193)
2569 1018 2643 1076 ad
2694 1037 2832 1077 eum
2880 1018 2966 1078 ita
3009 1018 3102 1077 in·

482 1104 613 1179 ipse
645 1102 986 1167 vocabatur.
1020 1104 1329 1164 Salinas
1359 1105 1426 1164 in
1457 1107 1657 1164 annot.
1691 1103 1767 1162 ad
1824 1104 2064 1164 scribit:
2120 1107 2412 1175 ,Domino
2465 1107 2852 1166 dilectissimo
2913 1111 2976 1167 et
3037 1106 3102 1166 in

483 1192 669 1252 vitam
721 1211 766 1251 s.
816 1193 1093 1269 Prosperi
1144 1194 1218 1251 ab
1268 1212 1564 1271 anonymo
1626 1211 1766 1252 con-
1821 1193 2041 1253 Christi
2084 1195 2366 1255 membris
2415 1196 2811 1255 sincerissima
2857 1198 3102 1255 caritate

481 1281 760 1358 scriptam
793 1301 929 1341 eum
959 1300 1165 1341 revera
1202 1287 1376 1342 vocat
1404 1284 1767 1359 Prosperum
1820 1282 2214 1358 praedicando
2258 1284 2381 1345 filio
2412 1285 2797 1344 Mercatori‘:
2848 1304 3104 1361 eumque

483 1375 547 1429 et
606 1371 1078 1447 carthaginensis
1139 1371 1418 1432 ecclesiae
1484 1372 1768 1431 clericum
1821 1372 2045 1450 insigni
2094 1373 2359 1433 encomio
2422 1375 2486 1432 in
2547 1393 2638 1449 ep.
2700 1375 3102 1451 prosequitur.

484 1460 646 1519 dicit.
708 1459 779 1518 In
829 1469 862 1522 5
912 1460 1302 1520 distribuitur
1331 1464 1548 1538 partes,
1583 1463 1766 1537 atque
1822 1461 1988 1521 Circa
2016 1481 2065 1521 a.
2101 1472 2226 1526 418
2262 1463 2477 1522 Romae
2509 1463 2696 1524 fuisse
2740 1463 2999 1534 videtur,
3051 1483 3101 1522 a.

481 1567 686 1608 omnes
719 1549 1063 1626 prophetias
1107 1553 1168 1609 et
1197 1552 1374 1627 typos
1421 1568 1466 1608 s.
1499 1549 1766 1626 Scriptu-
1825 1559 1950 1613 429
2003 1569 2143 1610 eum
2186 1553 2518 1629 reperimus
2569 1553 3101 1629 Constantinopoli,

481 1657 580 1698 rae
613 1639 684 1697 de
718 1637 949 1698 Christo
981 1642 1043 1698 et
1060 1638 1321 1698 Ecclesia
1339 1639 1647 1715 ingeniose
1665 1657 1765 1697 ex·
1821 1638 1928 1697 ubi
1961 1640 2067 1699 diu
2110 1640 2349 1717 degisse
2379 1644 2687 1701 censetur:
2734 1641 2895 1701 unde
2940 1660 3103 1701 occa-

483 1728 685 1803 ponit3
734 1726 870 1786 dein
903 1728 1030 1804 agit
1069 1727 1142 1787 de
1173 1728 1524 1787 antichristo
1557 1730 1618 1787 et
1648 1728 1766 1786 fine
1823 1727 2054 1787 sionem
2104 1733 2315 1789 nactus
2348 1733 2444 1790 est
2476 1731 2867 1808 cognoscendi
2899 1735 2962 1790 et
2991 1731 3102 1790 im-

487 1816 710 1888 mundi,
728 1815 967 1876 demum
983 1816 1055 1876 de
1070 1817 1261 1893 gloria
1273 1835 1575 1894 regnoque
1595 1834 1764 1875 sanc·
1820 1818 2129 1894 pugnandi
2167 1819 2221 1877 N
2225 1821 2654 1879 estorianorum
2702 1838 2942 1879 errores.
3017 1819 3103 1877 Ex

484 1909 700 1964 torum.
763 1905 974 1964 Merito
1021 1905 1094 1963 de
1140 1923 1186 1964 s.
1218 1906 1509 1981 Prospero
1559 1905 1768 1964 scribit
1820 1907 2129 1966 nonnullis
2174 1908 2411 1968 indiciis
2458 1908 2779 1986 colligitur,
2830 1928 2967 1968 eum
3012 1908 3101 1967 vi-

485 1994 940 2053 Gennadius
975 2012 1022 2055 c.
1058 2003 1138 2057 84
1173 2013 1309 2053 eum
1330 2012 1462 2053 esse
1494 2012 1766 2053 sermone
1819 1996 1974 2055 xisse
2022 2015 2211 2072 usque
2262 1998 2335 2056 ad
2381 1998 2617 2057 concilii
2663 1997 3101 2057 calcedonensis

486 2082 905 2141 scholasticum
952 2084 989 2141 i.
1021 2101 1070 2143 e.
1103 2082 1393 2142 disertum
1437 2087 1499 2143 et
1530 2083 1765 2159 expedi·
1822 2079 2007 2166 (451)
2029 2088 2314 2162 tempora,
2348 2105 2469 2146 non
2497 2088 2675 2158 ultra,
2709 2105 2843 2146 cum
2874 2087 3102 2146 nullam

484 2177 634 2241 tum,
685 2173 748 2229 et
795 2171 1228 2231 assertionibus
1277 2190 1612 2243 nervosum,
1658 2172 1768 2248 qui
1823 2174 2004 2250 hujus
2036 2174 2272 2234 concilii
2317 2176 2494 2235 faciat
2540 2175 2604 2234 in
2650 2177 2775 2234 suis
2821 2175 3103 2252 operibus

485 2259 610 2323 scil.
643 2259 866 2320 solidae
898 2261 1434 2338 argumentationis
1464 2262 1675 2321 robore
1706 2264 1769 2320 et
1822 2264 2201 2328 mentionem.
2263 2265 2348 2323 Ex
2396 2283 2442 2327 s.
2475 2264 2804 2342 Augustini
2848 2264 3104 2341 compel-

485 2348 624 2407 stilo
644 2349 906 2408 masculo
926 2349 1205 2409 lectorem
1226 2351 1498 2426 percellit
1511 2344 1579 2432 ¹).
1613 2351 1766 2428 Ope·
1821 2353 2057 2422 latione,
2109 2372 2228 2428 qua
2276 2372 2413 2413 eum
2463 2353 2652 2413 filium
2703 2371 2882 2412 suum
2938 2353 3102 2424 dicit,

483 2456 617 2496 rum
652 2438 781 2512 ejus
811 2440 1209 2514 praestantem
1241 2439 1562 2500 editionem
1595 2457 1766 2498 cura·
1822 2441 2151 2517 conjiciunt
2196 2442 2311 2502 viri
2356 2442 2578 2502 eruditi
2608 2462 2747 2502 eum
2778 2442 2963 2501 fuisse
2993 2443 3103 2501 lai-

485 2529 703 2586 verunt
731 2525 787 2585 J.
822 2528 887 2590 B.
918 2527 998 2586 Le
1029 2528 1237 2588 Brun
1268 2528 1372 2588 des
1405 2530 1686 2589 Marettes
1706 2531 1770 2588 et
1822 2549 1973 2602 cum,
2010 2531 2220 2591 saltem
2251 2550 2372 2592 non
2392 2534 2634 2592 auctum
2652 2532 3104 2609 presbyteratus

485 2616 903 2693 Mangeant
934 2617 1182 2676 Parisiis
1224 2628 1382 2682 1711
1423 2619 1487 2677 in
1518 2619 1577 2689 fi,
1612 2636 1767 2693 quae
1823 2620 2134 2697 dignitate.
2193 2620 2279 2680 Ex
2325 2623 2455 2697 ejus
2500 2622 2802 2699 operibus,
2853 2637 3106 2696 quorum

483 2722 692 2764 recusa
722 2705 839 2765 fuit
869 2705 1135 2766 Venetiis
1173 2716 1250 2770 17
1260 2716 1377 2777 44:
1429 2716 1594 2771 1782
1627 2709 1671 2768 t.
1708 2716 1765 2777 2,
1822 2710 2025 2784 aliqua
2042 2710 2367 2786 perierunt,
2390 2713 2747 2787 supersunt:
2782 2710 3105 2770 Commoni-

482 2796 546 2853 et
575 2814 610 2852 a
639 2795 894 2872 Migne
926 2798 969 2853 t.
1001 2796 1094 2867 LI,
1146 2805 1436 2866 9—858;
1486 2800 1547 2856 et
1590 2797 1770 2869 plura
1824 2800 2041 2857 torium
2071 2818 2254 2875 super
2274 2800 2513 2860 nomine
2535 2799 2812 2859 Coelestii
2844 2799 3106 2876 (Migne

485 2883 1767 2960 eiusdemopp.jamib.XLV,1793—1898.
1824 2888 2082 2960 XLVIII,
2124 2888 2474 2967 63—108),
2526 2889 2634 2965 qui
2680 2891 2820 2965 post
2864 2887 3104 2946 damna-

485 2973 774 3032 Recenter
804 2975 872 3032 A.
906 2973 1341 3033 Boucherie
1372 2974 1436 3033 in
1467 2975 1769 3051 Melanges
1823 2978 2053 3035 tionem
2083 2977 2147 3036 in
2170 2978 2488 3037 Occidente
2519 2996 2655 3036 cum
2675 2977 2922 3037 Juliano
2941 2976 3104 3035 aliis-

484 3061 699 3121 latines
733 3065 795 3121 et
822 3061 1163 3134 bas-latins,
1197 3063 1576 3139 Montpellier
1599 3073 1765 3128 1875
1823 3085 1940 3141 que
1971 3066 2265 3143 episcopis
2300 3065 2872 3143 Constantinopolim
2903 3064 3106 3125 confu-

485 3150 599 3209 sub
660 3151 936 3227 Prosperi
979 3141 1217 3212 nomine
1263 3152 1453 3211 edidit
1493 3154 1771 3229 hymnum
1823 3158 2006 3232 gerat,
2054 3155 2397 3215 Nestorium
2428 3156 2651 3215 astutia
2697 3173 2805 3215 sua
2851 3154 3105 3214 circum-

484 3239 883 3300 abecedarium
959 3241 1244 3300 adversus
1309 3241 1769 3300 antitrinitarios
1824 3246 2069 3303 venerat
2097 3246 2279 3320 atque
2309 3246 2515 3322 plures
2538 3247 2666 3321 jam
2705 3245 2778 3303 ad
2810 3262 2951 3303 suas
2982 3246 3106 3302 tra·

482 3348 541 3403 p.
580 3338 789 3391 12—2
801 3340 856 3399 6,
891 3330 998 3405 qui
1028 3349 1149 3388 non
1180 3329 1420 3389 videtur
1448 3330 1768 3407 genuinus.
1822 3335 1989 3392 xerat
2017 3336 2249 3409 partes:
2283 3334 2546 3410 primum
2577 3351 2786 3410 graece
2818 3334 3106 3409 scriptum

1828 3418 1903 3505 (a.
1934 3416 2115 3504 429),
2156 3422 2371 3482 deinde
2403 3443 2454 3485 a.
2489 3432 2608 3486 431
2649 3422 2836 3481 latine
2868 3418 3015 3503 (qua
3045 3421 3108 3478 in

581 3516 722 3568 190.
742 3506 1529 3584 InterPelagianorum
1562 3508 1769 3568 adver·
1826 3510 2039 3588 lingua
2069 3510 2224 3570 illud
2263 3507 2575 3594 habemus)
2608 3511 2932 3570 Theodosio
2966 3511 3107 3586 imp.

486 3593 670 3652 sarios
688 3595 1094 3655 numerandus
1114 3613 1237 3655 non
1267 3596 1485 3656 ultimo
1517 3597 1645 3657 loco
1677 3601 1772 3657 est
1825 3600 2111 3670 oblatum,
2144 3619 2265 3676 quo
2296 3603 2486 3659 totam
2505 3600 2816 3662 historiam
2846 3599 3105 3677 pelagia-

1825 3707 1935 3747 nae
1956 3689 2216 3748 haeresis
2234 3689 2548 3765 patefacit:
2581 3729 2609 3759 ,
2625 3708 2730 3765 per
2756 3690 2914 3764 quod
2947 3706 3105 3748 com·

1828 3777 2231 3849 monitorium,
2287 3780 2359 3837 ut
2418 3778 2546 3854 ipse
2606 3777 2806 3849 refert,
2870 3779 3107 3855 cognito

1827 3865 2230 3926 funestissimo
2250 3885 2463 3939 errore,
2488 3866 2781 3943 imperiali
2795 3869 3111 3943 praecepto

590 3839 625 3898 Ι)
678 3835 762 3889 Cf.
812 3839 1039 3906 praeter
1081 3839 1346 3891 auctores
1395 3839 1513 3907 jam
1563 3838 1772 3894 citatos

487 3899 1250 3979 Fessler·Jungmann
1290 3918 1317 3976 5
1358 3916 1461 3966 225
1502 3927 1573 3964 ss.
1623 3909 1771 3964 Hist.
2096 3957 2107 3968 .
3018 3957 3030 3968 .

486 3974 570 4030 lit,
633 3977 703 4031 de
766 3980 822 4034 13,
885 3979 1099 4033 Franco
1150 3978 1218 4044 11,
1270 3986 1583 4040 369—406;
1635 3984 1771 4040 758:
1825 3959 1951 4014 tam
1983 3955 2265 4015 Julianus
2298 3957 2574 4015 defensor
2615 3959 2679 4015 et
2723 3973 2946 4030 sequax
2978 3973 3109 4032 eJus

485 4048 532 4101 Τ
547 4047 567 4101 i
585 4050 603 4103 l
621 4049 643 4102 l
659 4065 759 4104 em
777 4068 809 4104 o
826 4068 864 4103 ιι
881 4053 906 4104 t
954 4051 1101 4115 XVI,
1146 4058 1347 4112 1—30;
1399 4053 1449 4105 A
1464 4069 1503 4104 n
1520 4051 1625 4106 tel
1642 4051 1774 4106 mii
1827 4063 1965 4103 cum
1996 4045 2208 4104 ceteris
2241 4045 2417 4104 sociis
2450 4047 2512 4104 et
2540 4044 2931 4121 participibus
2946 4045 3108 4116 ·suis,

485 4119 619 4176 diss.
646 4123 880 4177 criticae
907 4125 1044 4184 etc.:
1074 4122 1125 4178 N
1143 4121 1387 4178 irschl
1416 4124 1511 4187 111,
1536 4132 1564 4187 ς
1587 4130 1692 4179 222
1711 4141 1772 4184 s.:
1829 4152 2006 4208 quam
2049 4136 2258 4210 postea
2300 4134 2460 4194 idem
2489 4134 2810 4193 coelestius
2855 4133 2929 4192 <10
2973 4152 3109 4194 con-

486 4190 673 4316 ῗὲὲῑηξ
686 4209 1071 4337 ἓιξῑῃῗὶῐῐῇῧῖῐέῗι
1087 4192 1513 4330 ἐΠΒῗῗΪὲὲΞ-Ῐέἓς
1538 4193 1774 4320 Ῑξξῄἑὲἑ
1830 4223 2362 4299 stantinopolitana
2405 4223 2554 4283 urbe
2600 4223 2849 4294 detrusi,
2901 4224 2966 4282 in
3012 4242 3111 4300 sy·

487 4333 610 4402 ejus
659 4336 927 4407 operibus
977 4336 1337 4401 concinnata,
1400 4336 1477 4391 ib.
1535 4341 1772 4398 17—43:
1828 4312 1986 4370 n⁰d⁰
2032 4330 2271 4388 quoque
2318 4312 2656 4414 ephffifffflssi
2709 4322 2829 4376 275
2885 4313 3112 4414 PPiSssO·

489 4404 560 4456 W
577 4423 609 4460 o
627 4410 829 4462 erter
855 4407 1095 4478 Prosper
1112 4424 1165 4462 v.
1186 4409 1252 4464 A.
1277 4408 1417 4461 iiber
1437 4408 1634 4462 Gnade
1652 4408 1773 4462 und
1828 4419 2041 4476 porum
2072 4402 2454 4477 postmodum
2498 4420 2564 4459 ιιι
2610 4404 2915 4477 praesenti
2948 4401 3113 4460 dam-

487 4475 756 4541 Freiheit,
811 4483 978 4537 1867:
1031 4477 1295 4561 Beitrfige
1342 4498 1444 4533 2111·
1491 4479 1773 4550 DOgmssn·
1826 4490 1956 4548 nati
1988 4493 2192 4551 sunt.‘
2225 4524 2313 4533 —-
2345 4491 2523 4548 Liber
2551 4491 3016 4550 subnotationum
3049 4491 3111 4548 in

486 4548 791 4617 gesch.des
808 4549 1773 4644 Semipelagianismu8‚Paderborn
1828 4578 2009 4637 verba
2038 4578 2210 4637 Juli
2228 4580 2353 4637 ani
2434 4580 2565 4656 ejus
2604 4598 2672 4638 ex
2705 4578 2876 4638 libris
2908 4582 3115 4638 contra

491 4625 651 4680 1898:
704 4620 762 4673 L.
815 4619 1176 4676 Valentin
1227 4622 1305 4675 St.
1357 4622 1598 4692 Prosper
1646 4621 1772 4676 dA.
2372 4623 2385 4651 '

487 4688 674 4744 Etude
700 4709 799 4745 sur
824 4691 880 4744 la
906 4692 1199 4746 litteratur
1225 4693 1403 4746 latine
1431 4695 1563 4747 eccl.
1592 4710 1666 4746 au
1696 4693 1773 4747 Ve
1830 4684 1873 4730 Β·
1927 4668 2338 4744 Augustinum
2400 4671 2675 4744 ‘³¹00er
2735 4663 2841 4749 (st)-
2901 4678 3110 4731 109—

488 4758 652 4815 siecle
679 4761 740 4814 in
769 4761 966 4816 Gaule.
995 4763 1192 4827 These,
1222 4764 1503 4818 Toulouse
1536 4771 1687 4820 1900.
1841 4753 2006 4836 172).
2057 4757 2208 4826 Quia
2226 4776 2366 4817 vero
2386 4757 2669 4817 Julianus
2700 4757 2765 4815 in
2798 4757 2924 4815 suis
2941 4755 3112 4815 libris
