3505 5161
384 256 433 313 X

381 433 632 510 graphia
660 433 996 511 germanica
1025 432 1120 491 vel
1149 432 1362 509 gallica
1381 433 1782 509 Hispanorum
1802 431 1898 489 vel
1917 430 2399 499 Americanorum
2432 427 2795 505 exspectabit
2825 444 2998 498 enco-

385 541 538 600 mia?
561 541 773 604 Nonne
795 541 938 609 licet
953 540 1377 615 disputationis
1398 543 1820 616 argumentum
1851 537 1926 598 ad
1947 540 2136 596 certos
2156 536 2421 612 fixosque
2449 554 2720 595 revocare
2733 534 2997 593 limites?

570 661 627 713 2.
659 649 779 716 Alii
813 651 1113 723 servatum
1145 648 1393 708 mallent
1425 649 1691 720 ordinem
1725 647 2081 724 scriptorum
2127 644 2734 721 alphabeticum,
2789 643 2997 702 chro-

384 756 512 815 nol
532 757 831 833 ogicum
881 758 1149 831 carpunt.
1211 755 1432 825 Verum
1479 757 1587 822 hic,
1625 754 1945 830 multiplici
1993 771 2064 812 ex
2113 752 2305 828 capite
2356 750 2776 829 praeferendus
2824 748 2998 809 nobis

385 863 643 933 videtur,
677 881 810 923 cum
841 863 916 931 ob
950 862 1151 921 oculos
1182 864 1365 938 ponat
1395 862 1731 940 theologiae
1762 859 2124 919 incrementa
2141 857 2238 915 vel
2257 857 2638 927 decrementa
2665 855 2999 917 seculorum

386 969 578 1045 lapsu,
612 969 886 1028 ostendat
916 968 1204 1046 regiones,
1238 970 1304 1027 in
1333 969 1556 1045 quibus
1605 986 1770 1039 sacra
1817 965 2007 1043 magis
2056 964 2366 1023 floruerint
2415 961 2632 1034 studia,
2677 961 2858 1021 simul
2903 979 3001 1020 ex-

390 1077 590 1135 hibeat
620 1095 740 1147 ene,
776 1077 881 1152 qui
912 1077 977 1137 in
1007 1076 1189 1136 variis
1221 1076 1639 1137 controversiis
1669 1075 1927 1152 collegae
1949 1072 2174 1144 fuerint
2194 1073 2287 1131 vel
2307 1071 2658 1130 adversarii:
2692 1090 2842 1146 quae
2865 1088 3001 1145 cog-

388 1185 543 1245 nitio
577 1203 682 1261 pro
714 1185 964 1249 historia
994 1185 1259 1250 literaria
1300 1203 1421 1243 non
1452 1184 1637 1261 parvi,
1673 1184 1793 1247 imo
1824 1182 2032 1259 magni
2059 1184 2150 1248 est
2181 1179 2464 1241 facienda.
2528 1179 2831 1249 Quomodo
2861 1195 3001 1236 vero

386 1312 457 1351 ea
487 1292 584 1350 vel
615 1292 912 1369 conjicias,
958 1293 1010 1350 si
1042 1296 1274 1357 servato
1307 1291 1515 1359 ordine
1546 1290 1918 1375 alphabetico
1950 1289 2122 1348 modo
2153 1288 2434 1358 laudetur
2453 1287 2723 1365 ,scriptor
2754 1304 2862 1345 sec.
2895 1283 3000 1353 ΙΙΙ,

390 1399 564 1458 modo
597 1399 693 1462 IX.
725 1400 821 1457 vel
854 1399 1003 1464 XII?
1067 1399 1128 1457 Si
1171 1416 1331 1461 nunc
1375 1400 1673 1475 exegetae,
1728 1416 1862 1456 mox
1894 1395 2354 1473 historiographi
2400 1396 2496 1454 vel
2529 1394 2872 1471 apologetae
2904 1392 3006 1462 fiat

389 1507 655 1566 mentio?
718 1507 778 1569 Si
809 1507 1125 1583 alphabeto
1152 1509 1463 1582 tantopere
1495 1504 1823 1575 delecteris,
1858 1504 2035 1570 adeas
2060 1503 2125 1561 in
2156 1506 2453 1562 tomorum
2486 1502 2858 1579 singulorum
2891 1500 3005 1557 fine

392 1613 649 1674 indicem
681 1613 992 1671 nominum
1025 1613 1382 1688 scriptorum
1414 1615 1683 1674 accurate
1715 1610 1921 1676 ordine
1952 1608 2323 1685 alphabetico
2353 1608 2797 1685 dispositorum.

574 1729 629 1783 3.
648 1720 784 1779 Non
794 1719 989 1803 defuit,
1000 1720 1105 1797 qui
1123 1720 1491 1796 superfluum
1505 1718 1929 1795 pronunciaret
1942 1734 2245 1776 recensere
2257 1716 2416 1792 juris
2438 1715 2703 1775 canonici
2724 1715 2999 1783 cultores,

390 1846 525 1886 cum
558 1844 655 1885 eos
687 1826 724 1883 S
742 1826 1010 1884 chulte
1036 1826 1160 1901 jam
1187 1825 1551 1892 recensuerit
1581 1824 1646 1883 in
1678 1843 1771 1901 op.
1794 1823 2138 1903 Geschichte
2172 1822 2276 1887 der
2296 1821 2542 1891 Quellen
2562 1822 2684 1880 und
2706 1821 3008 1879 Literatur

391 1934 498 1993 <les
540 1932 940 1992 kanonischen
983 1933 1252 1995 RechteS.
1315 1931 1628 2008 Singulare
1667 1930 1851 2012 plane*
1886 1929 2235 2008 consilium!
2302 1929 2618 1991 Consulere
2662 1929 2736 1998 ei,
2784 1928 2890 2003 qui
2936 1928 3008 1986 de

392 2042 582 2100 totius
614 2039 946 2117 theologiae
977 2040 1426 2098 nomenclatura
1475 2038 1879 2105 concinnanda
1929 2037 2168 2123 cogitat,
2219 2039 2291 2105 ut
2337 2055 2551 2114 magna
2594 2036 3007 2112 theologorum

396 2148 547 2207 serie
580 2147 996 2222 praetermissa
1026 2148 1278 2207 lectores
1330 2148 1554 2225 releget
1602 2146 1677 2211 ad
1726 2146 1894 2217 alios,
1943 2146 2049 2223 qui
2094 2145 2243 2229 forte
2276 2144 2408 2203 illos
2440 2143 2805 2221 collegerint.
2868 2142 3010 2212 Quis

393 2256 668 2315 consulat
698 2254 1042 2314 auctoribus
1074 2273 1129 2313 v.
1161 2273 1249 2331 gr.
1281 2254 1664 2332 biographiae
1709 2253 2084 2331 germanicae
2105 2253 2502 2339 *universalis
2535 2256 2607 2309 ut
2637 2252 3011 2327 praetereant

396 2362 919 2440 historiographos,
955 2379 1102 2436 quos
1133 2364 1302 2421 tanta
1334 2363 1707 2443 collegerunt
1738 2361 1978 2421 solertia
1994 2361 2378 2445 Potthast
2423 2361 2484 2419 in
2519 2379 2626 2418 sua
2657 2358 3014 2417 bibliotheca

398 2471 683 2532 historica
713 2470 892 2528 medii
923 2468 1079 2540 aevi,
1126 2472 1188 2528 et
1218 2488 1287 2527 ex
1321 2473 1489 2546 parte
1536 2469 2044 2559 Wattenbach
2075 2468 2150 2555 in
2183 2467 2615 2548 Deutschlands
2646 2464 3013 2525 Geschichts-

398 2577 682 2655 quellen
667 2598 749 2636 im
782 2576 1160 2649 Mittelalter3
1196 2579 1268 2635 ut
1297 2576 1580 2637 omittant
1610 2552 1942 2672 scriptores
1959 2556 2318 2661 austfiaCOS,
2366 2595 2501 2635 cum
2549 2575 2637 2633 illi
2669 2572 3013 2651 plenissime

395 2687 774 2763 reperiantur
804 2687 868 2744 in
902 2687 972 2743 vi
990 2685 1271 2744 urzbac
1289 2686 1328 2744 h
1377 2669 1870 2763 Biographisches
1903 2687 1947 2744 L
1953 2686 2186 2754 exikon
2194 2685 2296 2754 des
2329 2684 2739 2743 Kaiserthums
2773 2682 2883 2740 Oes
2887 2685 3009 2739 ter-

394 2794 596 2853 reich?
656 2792 840 2854 Juxta
871 2793 979 2858 hoc
1012 2792 1327 2852 consilium
1361 2794 1559 2852 omnia
1588 2811 1842 2856 censura
1863 2777 2091 2870 digna
2105 2796 2250 2860 sunt
2280 2810 2474 2868 opera,
2508 2810 2659 2867 quae
2691 2789 2868 2849 aliis
2855 2788 3015 2849 inni·

395 2904 615 2958 tuntur
646 2901 828 2974 atque
854 2917 927 2957 ex
961 2898 1035 2956 iis
1069 2902 1214 2958 sunt
1246 2900 1611 2959 concinnata.
1686 2969 1691 2974 ,

582 3018 637 3068 4.
670 3006 1003 3083 Exprobrat
1034 3008 1188 3068 alius
1220 3008 1609 3067 accurationis
1658 3008 1904 3067 criticae
1930 2961 2226 3067 defectum
2271 3007 2730 3082 neglectumque
2762 3004 3019 3063 fontium

396 3114 663 3183 utilium,
698 3116 1008 3176 auctorum
1040 3114 1389 3190 praesertim
1442 3114 1920 3189 protestantium.
1982 3112 2117 3172 Non
2169 3129 2453 3189 negamus
2505 3112 2661 3170 inter
2713 3127 3019 3170 censorum

389 3223 533 3297 jura
563 3221 717 3278 illud
749 3220 1329 3296 essereponendum,
1361 3222 1434 3279 ut
1462 3229 1668 3295 aperte
1716 3239 1882 3279 suam
1934 3219 2244 3297 proferant
2290 3218 2679 3277 sententiam:
2731 3233 3020 3276 memores

400 3343 599 3387 iamen
634 3328 959 3388 officiorum
994 3347 1231 3405 quoque
1264 3328 1386 3386 sint
1416 3328 1590 3402 aequi
1638 3328 1918 3391 censoris.
1981 3330 2255 3402 Aequum
2301 3344 2440 3398 sane
2485 3326 2740 3396 videtur,
2787 3328 2859 3383 ut
2904 3341 3021 3382 non

403 3435 607 3494 eadem
639 3436 933 3494 accuratio
965 3438 1026 3494 et
1057 3436 1321 3494 omnium
1354 3435 1611 3495 fontium
1644 3436 1903 3511 cognitio
1944 3436 2017 3493 ab
2049 3453 2117 3493 eo
2149 3434 2572 3511 expostuletur,
2608 3433 2714 3507 qui
2743 3432 3018 3490 milleno·

405 3562 540 3601 rum
573 3542 810 3600 brevem
844 3560 907 3600 se
938 3541 1241 3617 promittit
1272 3541 1557 3601 daturum
1601 3541 1881 3600 notitiam
1929 3542 2304 3616 scriptorum,
2355 3557 2422 3598 ac
2453 3538 2527 3598 ab
2559 3557 2642 3609 e0,
2677 3538 2784 3613 qui
2814 3555 3018 3597 mono-

403 3647 706 3725 graphiam
738 3666 846 3707 seu
876 3647 1284 3724 biographiam
1315 3648 1387 3705 de
1420 3647 1711 3725 singulari
1742 3648 1945 3724 aliquo
1978 3646 2106 3706 viro
2139 3646 2362 3705 illustri
2392 3646 2726 3709 conscribit.
2762 3645 3017 3704 Candide

402 3755 678 3824 fatemur,
712 3772 819 3812 nos
852 3772 973 3813 non
1003 3754 1281 3814 omnibus
1313 3773 1455 3814 usos
1487 3772 1614 3814 esse
1664 3754 1930 3813 fontibus
1979 3757 2044 3813 et
2092 3752 2379 3812 subsidiis
2424 3752 2719 3822 literariis,
2767 3770 2919 3828 quae
2951 3750 3023 3808 ad

407 3880 649 3938 scopum
664 3864 936 3920 nostrum
953 3861 1212 3920 fuissent
1234 3862 1427 3934 utilia,
1452 3865 1810 3939 opportuna,
1831 3862 1950 3920 imo
1972 3863 2033 3919 et
2051 3859 2408 3918 necessaria:
2444 3859 2546 3918 sed
2575 3876 2801 3934 aequus
2822 3874 3028 3916 censor

408 3969 517 4027 hoc
548 3969 613 4027 in
645 3970 994 4045 argumento
1029 3968 1121 4026 vel
1152 3988 1365 4044 parum
1395 3972 1687 4041 versatus,
1740 3969 1890 4027 sciet
1937 3968 2179 4026 illorum
2228 3965 2454 4042 copiam
2503 3983 2632 4024 esse
2680 3983 2829 4040 pene
2861 3965 3024 4022 inex-

407 4077 694 4134 haustam.
756 4076 843 4134 De
875 4074 971 4133 die
1002 4075 1067 4133 in
1098 4074 1257 4134 diem
1289 4077 1351 4134 in
1382 4078 1474 4135 tot
1504 4075 1662 4134 foliis
1693 4074 1974 4133 literariis
2024 4071 2338 4149 periodicis
2371 4070 2552 4147 inque
2583 4069 3025 4148 monographiis

405 4186 469 4242 et
500 4182 869 4260 biographiis
901 4200 1087 4241 novae
1120 4201 1351 4260 semper
1380 4183 1768 4260 proferuntur
1798 4180 2046 4239 notitiae
2080 4197 2251 4255 saepe
2283 4196 2420 4237 vere
2453 4177 2743 4254 pretiosae
2777 4177 2849 4236 de
2882 4178 3023 4235 scri-

409 4290 683 4365 ptoribus
717 4288 1063 4348 illustribus
1096 4288 1552 4365 praeteritorum
1585 4286 1919 4346 seculorum
1949 4303 2274 4361 eorumque
2306 4284 2605 4359 operibus.
2639 4283 2795 4353 Quot
2826 4301 3027 4341 earum

409 4397 784 4474 collegimus,
818 4397 962 4455 dum
993 4396 1154 4473 typis
1186 4398 1429 4456 daretur
1474 4396 1570 4454 hic
1612 4398 1829 4465 tomuS,
1878 4393 2100 4468 quibus
2146 4392 2238 4451 uti
2285 4410 2410 4450 non
2441 4391 2695 4467 amplius
2746 4390 2936 4461 licuit,
2968 4393 3030 4449 et

409 4524 663 4580 quarum
697 4505 1021 4581 specimina
1052 4506 1115 4563 in
1148 4505 1452 4573 Addendis
1482 4504 1778 4564 dabimus,
1843 4502 1996 4561 Hinc
2027 4504 2260 4560 nostrae
2292 4501 2512 4559 conscii
2544 4499 2909 4558 infirmitatis
2942 4503 3031 4557 at-

410 4630 528 4686 que
559 4611 861 4686 egestati8‚
898 4612 1059 4671 omni
1110 4611 1386 4670 destituti
1435 4610 1690 4669 aliorum
1740 4627 1937 4686 opera,
1991 4608 2164 4678 absit,
2215 4609 2286 4665 ut
2336 4607 2504 4666 nobis
2549 4606 3027 4682 persuadeamuS,

413 4717 737 4776 lectoribus
772 4716 1044 4775 exhibere
1077 4735 1227 4792 opus
1258 4716 1522 4775 numeris
1555 4717 1830 4775 omnibus
1862 4715 2203 4774 absolutum
2235 4717 2296 4774 et
2315 4713 2391 4772 ad
2421 4715 2695 4772 ultimam
2727 4713 3031 4772 redactum

410 4828 632 4897 limam,
664 4825 812 4884 rude
846 4828 1083 4884 tanturn
1132 4828 1226 4883 est
1274 4828 1335 4882 et
1383 4825 1741 4887 inchoatum.
1804 4826 2072 4884 Deerunt
2119 4823 2277 4882 haud
2327 4822 2503 4899 pauci
2550 4821 2883 4897 scriptoreS,
2928 4818 3033 4896 qui
