3505 5161
1142 219 1439 269 501—550.
1464 213 1776 283 Scriptores
1803 210 2085 282 polemici.
2114 209 2417 283 Leontius}-
2952 229 3076 283 472

460 232 579 284 471

554 410 697 463 266.
731 399 1110 458 Leontius
1156 418 1190 457 a
1235 398 1427 475 patria
1464 398 1558 458 vel
1590 398 1740 457 forte
1800 409 2147 464 529--544
2196 419 2410 476 magna
2459 401 2778 476 sagacitate
2829 403 2892 459 et
2940 400 3076 459 dili-

459 487 1229 548 nonnisiacommoratione
1262 487 1740 563 Byzantinus,
1796 487 2002 566 gentia
2047 488 2387 547 concinnati
2404 486 2449 569 ¹)
2496 495 2557 547 et
2602 488 2833 564 copiosa
2877 489 3076 548 erudi-

457 597 495 636 a
526 578 882 637 monasterio
901 596 1086 643 novae
1106 577 1330 636 Laurae
1350 576 1510 653 apud
1531 576 1739 635 Hiero·
1797 579 1960 636 tione
2036 596 2106 635 ex
2186 577 2458 653 patribus
2523 578 2733 637 hausta
2793 578 3078 637 instructi

457 667 763 743 solymam,
814 666 918 725 ubi
963 684 1068 742 per
1103 665 1459 725 decennium
1492 661 1739 747 (521-
1795 661 2078 747 (Migne
2127 666 2189 730 P.
2241 667 2307 727 G.
2356 667 2651 738 LXXXVI,
2714 679 2764 737 1,
2823 676 3078 730 1297—

461 766 587 819 530
651 760 714 816 et
760 758 969 832 postea
1016 753 1263 836 iterum)
1317 754 1498 831 degit,
1563 755 1740 813 etiam
1807 751 2018 837 1396).
2082 756 2153 815 In
2198 757 2236 815 l.
2280 768 2330 820 1.
2368 753 2713 816 continetur
2749 756 3078 816 confutatio

459 844 1190 920 Hierosolymitanu
1209 862 1236 902 s
1270 842 1738 920 cognominatae,
1799 844 2114 921 utm'usque
2146 845 2403 904 fictionis
2435 846 2593 904 inter
2634 864 2695 904 se
2731 845 3077 916 contrariae,

460 934 617 994 inter
666 934 1022 1011 insigniores
1084 933 1265 1007 hujus
1316 933 1544 1008 periodi
1595 932 1740 991 scri-
1796 934 2054 993 Nestorii
2074 937 2137 993 et
2166 934 2475 1010 EutychiS,
2508 935 2659 993 circa
2702 934 3080 994 divinitatem

458 1027 661 1100 ptores
694 1027 788 1083 est
813 1022 1234 1092 numerandus,
1267 1022 1379 1081 imo
1411 1041 1445 1080 a
1475 1021 1619 1080 Mai
1648 1021 1737 1079 di·
1796 1023 2016 1082 Christi
2045 1027 2107 1082 et
2139 1024 2605 1095 humanitatem;
2660 1034 2718 1086 2.
2749 1026 2842 1082 est
2872 1027 3081 1084 contra

458 1114 618 1173 citur
662 1113 726 1171 in
771 1112 1018 1171 scientia
1061 1111 1393 1189 theologica
1435 1129 1581 1171 aevo
1631 1128 1739 1170 suo
1798 1111 1928 1172 illos
1959 1132 1991 1172 e
2022 1112 2260 1185 nostris,
2293 1112 2400 1189 qui
2432 1117 2745 1188 corruptae
2772 1113 3076 1189 incorrup-

459 1201 633 1261 facile
662 1202 954 1278 princeps.
1019 1200 1067 1258 E
1100 1199 1287 1259 nobili
1317 1203 1485 1258 ortus
1518 1200 1741 1259 familia
1795 1201 2110 1260 ticolarum
2135 1202 2466 1261 sententiae
2496 1201 2849 1272 adhaerent3
2887 1211 2942 1265 3.
2974 1201 3080 1260 ad-

457 1311 507 1351 c.
541 1311 590 1352 a.
625 1301 748 1354 485
800 1290 1141 1349 adolescens
1185 1288 1379 1348 factus
1410 1292 1502 1347 est
1533 1307 1739 1348 mona·
1795 1308 2005 1349 versus
2031 1290 2543 1366 incorrupticolas,
2576 1291 2681 1366 qui
2715 1309 2986 1350 arcanam
3019 1294 3082 1350 et

458 1381 622 1452 chus,
668 1384 849 1455 atque
894 1378 958 1437 in
1004 1378 1242 1454 Scythia
1285 1377 1460 1437 initio
1506 1378 1739 1455 degisse
1795 1379 2209 1457 primigeniam
2258 1379 2746 1439 Nestorianorum
2808 1379 3078 1455 impieta·

459 1469 713 1532 videtur.
781 1468 1166 1542 Aliquamdiu
1203 1467 1502 1526 erroribus
1535 1467 1738 1526 inhae-
1795 1473 1916 1528 tem
1938 1471 2263 1540 sectantur,
2296 1472 2360 1528 et
2389 1468 2462 1528 de
2493 1469 2601 1527 hac
2625 1468 2831 1528 eadem
2849 1468 3079 1529 haeresi
3120 1545 3127 1551 ἡ

462 1560 545 1617 sit
574 1556 951 1627 nestorianis,
1004 1575 1210 1615 verum
1255 1556 1328 1615 iis
1374 1556 1601 1616 sincere
1644 1575 1739 1615 re·
1797 1557 2113 1633 inquisitio
2144 1562 2207 1617 et
2236 1557 2598 1634 triumphus.
2632 1558 2862 1618 Horum
2887 1557 3079 1618 veluti

457 1647 777 1716 nunciatiS,
810 1646 1027 1705 acriter
1053 1645 1332 1720 deinceps
1354 1645 1408 1703 N
1412 1645 1739 1704 estorianos
1795 1648 2266 1723 supplementum
2278 1647 2592 1706 estSolutio
2601 1654 3077 1723 aryumentorum

457 1740 522 1795 et
554 1735 1001 1811 Monophysitas
1047 1733 1440 1811 impugnavit.
1506 1734 1656 1792 Eum
1688 1754 1738 1796 a.
1796 1756 1829 1793 a
1863 1737 2145 1795 Severo
2176 1736 2543 1812 objectorum
2570 1736 2633 1794 in
2652 1736 2874 1812 dialogi
2893 1736 3081 1795 forma

461 1836 588 1889 519
618 1826 722 1884 GP.
756 1824 1083 1900 reperimus
1114 1842 1249 1883 cum
1281 1823 1403 1881 illis
1434 1822 1739 1882 monachis
1795 1820 1904 1907 (ib.
1945 1834 2002 1895 2,
2047 1821 2461 1904 1915·1947).
2489 1858 2578 1868 —-
2603 1825 2877 1899 Capitale
2896 1826 3080 1885 XXX

461 1914 705 1991 scythis,
770 1931 1028 1990 quorum
1069 1912 1245 1988 juxta
1294 1912 1516 1971 11001'8
1569 1908 1601 1979 ἓ
1663 1923 1733 1975 17
1796 1909 2147 1996 (τριάκοντα
2188 1913 2520 1997 κεφάλαια)
2571 1932 2680 1974 seu
2728 1916 2928 1974 theses
2976 1914 3082 1972 ad·

457 2022 619 2062 unus
650 2001 785 2072 fuit,
833 2002 938 2077 qui
981 2001 1317 2069 formulam,
1364 2004 1436 2059 ut
1479 2000 1740 2060 diximus
1795 2004 2040 2062 modum
2074 2004 2283 2063 breves
2306 2007 2509 2062 contra
2530 2003 2894 2073 Severum,
2927 2022 3081 2080 quae

460 2113 517 2168 p.
541 2103 686 2162 469,
707 2090 1196 2167 propugnarunt:
1223 2129 1252 2159 ,
1267 2089 1432 2149 Unus
1453 2109 1521 2149 ex
1544 2090 1738 2149 Trini-
1798 2092 2044 2152 totidem
2064 2093 2377 2151 continent
2391 2097 2745 2170 argumenta
2763 2112 2831 2152 ex
2851 2093 3080 2152 ratione

457 2184 586 2240 tate
618 2182 680 2239 in
713 2198 887 2239 carne
916 2183 1010 2238 est
1040 2187 1312 2254 passuS‚‘
1353 2197 1489 2238 cum
1520 2178 1741 2254 quibus
1798 2182 1986 2257 petita
2028 2184 2235 2241 contra
2280 2182 2488 2240 salsam
2534 2181 2718 2240 unius
2748 2182 2813 2240 in
2844 2180 3080 2240 Christo

459 2274 524 2328 et
555 2270 798 2329 Romam
829 2272 923 2328 est
952 2268 1273 2344 profectus.
1320 2267 1465 2328 Inde
1498 2270 1743 2328 recessit
1798 2275 2045 2329 naturae
2066 2271 2486 2339 assertionem;
2519 2270 2699 2329 etiam
2732 2270 2845 2329 sub
2864 2271 3080 2329 titulo:

458 2360 523 2417 in
569 2378 786 2418 novam
819 2358 1070 2417 Lauram
1120 2376 1165 2420 s.
1200 2357 1385 2416 Sabae
1431 2358 1495 2416 in
1541 2358 1740 2416 Palae-
1800 2359 2198 2418 Dubitationcs
2226 2360 2612 2435 hypotheticae
2647 2365 2710 2419 et
2739 2358 3079 2418 difinientes

461 2448 640 2507 stina.
704 2446 989 2505 Interfuit
1033 2456 1146 2508 531
1207 2446 1500 2522 colloquio
1547 2464 1740 2505 coram
1798 2450 2003 2507 contra
2031 2466 2149 2518 eoa,
2184 2448 2290 2523 qui
2320 2451 2560 2525 negant,
2592 2467 2723 2507 esse
2754 2450 2817 2507 in
2848 2448 3079 2508 Christo

458 2536 806 2596 Justiniano
837 2535 980 2613 imp.
1000 2552 1136 2594 cum
1156 2534 1504 2605 Severianis,
1539 2535 1742 2595 Mono-
1799 2540 1936 2613 post
1956 2537 2239 2597 unionem
2258 2538 2406 2597 duas
2429 2556 2598 2597 veras
2632 2541 2876 2598 naturas
2910 2533 3081 2618 (olim

463 2627 842 2703 physitarum
887 2625 1157 2695 factione,
1206 2625 1489 2698 habito1),
1537 2628 1599 2684 et
1644 2642 1742 2701 sy·
1797 2627 2895 2703 latinetantumapudGallandiXII,
2922 2637 3080 2691 715·
3144 2619 3151 2625 ⁵

461 2716 615 2775 nodo
647 2715 711 2774 in
750 2733 927 2774 causa
955 2714 1228 2772 Anthimi
1271 2718 1332 2773 et
1362 2714 1741 2791 Monophysi-

457 2810 657 2864 tarum
706 2825 755 2863 a.
811 2813 932 2866 536
988 2802 1332 2874 celebratae,
1395 2807 1743 2880 partemque

457 2894 682 2970 pariter
713 2892 924 2952 habuit
955 2891 1019 2950 in
1050 2892 1470 2952 controversiis
1503 2891 1577 2950 de
1611 2892 1741 2951 Ori-

456 2982 711 3059 genistis
744 2986 805 3040 et
836 2981 1032 3040 tribus
1063 2980 1342 3057 capitulis
1375 3000 1427 3039 a.
1457 2990 1579 3045 542
1614 2982 1741 3058 agi-

456 3072 601 3131 tatis
648 3067 711 3152 (†
741 3089 788 3130 c.
827 3066 997 3145 543).
1061 3070 1222 3129 Num
1274 3070 1434 3129 idem
1479 3070 1561 3129 sit
1606 3088 1740 3129 cum

456 3161 704 3219 Leontio
737 3159 1022 3218 monacho
1054 3159 1576 3236 hierosolymitano
1611 3159 1742 3218 Ori-

456 3249 705 3326 genista,
740 3249 912 3319 cuius
945 3248 1309 3307 mentionem
1340 3248 1484 3307 facit
1515 3249 1742 3324 Cyril-

457 3340 582 3397 lus
632 3337 1143 3414 scythopolitanus
1193 3337 1258 3396 in
1304 3337 1429 3397 vita
1478 3354 1524 3398 s.
1558 3338 1742 3396 Sabae

457 3446 515 3490 n.
542 3437 641 3497 72,
676 3431 768 3486 est
799 3426 1071 3502 quaestio
1103 3428 1197 3485 sat
1211 3421 1550 3507 difficilis2).
1584 3427 1741 3485 Haec

455 3518 588 3590 ejus
620 3520 765 3574 sunt
796 3515 1045 3590 scripta:
1093 3514 1257 3572 Libri
1303 3518 1425 3573 tres
1462 3515 1743 3575 adversus

459 3605 837 3663 Nestorianos
910 3611 961 3661 et
1019 3603 1409 3679 Eutychianos
1469 3605 1630 3663 inter
1690 3624 1740 3666 a.

537 3777 573 3842 ¹)
603 3774 790 3843 Hujus
840 3773 1118 3842 colloquii
1154 3771 1421 3828 notitiam
1472 3774 1744 3828 debemus

456 3845 671 3899 ,loanni
721 3844 986 3916 episcopo
1033 3843 1323 3899 Maroniae
1368 3862 1470 3916 pro
1515 3860 1545 3898 e
1588 3862 1743 3899 mare

457 3932 752 3986 aegaeum,
790 3916 893 3984 qui
918 3916 1034 3969 fuit
1058 3933 1206 3971 unus
1233 3932 1301 3969 ex
1327 3915 1476 3970 inter
1503 3917 1743 3971 ocutori-

460 3990 567 4041 bus
583 3987 898 4050 catholicis,
914 3987 978 4040 in
993 3989 1235 4058 epistola
1257 3989 1330 4040 ad
1387 3990 1742 4056 resbyterum

455 4058 723 4120 amicum,
746 4076 893 4127 quae
909 4061 1097 4114 tamen
1113 4061 1212 4112 tan
1221 4061 1342 4111 tum
1418 4057 1537 4113 tine
1554 4076 1744 4130 super·

458 4134 543 4184 est
558 4131 712 4201 apud
731 4130 788 4183 Μ
803 4148 837 4183 a
854 4149 892 4183 n
910 4147 935 4183 s
951 4129 972 4183 i
991 4130 1120 4184 coll.
1137 4146 1292 4185 conc.
1309 4129 1459 4194 VIII,
1477 4135 1640 4186 817-
1657 4138 1742 4187 34.

455 4202 541 4256 Cf.
571 4203 794 4256 Loofs
819 4213 846 4268 ς
881 4207 960 4257 18.

1806 2712 1971 2796 718),
2036 2715 2277 2775 libellus
2338 2717 2532 2791 quoad
2579 2716 2823 2776 formam
2881 2717 3082 2775 minus

1799 2808 2041 2865 curatus
2074 2802 2181 2886 (ib.
2218 2816 2338 2869 190
2359 2800 2703 2888 1--1916).
2735 2839 2823 2850 —
2855 2806 3083 2865 Scholia

1797 2914 1868 2954 ex
1914 2913 2014 2953 ore
2060 2894 2105 2952 Τ
2123 2893 2311 2952 heod
2329 2912 2363 2954 o
2382 2894 2446 2952 ri
2490 2894 2931 2970 religiosissimi
2974 2894 3079 2954 ab·

1799 2983 1954 3042 batis
1986 2982 2435 3059 doctissimique
2478 2983 2814 3060 philosophi
2858 2983 3079 3043 divinis

1799 3072 2021 3148 pariter
2051 3072 2430 3148 externisque
2478 3072 2671 3131 literis
2716 3073 2939 3131 eruditi
2981 3091 3081 3131 ex·

1798 3163 2015 3236 cerpta,
2047 3162 2205 3236 quod
2227 3178 2377 3237 opus
2400 3162 2793 3220 communiter
2821 3162 2893 3220 dc
2919 3164 3083 3220 sedis

1798 3250 2151 3309 inscribitur
2183 3252 2243 3307 et
2288 3250 2353 3307 in
2396 3251 2656 3309 actiones
2687 3249 2740 3309 X
2771 3250 3081 3310 distribui-

1799 3344 1902 3398 tur
1942 3334 2050 3420 (ib.
2082 3359 2136 3415 p.
2179 3350 2203 3401 1
2244 3358 2376 3415 pag.
2418 3334 2901 3422 1193—1268).
2967 3340 3079 3399 Re-

1798 3429 2121 3487 censentur
2149 3431 2351 3486 autem
2401 3427 2467 3486 in
2511 3446 2579 3487 eo
2627 3427 2977 3504 praecipuae
3008 3429 3080 3487 de

1798 3516 2088 3576 Trinitate
2119 3519 2181 3574 et
2213 3516 2619 3576 incarnatione
2650 3517 2939 3580 haereses.
2998 3517 3082 3576 Ea

1800 3623 1937 3666 vero
1968 3605 2172 3674 forma,
2206 3624 2325 3681 qua
2344 3624 2504 3664 nunc
2523 3609 2731 3677 exstat,
2764 3625 2887 3665 non
2918 3606 3079 3665 vide-

1799 3698 1903 3754 tur
1933 3712 2063 3754 esse
2095 3694 2342 3766 Leontii,
2389 3694 2491 3753 sed
2529 3695 2869 3754 retractatio
2900 3713 3081 3770 quae-

1800 3783 1938 3842 dam
1970 3783 2168 3859 operis
2198 3801 2304 3842 seu
2334 3783 2522 3858 partis
2541 3803 2633 3859 op.
2655 3783 2908 3855 Leontii,
2941 3801 3079 3842 con·

1799 3877 1893 3930 tra
1924 3872 2368 3948 monophysitas
2414 3876 2476 3930 et
2505 3873 2893 3931 Nestoi-ianoe
2941 3891 3078 3931 con-

1880 4065 1914 4128 ι)
1944 4060 1985 4112 L
2002 4076 2034 4114 o
2052 4076 2084 4114 o
2102 4061 2166 4114 fs
2193 4060 2466 4115 Leontius
2482 4078 2594 4115 von
2614 4060 2834 4128 Byzanz
2852 4060 2971 4115 und
2987 4060 3080 4114 die

1839 4131 2261 4202 leichnamigen
2288 4132 2699 4186 Schriftsteller
2741 4131 2843 4186 der
2866 4132 3081 4203 griech.

1853 4203 2007 4257 irche
2052 4203 2088 4256 l.
2136 4211 2161 4259 1
2204 4222 2249 4257 c.
2295 4212 2320 4260 1
2364 4213 2391 4269 ξ
2429 4211 2494 4258 2;
2544 4204 2671 4258 lhre
2717 4203 3079 4274 vorzfigliche

533 4279 572 4336 ἱ)
601 4274 743 4327 Cum
775 4274 947 4342 juxta
988 4273 1209 4326 Loofs
1249 4281 1274 4338 ᾖ
1309 4279 1371 4328 16
1410 4272 1611 4327 saltem
1653 4272 1744 4326 vi·
1800 4273 2174 4344 Disposition,
2220 4274 2314 4329 die
2357 4272 2879 4344 Scharfsinnigkeit
2927 4274 3081 4328 ihrer

457 4343 587 4410 gin
604 4345 662 4397 ti
704 4343 816 4397 viri
841 4347 1158 4408 occurrant,
1185 4345 1288 4412 qui
1316 4344 1402 4397 Le
1420 4361 1452 4399 o
1470 4362 1506 4396 n
1525 4345 1620 4398 tii
1646 4361 1741 4400 no·
1801 4347 2153 4415 Argumente
2182 4345 2298 4401 und
2340 4345 2433 4399 die
2459 4345 2824 4417 patristische
2851 4345 3080 4399 Gelehr-

459 4432 587 4539 gioern
611 4419 939 4538 ‘tgess-eruut
988 4432 1054 4469 ea
1105 4418 1519 4538 a-etalff,b<1tua·
1553 4418 1744 4541 nosttgr
1799 4415 2059 4541 {gsmgteih
2105 4434 2228 4543 {ron-
2260 4417 2370 4541 (1εὲ
2413 4416 3079 4542 sigegeutgenigsteabgzgt,

457 4503 1745 4621 moissaffiffi,13⁸3310¹231¹¹m5118ffle⁸1¹53⁸211i
1799 4505 2453 4629 ω.ἶ1.ἰῗ-ζοῖἔέ3ἓοιιίἷι
2505 4506 2744 4614 wia?
2765 4506 2920 4613 ἐπεὶ
2960 4504 3083 4613 Ζῖῗὲ

457 4627 708 4682 habitus.
761 4628 885 4698 Ipse
933 4629 1120 4682 Loof
1132 4648 1155 4681 s
1199 4638 1226 4695 ς
1266 4633 1335 4684 20
1378 4628 1742 4682 identitatem
1799 4630 2148 4684 erecheinen.
2200 4630 2281 4685 De
2309 4631 2530 4686 Leontii
2573 4629 2834 4685 doctrina
2869 4629 3078 4701 passim

459 4699 642 4779 nostri
694 4698 918 4779 Leontii
969 4715 1099 4753 cum
1141 4700 1377 4782 Leontio
1419 4699 1744 4771 Origenista
1799 4701 1925 4782 agit
1949 4701 2254 4756 Werner
2294 4701 2495 4756 Gesch.
2535 4703 2634 4756 der
2674 4703 2825 4772 apol.
2865 4721 2921 4756 u.
2967 4703 3081 4773 pol.

461 4770 726 4837 pluribus
753 4773 962 4823 nititur
982 4773 1336 4840 argumentis
1357 4772 1742 4841 comprobare.
1800 4772 1926 4835 Lit.,
1954 4773 2286 4843 praesertim
2316 4775 2381 4836 ΙΙ,
2409 4777 2710 4830 247—261.
