3505 5161
529 250 653 304 263
1379 237 1679 287 401—491.
1706 232 1759 284 S.
1788 230 2126 299 Hieronymi
2152 245 2327 300 opera
3036 248 3112 300 26
3125 250 3162 301 4

526 426 576 477 et
608 418 913 477 orthodoxi
952 435 1059 475 seu
1091 417 1364 494 dialogus
1399 419 1603 476 contra
1633 416 1807 475 Luci·
1871 434 1998 474 cem
2032 419 2238 475 contra
2268 414 2551 474 Rufinum
2608 415 2749 474 stilo
2793 416 2975 475 nimis
3023 435 3161 476 acu·

525 507 799 577 ferianos‚
864 526 970 583 pro
1034 506 1246 564 horum
1308 506 1556 565 historia
1604 505 1805 581 magni
1867 505 2029 564 leato
2079 507 2141 562 et
2189 504 2397 563 acerbo
2448 504 2704 581 scripsit.
2767 506 2942 564 Hisce
2989 505 3159 565 libris

527 595 830 665 momenti,
880 593 1140 671 scriptus
1173 594 1561 669 probabiliter
1591 615 1641 653 a.
1680 604 1805 657 379
1863 593 2217 671 dogmaticis
2252 593 2500 671 adjungi
2534 593 2713 652 debet
2748 595 2941 653 versio
2967 597 3160 671 operis

525 680 804 767 (Migne
837 684 1046 755 XXIII,
1087 680 1479 766 155—182).
1504 684 1670 742 —L.
1702 683 1807 741 ad·
1865 683 2244 759 Origenis
2276 684 2344 740 de
2369 685 2684 758 principiis
2714 687 2775 741 et
2806 702 2896 759 op.
2933 684 3159 760 Didy-

523 792 736 833 versus
769 772 1114 832 Helvidium
1161 774 1229 831 de
1254 780 1537 849 perpetua
1569 773 1807 849 viryini-
1865 772 1963 829 mi
1996 773 2066 830 de
2098 772 2326 846 Spiritu
2360 791 2424 841 s.,
2469 772 2542 830 de
2574 772 2794 846 quibus
2820 774 2945 848 jam
2981 791 3164 850 supra

526 870 639 921 tate
671 864 719 924 b.
753 863 984 921 Mariae
1033 862 1171 921 stilo
1218 862 1338 920 acri
1378 864 1440 921 et
1469 861 1807 921 vehementi
1861 860 2094 941 eginus
2125 881 2182 936 p.
2221 870 2298 923 56
2335 865 2396 919 et
2437 870 2574 924 175.

525 953 680 1010 circa
710 972 758 1016 a.
799 960 920 1014 383
956 951 1326 1026 conscriptus
1342 952 1405 1030 ¹).
1436 985 1524 995 —-
1557 950 1719 1009 Libri
1750 950 1810 1007 11

528 1043 809 1100 adversus
861 1041 1236 1098 Joviniamcm
1287 1035 1360 1122 (c.
1411 1060 1460 1099 a.
1517 1036 1686 1120 392),
1743 1039 1809 1096 in
1964 1048 2107 1101 144.
2140 1036 2307 1096 Inter
2357 1039 2553 1097 omnia
2584 1041 2783 1097 autem
2819 1058 2864 1102 a.
2897 1039 3160 1099 doctoris

527 1131 747 1205 quibus
799 1124 1165 1208 Joviniani2)
1217 1148 1444 1188 errores
1496 1130 1812 1205 impugnat
1867 1128 2089 1202 scripta
2149 1127 2433 1198 eminent,
2499 1128 2550 1185 si
2597 1127 2876 1187 dictionis
2927 1133 3158 1205 spectes

526 1238 712 1294 eaque
744 1218 1046 1276 occasione
1092 1218 1460 1295 virginitatis
1504 1224 1810 1294 praestan·
1866 1215 2244 1293 elegantiam,
2281 1216 2773 1275 documentorum
2807 1218 3157 1289 utilitatem,

526 1309 672 1366 tiam
707 1308 792 1365 ita
816 1307 1067 1376 extollit,
1101 1310 1172 1364 ut
1202 1307 1275 1364 ab
1307 1306 1810 1366 obtrectatoribus
1866 1305 2094 1381 ingenii
2146 1306 2547 1380 sagacitatem,
2612 1306 2875 1365 idearum
2935 1308 3158 1366 nobili-

528 1398 652 1455 suis
698 1396 989 1455 invidiose
1035 1396 1462 1466 traduceretur,
1512 1396 1669 1470 quod
1715 1394 1808 1452 ni·
1866 1400 2072 1464 tatem,
2125 1395 2255 1470 ejus
2288 1396 2631 1476 epistolael).
2693 1396 2778 1453 Ex
2824 1396 3160 1455 innumeris

528 1486 684 1545 mins
716 1485 898 1544 fuerit
928 1484 993 1543 in
1024 1484 1132 1542 illa
1149 1484 1445 1543 laudanda
1465 1488 1527 1543 et
1545 1484 1813 1558 iniquior
1869 1486 2069 1541 tamen
2093 1500 2241 1558 quas
2263 1484 2503 1559 scripsit
2522 1488 2846 1560 supersunt
2865 1485 3157 1560 epistolae

526 1575 592 1634 in
622 1573 1100 1633 matrimonium:
1134 1573 1273 1632 hinc
1304 1574 1578 1632 libellum
1609 1573 1812 1648 apolo-
1866 1574 2103 1630 tantum
2137 1572 2376 1629 circitor
2417 1582 2534 1635 116
2584 1573 2657 1630 ab
2704 1573 2834 1648 ipso
2882 1574 3154 1650 scriptae,

527 1665 788 1740 geticum
824 1681 929 1721 seu
960 1681 1052 1737 ep.
1081 1672 1161 1725 48
1196 1664 1278 1721 ad
1296 1662 1673 1722 Pamachium
1703 1679 1812 1737 pro
1869 1678 2040 1736 saepe
2071 1663 2438 1719 tractatuum
2468 1662 2658 1720 instar
2696 1663 2977 1737 prolixae,
3008 1682 3157 1738 qua-

526 1753 651 1811 illis
697 1752 1082 1812 defendendis
1129 1752 1369 1827 scripsit
1420 1748 1492 1832 (c.
1538 1751 1717 1809 finem
1763 1771 1810 1811 a.
1867 1769 2000 1808 rum
2032 1751 2232 1825 plures
2264 1753 2535 1825 spectant
2576 1750 2848 1810 studium
2881 1754 2941 1811 et
2973 1752 3155 1811 intel·

532 1837 707 1923 393).
739 1876 827 1885 —
858 1841 928 1898 In
961 1840 1373 1898 lucubratione
1403 1840 1587 1899 unius
1618 1841 1812 1899 noctis
1868 1839 2180 1916 ligantiam
2229 1857 2307 1903 ss,
2339 1840 2794 1915 Scripturarum,
2853 1841 3001 1900 aliae
3032 1846 3155 1899 tra-

526 1938 727 1989 contra
776 1926 1204 2010 Viqilantiuffl)
1251 1929 1481 1987 cultum
1528 1929 1812 2003 reliquia·
1869 1929 2022 1986 dunt
2054 1928 2281 1986 monita
2311 1929 2522 1987 salutis
2556 1932 2616 1986 et
2635 1930 3033 2004 perfectioniS,
3060 1949 3160 1989 ac-

527 2036 664 2078 rum
686 2019 784 2077 SS.
808 2018 1091 2086 defendit,
1126 2018 1523 2076 voluntariam
1560 2036 1806 2093 pauper·
1868 2017 2131 2074 cendunt
2161 2017 2235 2074 ad
2270 2017 2453 2075 vitam
2486 2019 2877 2088 eremeticam,
2923 2018 2998 2076 ad
3032 2038 3152 2078 ser-

525 2110 713 2165 tatem
775 2111 835 2166 et
898 2106 1242 2165 clericorum
1303 2106 1678 2165 coelibatum.
1726 2139 1811 2150 —-
1868 2104 2120 2163 vandam
2154 2106 2580 2182 virginitatem,
2615 2107 2686 2164 ad
2711 2107 3039 2165 ducendam
3063 2108 3156 2165 vi·

530 2196 745 2255 Contra
807 2196 1152 2271 Pelagianos
1226 2196 1376 2253 mira
1438 2196 1816 2253 concinnavit
1868 2196 1987 2252 tam
2022 2194 2251 2264 clericO,
2287 2196 2589 2266 monacho,
2625 2196 2858 2272 virgine
2891 2196 3150 2273 dignam,

528 2288 844 2343 venustate
876 2286 1054 2357 (teste
1099 2284 1231 2358 ipso
1276 2284 1603 2343 Juliano
1650 2284 1812 2360 pela-
1868 2284 1940 2339 ad
1972 2283 2132 2341 vitae
2177 2284 2650 2343 emendationem
2682 2290 2824 2354 etc.;
2874 2286 3020 2345 aliae
3053 2305 3151 2343 ex-

526 2373 706 2449 'giano
738 2373 896 2449 apud
924 2373 1338 2449 Augustinum
1369 2374 1434 2431 in
1466 2392 1559 2447 op.
1594 2373 1810 2447 imper·
1867 2370 2076 2430 hibent
2107 2372 2405 2431 virtutum
2437 2373 2703 2449 exempla
2735 2374 3058 2450 spectanda
3089 2375 3156 2432 in

527 2463 680 2521 fecto
713 2465 917 2521 contra
957 2463 1211 2520 eundem
1244 2462 1338 2533 IV,
1378 2461 1484 2539 88)
1518 2463 1812 2539 dialoyum
1867 2461 2010 2518 vitis
2042 2462 2310 2520 virorum
2353 2463 2447 2521 vel
2499 2462 2855 2521 feminarum
2889 2464 3149 2538 piarum,

527 2551 592 2612 11.
651 2552 737 2611 ΠΙ
801 2551 1308 2628 comprehensum.
1358 2586 1446 2595 —
1497 2551 1812 2610 Occasione
1866 2568 2012 2626 quas
2044 2551 2366 2610 lectoribus
2398 2551 2596 2611 vivide
2618 2552 2692 2612 ob
2725 2552 2928 2612 oculos
2962 2553 3153 2629 ponit.

525 2641 651 2700 litis
699 2642 771 2699 de
820 2642 1074 2718 Origene
1121 2636 1194 2717 (c.
1242 2662 1290 2699 a.
1343 2650 1467 2704 398
1518 2641 1613 2698 vel
1656 2638 1808 2720 399)

524 2730 753 2789 librum
790 2738 991 2788 contra
1023 2732 1309 2788 Joannem
1353 2731 1807 2805 hierosolymita-

524 2838 665 2877 num
697 2820 1118 2895 episcopum4),
1159 2822 1221 2877 et
1251 2820 1574 2896 apoloqiam
1605 2819 1807 2893 dupli-

1864 2808 1981 2846 esse
2008 2792 2485 2863 respondendum,
2528 2793 2681 2861 quod
2717 2794 3006 2864 praestitit
3041 2795 3158 2848 1106

1863 2863 2027 2924 libro,
2071 2863 2202 2918 Alia
2229 2881 2401 2934 opera
2430 2868 2496 2918 ut
2521 2865 2929 2918 commentaria
2951 2871 3009 2918 in
3028 2869 3149 2935 Job,

1863 2937 1922 2987 et
1948 2942 2003 2988 in
2031 2939 2316 3004 Evanyelia
2344 2935 2638 2998 Matthaei,
2669 2936 2845 2990 Marci
2872 2941 2930 2989 et
2944 2936 3151 3000 Lucae,

600 3010 639 3081 ¹)
667 3008 931 3079 Reperies
944 3010 1098 3062 h'unc
1114 3007 1808 3079 pulcherimumlibellmn
1861 3009 2106 3060 homilias
2131 3009 2242 3060 LX
2276 3007 2388 3076 ipsi
2427 3007 2670 3059 asseruit
2708 3008 2767 3061 P.
2796 3007 2846 3060 V
2863 3025 2937 3060 as
2954 3010 3059 3063 tel
3086 3009 3152 3061 Ο.

520 3079 673 3133 inter
689 3081 967 3149 opuscula
983 3083 1187 3135 selecta
1200 3078 1520 3150 Oeniponte
1537 3085 1672 3136 1870
1690 3081 1806 3142 XII,
1864 3076 2044 3130 Carm.
2064 3077 2346 3133 Bruxellis
2367 3085 2503 3134 1643
2519 3082 2559 3132 t.
2578 3086 2609 3132 2
2627 3079 2687 3130 in
2705 3079 2760 3142 f.‚
2789 3080 2886 3132 sed
2909 3081 3150 3133 frustra:

515 3157 799 3209 249-982
834 3159 986 3208 1894.
1862 3166 1977 3202 non
2004 3147 2156 3208 enim
2185 3153 2323 3203 sunt
2345 3149 2544 3219 ipsius.
2573 3149 2728 3215 Quae
2750 3150 2802 3203 ei
2823 3150 3003 3204 tribui
3024 3168 3150 3221 pos·

597 3225 636 3294 ²)
665 3221 747 3276 Cf.
764 3222 853 3275 W.
886 3223 1142 3275 Haller
1163 3222 1506 3275 Jovinianus
1523 3223 1614 3275 die
1637 3221 1804 3291 Frag-
1862 3223 2012 3284 sunt,
2061 3223 2128 3272 ut
2157 3225 2414 3288 confessio
2450 3224 2587 3288 fidei,
2633 3220 2861 3288 aliquot
2903 3226 3152 3290 epistolae

494 3325 497 3328 -
520 3296 710 3346 mente
737 3311 780 3346 a.
806 3293 1109 3356 Schriften,
1137 3294 1228 3346 die
1257 3293 1495 3358 Quellen
1523 3312 1592 3347 zu
1622 3293 1807 3346 seiner
1860 3290 2098 3344 minoris
2119 3291 2403 3356 momenti,
2426 3291 2735 3360 diligenter
2750 3293 3034 3368 collegitjC
3051 3311 3147 3346 as-

521 3364 875 3426 Geschichte‚
905 3365 1029 3417 sein
1058 3365 1247 3417 Leben
1274 3365 1394 3417 und
1424 3364 1577 3417 seine
1606 3365 1804 3426 Lehre,
1861 3361 2028 3431 pari
2069 3362 2476 3431 Ungedruckte
2519 3359 2756 3427 Quellen
2797 3382 2898 3417 zur
2945 3366 3146 3418 Gesch.

519 3435 755 3504 Leipzig
786 3440 921 3491 1897
947 3437 1010 3488 in
1038 3436 1210 3488 Texte
1238 3452 1292 3487 u.
1316 3435 1381 3488 U.
1412 3435 1480 3488 N.
1509 3435 1566 3488 F.
1598 3437 1664 3498 11,
1695 3445 1743 3490 ⁴2..
1859 3433 1957 3486 des
2003 3433 2330 3501 Taufsymb.
2377 3435 2494 3489 und
2539 3435 2638 3488 der
2679 3437 3146 3506 Glaubensregel,

510 3547 515 3552 -
593 3511 636 3578 ⁸)
664 3507 805 3560 Cum
832 3506 1181 3574 Hieronymo
1217 3510 1275 3559 et
1302 3505 1618 3575 Ripario
1646 3506 1803 3574 Vigi-
1861 3504 2209 3558 Christiania
2243 3512 2378 3561 1866
2406 3525 2458 3575 p.
2490 3513 2786 3562 161—212.

517 3577 764 3630 lantium
792 3577 1161 3647 impugnavit
1199 3594 1244 3630 6.
1284 3593 1334 3629 a.
1363 3583 1465 3634 406
1510 3578 1556 3630 D
1575 3595 1604 3631 e
1622 3597 1645 3630 s
1664 3577 1734 3631 id
1752 3594 1802 3630 e-
1935 3581 1972 3647 ¹)
2001 3576 2044 3628 B
2061 3593 2094 3627 a
2109 3595 2136 3628 r
2154 3577 2190 3628 d
2208 3593 2236 3629 e
2255 3595 2291 3628 n
2309 3577 2345 3629 h
2364 3592 2393 3629 e
2411 3594 2462 3628 w
2478 3593 2506 3630 e
2524 3594 2551 3629 1·
2578 3586 2604 3643 ἓ
2623 3584 2690 3633 93
2708 3596 2762 3630 n.
2780 3586 2829 3633 8.
2852 3578 2983 3632 Sein
3003 3577 3144 3632 Sinn

516 3647 636 3701 riu
654 3667 678 3700 s
704 3649 999 3718 hispanuS,
1021 3650 1330 3719 presbyter,
1358 3649 1431 3701 ab
1454 3648 1800 3717 Hieronymo
1858 3646 1949 3700 fiir
1993 3647 2305 3700 Schonheit
2348 3648 2468 3700 und
2514 3647 2776 3714 Eleganz,
2822 3649 2977 3702 seine
3024 3651 3144 3702 Ori-

517 3720 819 3773 laudatus:
845 3721 1019 3789 hujus
1047 3723 1237 3773 tamen
1264 3719 1410 3772 liber
1435 3719 1624 3789 periit.
1857 3718 2130 3786 ginalitat
2145 3719 2265 3772 und
2279 3719 2774 3773 Gewandtheitim
2790 3721 3141 3782 Ausdrucke,

506 3833 509 3836 .
590 3794 631 3863 ⁴)
658 3791 689 3844 J
708 3808 844 3845 oan
865 3809 903 3844 n
921 3808 949 3844 e
968 3810 993 3843 s
1033 3791 1193 3861 prius
1237 3791 1491 3854 eremita,
1520 3791 1653 3846 dein
1681 3790 1799 3861 epi·
1857 3790 2010 3843 661116
2039 3790 2469 3859 schwungvolle
2496 3791 2615 3843 und
2644 3791 2864 3861 feurige
2893 3792 3141 3847 Schilde·

515 3878 720 3933 scopus
750 3863 1290 3930 hierosolymitanus
1314 3863 1389 3916 ab
1415 3879 1465 3915 a.
1494 3865 1795 3924 386—417,
1854 3863 2198 3931 rungsgabe,
2225 3862 2366 3914 kurz
2408 3861 2527 3914 sein
2558 3879 2763 3932 ganzes
2792 3863 3142 3933 vielseitiges

515 3950 620 4002 pro
647 3933 890 4004 Origene
918 3933 1093 3986 stetit.
1157 3933 1280 3998 Qua
1325 3933 1394 3986 (16
1435 3950 1493 3986 re
1521 3934 1593 3986 ab
1621 3934 1798 4000 hujus
1855 3932 2432 3986 schriftstellerisches
2453 3933 2657 3986 Talent
2677 3933 2844 3986 feiert
2862 3934 2924 3986 in
2945 3934 3141 3988 seiuen

513 4005 856 4059 adversariis
881 4008 1181 4059 accusatus
1206 4003 1470 4074 „scripsit
1493 4005 1797 4057 adversum
1855 4002 2080 4056 Briefen
2109 4003 2202 4056 die
2229 4005 2641 4072 glanzendsten
2670 4004 3003 4075 Triumphe.
3059 4006 3141 4059 Cf.

514 4076 919 4130 obtrectatores
938 4076 1116 4129 studii
1133 4076 1223 4129 sui
1240 4075 1449 4128 librum
1469 4077 1579 4148 (vel
1601 4077 1798 4144 potius
1854 4073 1897 4125 E
1921 4076 1997 4128 be
2014 4077 2083 4127 rt
2108 4078 2146 4125 t.
2180 4082 2224 4129 l.
2247 4071 2283 4127 l.
2308 4083 2354 4130 2.
2382 4092 2426 4127 6.
2446 4083 2480 4130 8
2524 4075 2626 4143 (1111
2667 4076 2789 4128 fuse
2825 4076 2894 4129 de
2937 4075 3141 4146 episto-

513 4147 851 4220 epistolam),
891 4146 953 4200 in
995 4163 1109 4214 quo
1156 4146 1406 4201 ostendit
1432 4163 1488 4200 se
1534 4146 1796 4213 Origenis
1851 4146 1921 4198 lis
1948 4163 1987 4198 s.
2020 4146 2356 4213 Hieronymi
2382 4146 2535 4215 agit:
2589 4147 2632 4198 B
2650 4164 2682 4199 a.
2700 4165 2737 4200 u
2755 4166 2808 4199 m
2827 4164 2911 4216 ga
2931 4153 3050 4200 rtn
3069 4163 3097 4200 e
3114 4165 3146 4199 r

494 4218 828 4288 ingenium,
856 4237 971 4272 non
999 4218 1167 4271 fidem
1194 4221 1470 4271 secutus-⁴
1514 4219 1597 4269 lta
1626 4215 1797 4271 Gen·
1852 4217 1928 4269 IV
1957 4234 2003 4269 6.
2031 4221 2064 4272 7
2089 4237 2145 4287 p.
2182 4224 2308 4270 102³:
2361 4217 2488 4270 Wie
2540 4234 2601 4270 er
2645 4218 2756 4289 (H.)
2804 4223 2978 4272 unter
3028 4219 3139 4271 den

512 4291 689 4344 uadi
708 4309 743 4344 u
763 4309 787 4343 s
814 4290 883 4343 de
912 4289 1000 4342 vir
1027 4290 1109 4343 ill.
1137 4307 1182 4342 6.
1211 4297 1295 4345 30.
1350 4289 1500 4341 Haec
1525 4288 1796 4358 apologia
1852 4287 2228 4341 lateinischen
2255 4288 2707 4342 Kirchenvatern
2748 4290 2850 4343 der
2876 4290 3140 4360 gewand·

510 4367 733 4431 praeter
749 4362 1072 4431 fragmenta
1089 4360 1147 4413 in
1167 4361 1271 4414 1106
1290 4359 1438 4412 libro
1456 4378 1488 4412 a
1506 4377 1545 4412 s.
1564 4360 1795 4413 doctore
1851 4361 1992 4412 teste
2060 4359 2598 4429 Sprachenkenner,
2655 4360 2756 4413 der
2826 4362 3138 4414 belesenste

509 4436 796 4486 asservata
824 4433 1075 4485 interiit:
1102 4431 1199 4484 sed
1229 4430 1445 4498 quiain
1466 4448 1531 4483 ea
1550 4447 1795 4498 conque·
1851 4430 2175 4498 polyhistor
2223 4431 2339 4484 und
2385 4431 2485 4484 der
2529 4431 2923 4500 grundlichste
2954 4432 3141 4486 Bibel-

508 4504 743 4558 rebatur
769 4504 943 4557 etiam
970 4503 1038 4556 de
1061 4502 1420 4555 ordinatione
1442 4501 1792 4566 Pauliniani,
1849 4501 2094 4555 kritiker
2120 4518 2253 4562 war,
2272 4518 2331 4555 so
2358 4503 2542 4554 besass
2559 4519 2617 4555 er
2633 4504 2781 4555 auch
2801 4507 2970 4556 1111161·
2986 4504 3136 4556 allen

509 4593 552 4628 s.
569 4575 901 4642 Hieronymi
924 4574 1134 4638 fratris,
1151 4591 1183 4626 a.
1201 4592 1243 4626 s.
1262 4573 1589 4644 Epiphanio
1611 4572 1672 4626 in
1690 4590 1793 4626 sua
1848 4573 1940 4626 die
1982 4574 2180 4628 unifan
2225 4573 2467 4626 reichste
2509 4574 2747 4643 profane
2776 4574 3139 4629 Belesenheit

490 4646 718 4701 >diocesi
747 4647 897 4700 faeta
938 4647 1122 4713 deque
1163 4644 1293 4698 aliis
1323 4644 1552 4714 injuriis
1593 4644 1702 4698 sibi
1729 4644 1791 4697 11-
1848 4645 1967 4697 und
1990 4644 2081 4697 die
2099 4648 2192 4698 tue
2241 4643 2413 4714 tigste
2432 4644 2804 4712 vielseitigste
2823 4645 3136 4700 klassische

507 4717 657 4780 latia,
685 4735 928 4785 cumque
975 4734 1061 4769 ea⁴
1084 4715 1351 4786 apologia
1400 4716 1641 4770 multum
1687 4715 1789 4768 dif-
1851 4716 2121 4784 Bildung.
2172 4715 2284 4768 Das
2331 4715 2645 4768 beredteste
2673 4713 2949 4787 Zeugniss
2991 4716 3142 4770 hier‘

509 4788 861 4850 funderetur,
904 4807 943 4840 s.
986 4787 1368 4854 Hieronymus
1415 4786 1638 4840 censuit
1681 4787 1792 4839 sibi
1849 4787 1938 4840 fur
1965 4787 2162 4841 bilden
2189 4787 2341 4841 seine
2371 4786 2574 4839 Briefe.
