3505 5161
377 237 498 292 373
1093 224 1206 277 Leo
1234 224 1327 289 M.,
1354 224 1603 289 HilaruS,
1634 224 1986 295 Simplicius,
2013 224 2172 279 Felix
2200 227 2269 279 II.

2866 247 2991 300 374

369 410 445 467 lis
488 411 718 469 romani
763 410 953 469 forma
998 407 1274 492 (Migne
1305 410 1423 482 LV,
1480 420 1652 473 21—
1708 410 2051 470 discrimine
2074 411 2212 470 inde
2233 413 2536 491 effugeret,
2572 433 2646 473 ne
2678 414 2994 474 latrocinio

381 503 545 575 157).
586 500 637 558 si
671 500 1164 577 compositionem
1197 501 1389 577 ipsam
1422 502 1653 575 spectes
1709 500 2080 559 subscribere
2113 506 2439 578 cogeretur.
2502 503 2763 562 Infinitis
2812 503 2993 563 obitis

369 605 414 645 a.
435 589 644 647 Leonis
665 608 795 649 esse
818 593 1087 665 negatur,
1122 593 1332 666 estque
1352 590 1502 648 forte
1535 607 1649 648 sec.
1710 590 1992 665 periculis
2025 590 2267 649 Romam
2298 592 2590 668 appulsus
2624 593 2820 651 omnia
2869 593 2994 651 illic

368 678 549 736 medii
583 678 675 740 Vl.
701 680 878 755 juxta
912 680 1309 738 Duchesne
1360 680 1454 737 vel
1479 680 1654 755 juxta
1707 679 2074 754 nequissime
2107 684 2236 739 acta
2268 699 2313 739 s.
2347 681 2615 757 pontifici
2649 677 2990 763 retulitl).‘

368 768 651 826 Probat
695 768 907 827 Felicis
952 769 1041 826 111
1086 763 1149 849 (†
1195 768 1366 844 492),
1435 769 1529 826 vel
1577 768 1651 826 ab
1707 769 1981 827 Pontifex
1998 769 2223 829 electus
2248 788 2395 846 ,per
2413 771 2762 830 universum
2781 771 2990 830 Orien-

368 857 568 931 aliquo
599 875 891 933 anonymo
937 876 1005 915 ea
1048 857 1169 917 fere
1213 861 1407 916 aetate
1452 857 1650 916 minus
1706 860 1846 929 tem,
1875 860 2032 916 teste
2060 858 2214 917 libro
2236 859 2581 935 pontificali,
2616 859 2836 935 sparsit
2866 860 2992 936 epi-

366 946 557 1021 perite
607 946 1056 1005 concinnatum:
1109 946 1213 1005 sed
1265 948 1317 1006 si
1369 947 1651 1021 precandi
1707 947 1893 1005 stolas
1941 947 2014 1005 de
2061 947 2176 1007 fide
2224 948 2512 1007 catholica
2560 952 2621 1006 et
2669 949 2993 1025 apostolica

367 1034 650 1093 formulas
675 1037 922 1111 specteS,
957 1055 1056 1094 eae
1088 1054 1304 1110 magna
1335 1036 1547 1094 saltem
1579 1054 1650 1094 ex
1707 1036 2197 1096 confirmans-tres
2210 1037 2992 1115 synodosnicaenam,ephe—

367 1128 537 1200 parte
557 1142 602 1186 s,
622 1124 836 1183 Leonis
860 1123 1104 1200 sapiunt
1122 1124 1448 1183 stilum.—
1468 1124 1650 1200 Saepe
1706 1125 1897 1183 sinam
1931 1127 1992 1183 et
2036 1127 2558 1199 chalcedonensem
2590 1130 2651 1185 et
2682 1131 2907 1186 tomum
2945 1145 2991 1189 s.

364 1212 718 1289 prodierunt
761 1214 893 1288 ejus
940 1232 1116 1289 opera
1148 1214 1409 1273 collecta.
1473 1214 1648 1272 Prae·
1705 1214 2131 1291 archiepiscopi
2178 1215 2391 1274 Leonis
2444 1211 2543 1297 (ad
2594 1213 2988 1297 Flavianum),

369 1302 657 1361 termissis
689 1302 779 1361 ed.
814 1303 1246 1362 vetustioribus
1263 1299 1308 1385 ¹)
1356 1323 1424 1362 ea
1460 1303 1649 1361 edidit
1705 1306 1768 1361 et
1798 1303 2101 1362 damnavit
2130 1305 2525 1380 Eutychetem
2557 1307 2619 1362 et
2650 1304 2991 1363 Nestorium

367 1392 716 1450 Paschasius
765 1391 1242 1461 Quesnellus
1288 1410 1503 1470 magno
1547 1411 1648 1467 ap-
1705 1394 1766 1450 et
1800 1392 2144 1451 Dioscorum
2192 1394 2288 1451 vel
2334 1411 2538 1452 omnes
2578 1411 2860 1468 sequaces
2893 1412 2991 1452 eo-

365 1483 576 1556 paratu
599 1481 802 1539 critico
824 1483 886 1539 et
904 1480 1186 1552 literari0,
1210 1480 1454 1540 Parisiis
1481 1489 1644 1543 1675
1703 1501 1837 1539 rum
1902 1484 1964 1539 et
2024 1482 2377 1541 confirmans
2453 1482 2869 1541 auctoritatem
2930 1486 2992 1541 et

363 1574 405 1628 t.
444 1578 478 1633 2
513 1570 574 1627 in
607 1580 676 1637 4;
709 1587 920 1628 recusa
949 1570 1207 1648 Lugdini
1238 1579 1399 1633 1700
1434 1572 1478 1628 t.
1515 1579 1547 1631 2
1585 1570 1648 1628 in
1704 1571 2103 1646 principatum
2137 1590 2181 1629 s.
2216 1572 2374 1630 sedis
2408 1570 2826 1646 apostolicae.‘
2868 1571 2990 1629 Nec

363 1658 420 1728 f.,
455 1662 696 1734 propter
725 1657 864 1721 diss,
902 1657 1161 1737 (Migne
1197 1670 1295 1728 55,
1334 1653 1645 1740 183-764)
1705 1660 1903 1719 minus
1935 1660 2230 1719 sollicitus
2263 1663 2390 1718 erat
2433 1660 2505 1718 de
2550 1659 2863 1735 disciplina
2893 1678 2985 1719 ec-

363 1752 562 1806 tamen
583 1750 876 1823 notasque
897 1748 1155 1824 adiectas
1189 1748 1252 1806 in
1285 1749 1347 1807 ll.
1378 1748 1642 1824 prohibi·
1703 1749 2048 1812 clesiastica.
2129 1750 2397 1808 Decessit
2462 1757 2532 1811 21
2607 1748 2776 1807 Febr.
2841 1758 2987 1812 468.

360 1840 560 1895 torum
582 1836 841 1895 indicem
861 1838 1065 1909 relata,
1101 1837 1238 1896 hinc
1270 1837 1397 1897 sine
1429 1838 1522 1895 his
1554 1855 1646 1895 re·
1704 1838 2045 1914 Supersunt
2076 1858 2164 1914 ep.
2208 1849 2301 1909 12,
2350 1857 2496 1914 quas
2545 1838 2865 1915 diligenter
2896 1856 2987 1896 ac-

362 1944 502 1984 cusa
532 1924 801 1984 Venetiis
843 1936 1038 1995 17413
1079 1935 1281 1996 17483
1314 1926 1643 2003 Tyrnaviae
1701 1930 2026 2002 curateque
2072 1927 2259 1986 edidit
2305 1929 2374 1986 A.
2422 1926 2653 1985 Thiel
2685 1927 2989 2002 Epistolae

372 2024 717 2079 1766—67
753 2034 853 2090 pp·
889 2025 942 2077 2.
992 2015 1148 2074 Huic
1179 2015 1430 2074 editioni
1464 2033 1644 2090 oppo-
1701 2035 1845 2075 rom.
1892 2017 2102 2093 pontif.
2153 2021 2215 2075 et
2264 2035 2416 2092 quae
2461 2016 2534 2074 ad
2582 2033 2681 2075 eos
2732 2014 2988 2091 scriptae

362 2104 485 2161 suit
501 2104 703 2163 Thom.
725 2103 766 2162 C
783 2105 1074 2163 acciari
1106 2123 1275 2164 suam
1300 2103 1645 2180 praemissis
1703 2108 1847 2164 sunt
1878 2126 1913 2165 a
1944 2125 1991 2169 s.
2009 2107 2213 2165 Hilaro
2235 2124 2428 2181 usque
2460 2105 2533 2163 ad
2555 2104 2864 2182 Pelagium
2889 2104 2983 2175 IL,

363 2192 534 2267 prius
574 2193 1132 2252 excercitationibus
1178 2194 1241 2252 in
1286 2194 1569 2253 universa
1601 2212 1644 2254 s,
1701 2195 2118 2273 Brunsbergee
2213 2205 2377 2257 1868
2467 2215 2524 2271 p.
2609 2204 2986 2262 126—1743

362 2282 574 2341 Le0nis
605 2283 681 2341 M.
727 2300 904 2357 opera
943 2283 1114 2359 (quas
1143 2282 1360 2357 recipit
1391 2282 1650 2359 Migne‘
1702 2283 1956 2360 Migne
1986 2283 2193 2354 LVIII,
2238 2294 2526 2354 11-31;
2578 2284 2649 2345 cf.
2683 2286 2744 2341 et
2774 2283 2988 2343 Jaffe

362 2371 422 2429 in
457 2389 627 2430 suam
658 2366 749 2434 ed.
779 2371 893 2441 Lv,
934 2366 1375 2451 vsa—1325),
1427 2372 1643 2431 Romae
1699 2373 1746 2447 Ι,
1790 2382 2070 2438 75—77.

372 2469 709 2524 1751—55
744 2463 788 2518 t.
825 2470 859 2523 3
893 2460 958 2518 in
990 2462 1030 2522 f.
1090 2460 1287 2536 Hujus
1324 2466 1523 2519 tamen
1555 2460 1644 2518 di-

360 2550 671 2628 ligentiam
703 2551 1060 2626 superarunt
1079 2549 1294 2609 Pet—rus
1325 2552 1386 2609 et
1404 2550 1643 2614 Hieron.
1795 2560 1938 2614 209.
1970 2551 2117 2627 Ejus
2152 2552 2510 2611 successoris
2545 2570 2592 2612 s.
2623 2550 2983 2628 Simplicii

361 2638 916 2699 Balleriniied.
950 2639 1475 2715 praestantissima,
1523 2658 1642 2714 qua
1698 2641 1892 2716 patria
1907 2641 2208 2700 Tiburtini
2230 2641 2611 2716 pontificatus
2635 2638 2742 2720 (46
2755 2637 2985 2722 8-483)

360 2729 594 2805 integra
640 2728 1051 2797 Quesnelli
1096 2728 1189 2792 ed.
1236 2732 1640 2804 repraesenta·

361 2821 476 2888 tur,
529 2816 833 2876 erroribus
862 2818 1063 2876 tamen
1093 2817 1371 2876 refutatis
1405 2816 1642 2876 multis-

361 2925 474 2981 que
505 2906 946 2966 accessionibus
997 2909 1169 2965 aucta
1213 2909 1275 2965 et
1319 2906 1639 2974 illustrata,

359 2995 620 3054 Venetiis
659 3004 998 3059 1753—-57
1035 2998 1078 3054 t.
1116 3003 1150 3056 3
1187 2996 1250 3053 in
1283 2994 1339 3066 f„
1374 3014 1581 3056 recusa
1609 3015 1643 3053 a

361 3085 610 3163 Migne
658 3086 718 3147 P.
767 3085 829 3143 L.
874 3087 918 3143 t.
964 3083 1325 3143 LIV—Lvl.
1390 3085 1643 3143 Selectos

361 3191 660 3232 sermones
706 3177 768 3232 et
811 3173 1172 3250 insigniores
1205 3173 1483 3248 epistolas
1516 3173 1641 3231 edi-

361 3262 559 3322 dimus
597 3263 757 3322 inter
800 3281 998 3338 opusc.
1046 3262 1132 3321 sel
1166 3280 1241 3321 ss.
1274 3263 1385 3324 ΡΡ.
1417 3266 1461 3321 t.
1494 3262 1641 3320 XIV.

359 3351 531 3411 XXV.
567 3351 766 3410 XXVI.

449 3538 595 3592 208.
628 3529 811 3587 Leoni
832 3529 1111 3588 defuncto
1130 3529 1414 3587 successit
1444 3547 1490 3587 s.
1512 3528 1568 3586 H
1583 3528 1640 3586 i-

273 3637 278 3642 ·
358 3618 573 3677 larus
621 3618 990 3677 calaritanus
1041 3618 1106 3677 in
1138 3617 1404 3677 Sardinia
1451 3616 1640 3676 archi·

359 3707 642 3767 diaconus
673 3717 770 3772 19.
802 3708 953 3766 Nov.
991 3717 1136 3776 461,
1178 3707 1243 3766 in
1273 3706 1639 3783 gravissimis

357 3796 656 3855 Ecclesiae
687 3796 945 3873 negotiis
979 3816 1013 3855 a
1045 3815 1089 3855 e.
1111 3797 1303 3857 Leone
1336 3795 1638 3855 adhibitus

357 3889 417 3944 et
448 3885 670 3944 missus
703 3885 938 3963 legatus
973 3904 1106 3944 cum
1128 3885 1293 3944 Julio
1318 3904 1407 3960 ep.
1428 3886 1640 3961 puteo-

355 3973 489 4042 lano
541 3977 603 4032 et
650 3974 998 4049 presbytero
1044 3974 1269 4033 Renato
1317 3973 1635 4050 Ephesum,

355 4065 425 4122 ut
455 4063 701 4122 concilio
732 4063 858 4122 vice
878 4063 1070 4140 ipsius
1088 4063 1426 4127 interesset.
1460 4063 1542 4132 ,J
1545 4081 1640 4120 am

353 4151 439 4210 ibi
488 4155 611 4211 tam
662 4153 876 4211 acriter
926 4152 1203 4211 Dioscoro
1258 4151 1503 4222 restitit,
1569 4154 1640 4210 ut

355 4240 654 4300 custodiae
672 4241 826 4299 tradi
847 4243 1114 4311 mereret,
1148 4259 1257 4299 nec
1289 4240 1409 4298 nisi
1430 4241 1637 4298 mortis

434 4432 469 4500 ¹)
497 4429 578 4483 De
605 4428 780 4483 variis
805 4428 1159 4483 editionibus
1185 4429 1256 4482 cf.
1285 4427 1321 4482 S
1339 4445 1368 4482 c
1384 4429 1422 4482 h
1441 4445 1473 4483 o
1491 4444 1520 4482 e
1537 4445 1637 4482 ne·

353 4518 406 4553 m
424 4517 459 4553 a
475 4518 513 4553 n
530 4519 568 4553 n
595 4501 666 4565 11,
693 4506 977 4558 886—960
1017 4501 1192 4574 (apud
1221 4500 1278 4552 M
1295 4499 1315 4552 i
1332 4518 1419 4570 gn
1437 4516 1465 4552 e
1494 4498 1638 4565 LIV,

355 4575 670 4643 49—114.);
696 4572 765 4625 de
793 4572 915 4640 ejus
941 4588 1028 4643 ep.
1056 4571 1188 4625 diss.
1211 4573 1443 4625 auctore
1472 4572 1524 4625 N
1541 4588 1574 4625 0
1591 4588 1638 4624 s·

353 4641 498 4696 titz
541 4642 676 4697 hist.
703 4642 900 4696 Jahrb.
932 4648 1087 4699 1897.
1112 4642 1314 4706 XVIII,
1356 4645 1639 4700 117—133

354 4717 411 4766 et
435 4713 704 4769 Zeitschr.
732 4715 825 4767 fiir
849 4714 904 4767 k.
933 4713 1129 4769 Theol.
1161 4717 1297 4770 1897
1323 4714 1469 4778 XXI,
1496 4720 1635 4774 1-50;

352 4785 559 4839 Jaffe
591 4786 629 4852 1,
659 4787 888 4842 58-75,

1698 2730 1913 2788 incidit
1962 2730 2026 2788 in
2076 2734 2344 2806 tempora
2401 2730 2720 2789 admodum
2768 2729 2982 2788 turbu-

1698 2819 1862 2877 lenta
1895 2822 2022 2877 tum
2055 2819 2117 2878 in
2148 2820 2353 2877 ordine
2386 2819 2632 2894 politico
2665 2822 2794 2876 tum
2827 2820 2888 2876 et
2919 2818 2983 2876 in

1698 2907 2108 2978 ecclesiastico,
2145 2926 2279 2966 cum
2300 2907 2851 2983 Monophysitarum
2886 2924 2982 2964 co-

1699 2996 1945 3073 ryphaei
1984 2996 2337 3055 invaderent
2383 2996 2479 3054 vel
2524 3014 2728 3054 eorum
2772 2995 2985 3053 saltem

1699 3085 1959 3144 fautores
1977 3087 2334 3161 occuparent
2349 3085 2518 3143 sedes
2537 3084 2795 3143 Orientis
2817 3084 2981 3160 prin-

1698 3174 1861 3249 cipes
1909 3174 2340 3243 Alexandriam,
2406 3173 2982 3247 Constantinopolim

1697 3266 1759 3322 et
1789 3263 2193 3322 Antiochiam:
2244 3262 2465 3337 quibus
2510 3262 2614 3320 ille
2646 3264 2890 3320 strenue
2922 3265 2984 3321 et

1697 3352 1991 3428 intrepide
2041 3351 2283 3411 restitit.
2367 3352 2704 3427 Supersunt
2754 3350 2980 3409 sollici-

1698 3441 1930 3500 tudinis
1977 3459 2120 3500 suae
2165 3440 2518 3516 apostolicae
2568 3459 2675 3516 pro
2723 3439 2838 3498 fide
2886 3442 2983 3499 vel

1696 3531 1855 3589 bono
1888 3530 2182 3589 Ecclesiae
2228 3529 2519 3607 regimine
2559 3531 2827 3605 epistolae
2858 3530 2990 3588 XX

1696 3620 1856 3694 apud
1897 3619 2118 3678 Thiel
2166 3638 2259 3695 op.
2308 3619 2400 3682 cil.
2447 3639 2503 3695 p.
2543 3627 2887 3683 175—-220
2922 3621 2983 3677 et

1697 3708 1951 3785 Migne
1983 3709 2046 3772 P.
2079 3708 2141 3766 L.
2174 3708 2377 3774 LVIII,
2434 3717 2727 3779 35—62;
2773 3707 2982 3765 Jaffe

1695 3795 1741 3868 Ι,
1800 3806 2079 3860 77-80.
2129 3831 2216 3841 -
2263 3797 2386 3855 Nec
2435 3797 2818 3872 tranquillior
2865 3797 2982 3854 fuit

1695 3885 1986 3945 Ecclesiae
2049 3888 2242 3944 status
2307 3887 2419 3944 sub
2483 3905 2528 3949 s,
2592 3886 2848 3944 Felice
2906 3885 2980 3947 11.

1700 3972 1898 4058 (juxta
1948 3974 2095 4033 alios
2146 3970 2279 4056 111.)
2344 3975 2536 4051 patria
2584 3976 2844 4033 Romano
2893 3969 2980 4055 (6.

1697 4065 1868 4122 Mart.
1890 4072 2146 4127 483-——2
2160 4073 2213 4126 3.
2241 4064 2408 4121 Febr.
2433 4058 2588 4145 492)
2621 4063 2695 4122 ob
2727 4062 2981 4122 nefanda

1698 4153 1896 4212 Acacii
1933 4171 2025 4228 ep.
2072 4152 2706 4226 constantinopolitani
2740 4151 2977 4221 scelera,

1694 4243 1939 4318 propter
1967 4260 2119 4317 quae
2150 4240 2416 4316 pontifex
2450 4241 2647 4315 ipsum
2694 4240 2767 4297 ad
2801 4257 2978 4297 suum

1697 4330 1907 4389 citavit
1936 4330 2202 4389 tribunal
2237 4333 2298 4388 et
2340 4328 2750 4388 refractarium
2786 4346 2977 4386 sacer-

1696 4420 1884 4479 dotali
1931 4419 2223 4496 dignitate
2273 4437 2339 4477 ac
2384 4418 2776 4477 ecclesiastica
2821 4435 2978 4476 com-

1697 4509 1980 4568 munione
2011 4508 2270 4585 privavit
2304 4504 2523 4591 (484):
2574 4506 2734 4565 unde
2779 4508 2977 4564 ortum

1779 4717 1813 4786 ¹)
1843 4714 1925 4769 Cf.
1954 4714 2175 4768 Thiel
2203 4713 2263 4767 in
2291 4713 2411 4767 vita
2480 4712 2747 4766 memissa
2774 4711 2861 4764 ed.
2888 4728 2976 4782 ep.

1698 4805 1752 4855 p.
1788 4793 1916 4842 126:
1958 4785 2340 4855 Fechtrup
2368 4785 2416 4837 K
2469 4826 2479 4837 .
2510 4786 2577 4849 V,
2606 4791 2976 4840 2052—2056.
