3505 5161
204 4777 207 4778 ⁷
228 4783 271 4828 Ἃ

488 223 515 273 1
538 221 611 273 19
1418 206 1717 257 326—400.
1747 200 1800 251 S.
1830 199 2193 253 Athanasius.
2982 219 3099 273 120

483 388 861 447 amanuensis
914 387 1031 446 fuit
1081 390 1144 445 et
1192 408 1224 445 a
1275 386 1557 445 consiliis.
1623 386 1769 444 Cum
1826 386 2125 458 exceptus
2173 383 2356 443 Exsul
2388 384 2530 443 licet
2559 404 2680 445 non
2699 385 2936 445 destitit
2963 405 3104 445 suae

485 495 626 535 vero
659 477 813 535 circa
856 495 925 534 ea
971 479 1236 551 tempora
1267 476 1445 535 Arius
1476 473 1771 551 coepisset
1825 472 2023 549 gregis
2055 490 2229 549 agere
2261 491 2460 532 curam
2509 473 2699 533 literis
2744 475 2818 532 ad
2851 475 3104 533 Alexan-

485 585 730 625 suorum
776 583 1041 624 errorum
1089 567 1293 623 contra
1323 565 1502 623 Verbi
1551 561 1769 621 divini-

484 657 669 713 tatem
703 654 869 713 virus
903 672 1200 730 spargere,
1234 654 1508 730 episcopo
1542 670 1669 723 suo,
1704 651 1769 709 in

478 743 677 802 tutela
727 742 863 801 fidei
916 743 1274 802 orthodoxae
1329 743 1522 820 vigili,
1575 741 1769 800 fidelis

480 832 603 890 fuit
632 832 872 908 adjutor
904 851 1159 907 eumque
1190 832 1509 890 comitatus
1558 834 1652 890 est
1695 829 1770 888 ad

488 920 782 997 synodum
814 921 1137 992 nicaenam,
1185 921 1247 979 in
1292 940 1411 997 qua
1456 921 1599 980 licet
1642 918 1771 976 dia-

484 1027 672 1068 conus
722 1012 963 1068 tantum
1024 1010 1183 1068 inter
1244 1012 1441 1086 patres
1506 1007 1769 1069 emicuit.

1826 561 2029 620 drinos
2079 560 2254 632 datis,
2308 562 2413 636 qui
2467 562 2520 621 ei
2571 563 2826 624 fideliter
2875 582 3107 640 semper

1826 650 2239 708 adhaeserunt.
2278 651 2536 710 Tandem
2567 655 2885 728 postquam
2919 653 3105 728 maxie

1827 758 1925 798 ma
1985 757 2091 815 pro
2154 739 2421 798 doctrina
2480 740 2770 800 catholica
2820 741 3108 801 servanda

1826 828 2080 904 pertulit
2109 828 2374 903 pericula
2421 832 2484 887 et
2530 849 2579 889 a.
2631 838 2710 892 46
2765 831 2829 889 in
2876 850 3107 890 summa

1827 923 2166 994 temporum
2226 918 2514 977 varietate
2574 918 2872 978 ecclesiam
2936 938 3106 978 suam

1829 1006 2200 1065 sanctissime
2221 1008 2393 1079 rexit,
2415 1008 2808 1067 Alexandriae
2827 1010 3103 1067 mortuus

490 1098 779 1157 Defuncto
812 1118 860 1156 a.
889 1107 1011 1161 328
1050 1093 1249 1180 (juxta
1278 1099 1427 1157 alios
1453 1099 1579 1174 jam
1611 1090 1766 1177 326)
1828 1099 1920 1153 est
1950 1095 2014 1153 in
2045 1112 2186 1170 pace
2217 1113 2392 1154 senex
2435 1098 2850 1173 octogenarius
2885 1108 2943 1160 2.
2969 1098 3105 1173 Maj.

491 1187 823 1246 Alexandro
838 1182 887 1268 ¹)
907 1187 1082 1245 datus
1100 1191 1194 1246 est
1207 1189 1262 1246 ei
1280 1188 1547 1246 unanimi
1562 1186 1772 1264 populi
1832 1195 1866 1246 3
1879 1194 1908 1246 7
1922 1195 1976 1247 3.

487 1293 783 1335 consensu
848 1276 1207 1335 Athanasius
1282 1294 1601 1335 successor.
1682 1274 1771 1333 Ob

493 1383 661 1423 suam
692 1365 756 1423 in
788 1365 1011 1424 tuenda
1043 1365 1158 1423 fide
1177 1366 1421 1424 nicaena
1438 1364 1774 1425 constantia

1920 1371 2020 1425 62.
2069 1361 2335 1421 Plurima
2394 1362 2643 1438 reliquit
2704 1382 2883 1439 opera
2931 1364 3107 1439 plane

480 1454 714 1530 jugiter
732 1454 968 1512 insidiis
989 1456 1051 1512 et
1076 1454 1393 1513 calumniis
1413 1455 1773 1513 Arianorum
1828 1450 2084 1527 egregia,
2103 1469 2254 1525 quae
2270 1452 2388 1511 sere
2407 1452 2470 1509 in
2485 1452 2686 1511 ariana
2700 1452 3109 1528 impugnanda

490 1544 789 1618 expetitus
840 1543 989 1613 fuit,
1041 1562 1162 1603 non
1213 1544 1397 1602 semel
1447 1543 1771 1619 depositus,
1827 1539 2053 1598 haeresi
2083 1543 2413 1603 versantur.
2477 1541 2611 1600 Huc
2657 1545 2930 1617 spectant
2967 1560 3107 1617 pro·

491 1631 812 1707 quinquies
844 1632 981 1691 sede
1028 1633 1243 1708 pulsus
1281 1632 1608 1709 ,profugus
1639 1634 1770 1690 toto
1829 1629 1978 1687 lixae
2043 1628 2345 1688 Orationes
2405 1629 2510 1687 IV
2561 1638 2762 1688 contra
2824 1631 3106 1700 Arianos,

489 1721 631 1779 orbe
664 1723 832 1780 actus
865 1723 974 1792 est,
1021 1738 1130 1779 nec
1176 1722 1339 1780 ullus
1387 1721 1440 1779 ei
1487 1723 1660 1779 tutus
1699 1720 1774 1778 ad
1828 1735 1981 1793 quae
2013 1717 2249 1793 plenam
2268 1717 2587 1778 Arianismi
2608 1719 2917 1778 continent
2947 1719 3107 1777 refu-

487 1809 801 1868 latendum
822 1812 1131 1884 supererat
1162 1807 1469 1889 locus²)‘;
1505 1829 1644 1868 nam
1675 1810 1772 1868 vel
1827 1806 2142 1877 tationem,
2203 1826 2272 1865 ex
2323 1826 2441 1882 qua
2489 1808 2680 1867 veluti
2731 1827 2799 1866 ex
2849 1808 3016 1866 fonte
3060 1826 3109 1870 s.

490 1898 554 1956 in
599 1901 803 1975 crypta
848 1898 1098 1957 latuisse
1144 1898 1503 1974 sepulchrali
1533 1897 1773 1956 dicitur.
1831 1895 2180 1971 Gregorium
2199 1915 2324 1956 naz.
2360 1900 2421 1954 et
2453 1915 2496 1955 s.
2515 1897 2805 1955 Basilium
2826 1897 3108 1972 pulchros

487 1988 558 2045 In
605 1989 796 2063 primo
831 1986 1042 2045 exsilio
1073 1987 1332 2046 Treviris
1367 1983 1772 2069 (3:35—337)
1830 1983 1967 2042 illos
1999 1987 2062 2042 et
2093 1984 2421 2060 pellucidos
2440 2005 2682 2044 suarum
2713 1997 2919 2044 contra
2949 1986 3109 2044 hunc

490 2079 757 2134 versatus
790 2079 899 2143 est,
952 2075 1057 2134 ubi
1104 2098 1137 2134 a
1181 2096 1224 2134 s.
1258 2075 1575 2134 Maximino
1608 2076 1773 2134 illius
1832 2091 2088 2131 errorem
2152 2074 2487 2132 orationum
2564 2074 2775 2133 fluvios
2838 2074 3109 2133 hausisse

483 2164 750 2222 civitatis
784 2159 1117 2245 episcop03)
1166 2166 1612 2241 perhumaniter
1656 2165 1776 2223 fuit
1829 2164 1983 2220 recte
2036 2162 2242 2220 asserit
2273 2163 2602 2221 Photius
2648 2163 2772 2221 cod.
2814 2172 2953 2233 140,
3002 2164 3110 2238 qui

496 2406 573 2462 V..
590 2402 1196 2460 Londiui188221893
1218 2404 1305 2457 ed.
1333 2404 1379 2457 R
1397 2421 1428 2457 o
1449 2406 1482 2458 b
1499 2421 1528 2458 e
1548 2422 1573 2456 r
1590 2408 1697 2458 tso
1714 2422 1772 2456 n.

488 2474 572 2526 Cf.
601 2472 782 2526 Hoss
829 2473 1072 2528 Studien
1118 2475 1256 2528 iiber
1299 2475 1399 2528 das
1428 2474 1773 2528 Schrifttum

488 2544 606 2597 und
653 2543 745 2598 die
786 2544 1095 2615 Theologie
1135 2546 1231 2600 des
1279 2545 1627 2602 Athanasius
1673 2547 1780 2599 auf

488 2616 687 2669 Grund
716 2616 871 2669 einer
893 2617 1632 2688 Echtheitsuntersuchung
1658 2635 1770 2671 von

488 2690 556 2741 A.
582 2691 779 2741 contra
808 2692 1007 2758 gentes
1034 2690 1153 2743 und
1175 2690 1245 2743 (le
1273 2689 1688 2751 incarnatione,
1716 2692 1776 2742 et

486 2759 522 2812 S
540 2763 615 2811 tii
632 2759 650 2812 l
669 2759 748 2811 ck
764 2776 793 2810 e
813 2778 847 2811 ιι
877 2761 1273 2814 Athanasiana
1290 2761 1351 2814 in
1370 2761 1542 2815 Texte
1571 2761 1687 2828 und
1706 2760 1774 2813 U.

488 2828 722 2900 Leipzig
744 2836 879 2887 1899
897 2831 964 2884 N.
985 2832 1042 2895 F,
1062 2831 1155 2887 IV.
1170 2831 1303 2888 fasc.
1324 2832 1435 2896 IV„
1452 2832 1554 2900 qui
1574 2835 1772 2885 contra

489 2899 535 2953 D
552 2919 581 2954 r
598 2908 630 2954 a
647 2919 671 2954 s
688 2918 716 2954 e
736 2900 771 2954 k
789 2918 818 2954 e
846 2918 1041 2957 carum
1066 2902 1489 2973 genuinitatem
1517 2906 1772 2956 tuentur.

567 2976 601 3034 ¹)
633 2972 872 3025 Exstant
896 2974 1071 3043 hujus
1099 2974 1315 3045 egregii
1358 2974 1641 3044 praesulis
1667 2979 1774 3043 epi-

483 3047 647 3098 stolae
698 3047 923 3098 tantum
969 3047 1133 3110 (luae,
1178 3062 1243 3098 ex
1292 3046 1576 3116 plurimis,
1624 3062 1773 3113 quae

490 3114 800 3184 perierunt,
843 3133 959 3171 una
1002 3117 1075 3170 ad
1121 3116 1521 3187 cognominem
1563 3117 1775 3187 episco-

512 3205 631 3240 ›um
660 3186 783 3250 GP„
808 3188 989 3242 altera
1028 3188 1100 3241 ad
1143 3187 1438 3258 episcopos
1479 3188 1776 3241 universos

533 3275 561 3310 e
592 3257 713 3310 Arii
741 3257 1043 3320 erroribus,
1072 3275 1216 3325 quas
1254 3276 1382 3312 cum
1430 3276 1686 3312 sermone
1712 3263 1777 3312 cle

491 3334 680 3381 anima
705 3338 751 3382 et
776 3347 998 3397 corpore
1023 3330 1207 3396 deque
1255 3329 1517 3400 passione
1544 3329 1776 3384 Domini

490 3402 551 3450 et
577 3398 804 3465 aliquot
841 3399 1180 3470 fragmentis
1213 3401 1459 3455 alioruin
1501 3400 1776 3455 librorum

491 3470 562 3522 cf.
590 3470 745 3538 apud
774 3469 866 3522 Mi
939 3489 976 3523 n
995 3488 1025 3524 e
1066 3471 1124 3530 P,
1154 3471 1218 3524 G.
1246 3471 1445 3534 XVIII,
1476 3476 1776 3528 ,ΞΠ-108.

496 3540 618 3609 lpse
647 3541 768 3608 jam
796 3540 850 3599 b,
939 3541 1118 3595 ariam
1148 3542 1213 3598 V.
1258 3545 1503 3597 θεοτὸκον
1548 3545 1776 3598 salutat.

491 3610 701 3664 Statim
742 3628 800 3664 se
840 3611 965 3664 Arii
1010 3613 1294 3666 erroribus
1340 3614 1628 3683 opposuit,
1671 3615 1776 3666 fre·

493 3699 673 3749 quens
699 3685 899 3736 contra
925 3700 1056 3736 eum
1082 3684 1261 3738 totius
1292 3685 1544 3755 Aegypti
1573 3702 1777 3740 convo·

491 3752 647 3808 cavit
689 3753 995 3807 concilium
1044 3761 1145 3810 100
1196 3757 1309 3809 fere
1355 3756 1774 3827 episcoporum,

494 3823 695 3877 Arium
707 3826 1406 3894 excommunicavitatque
1428 3827 1775 3881 Alexandria

491 3894 716 3965 expulit
781 3895 982 3952 ericuli
1008 3897 1350 3968 gravitatem
1395 3916 1520 3952 mox
1563 3916 1690 3970 pers
1700 3899 1776 3968 pi-

490 3982 661 4025 ciens
686 3916 1209 4025 CgRauschKL.
1233 3971 1775 4033 I‚493:Harnack

493 4039 534 4094 Ι.
563 4043 875 4098 449-451;
904 4039 1193 4109 Kriiger
1219 4051 1246 4104 ,ε
1273 4047 1357 4096 69.

567 4115 605 4172 ²)
638 4109 720 4162 lta
748 4110 1220 4180 Martyrologium
1261 4130 1398 4166 rom.
1440 4111 1512 4164 ad
1542 4120 1588 4166 2.
1616 4110 1775 4180 MaJ‘i.

566 4183 607 4252 ⁸)
635 4181 688 4233 S.
718 4181 773 4233 M
789 4199 819 4234 a
840 4199 873 4233 x
891 4182 910 4234 i
928 4182 1074 4235 min
1094 4202 1128 4235 ιι
1147 4200 1172 4235 s
1199 4182 1430 4236 natione
1447 4183 1563 4235 fuit
1577 4181 1774 4236 Gallus

490 4255 551 4304 et
575 4253 785 4322 electus
826 4256 912 4305 est
951 4253 1251 4324 episcopus
1294 4252 1621 4307 trevirensis
1649 4271 1693 4306 c.
1722 4270 1773 4306 a.

493 4327 612 4378 3:32.
641 4323 870 4377 Arianis
900 4324 1122 4377 fortiter
1141 4324 1369 4378 restitit.
1399 4325 1774 4379 Solicitudine

1828 2254 2131 2325 praeterea
2180 2269 2384 2309 earum
2417 2252 2751 2311 orationum
2782 2252 2987 2310 laudat
3019 2252 3108 2310 di-

1828 2340 2083 2397 ctionem
2113 2341 2501 2416 perspicuam,
2556 2340 2812 2400 sobriam
2857 2341 3003 2399 item
3047 2344 3112 2399 et

1827 2428 2159 2498 candidam,
2209 2429 2614 2489 vehementem
2647 2433 2829 2505 atque
2860 2430 3109 2505 profun-

1829 2517 1984 2587 dam,
2051 2518 2403 2595 argumenta
2463 2519 2656 2577 valide
2708 2520 3108 2595 torquentem,

1828 2606 2166 2665 ubertatem
2199 2625 2265 2666 ac
2302 2607 2726 2667 fecunditatem
2761 2627 2900 2667 sane
2930 2609 3110 2666 mira-

1829 2695 2025 2765 bilem,
2077 2696 2219 2754 adeo
2271 2701 2341 2755 ut
2389 2697 2462 2756 ad
2518 2697 2922 2755 Arianismum
2970 2698 3110 2756 uni·

1829 2802 2070 2843 versum
2118 2784 2505 2844 refellendum
2554 2786 2730 2862 plane
2791 2785 3110 2844 sufficiant.

1830 2873 1944 2931 Sed
1988 2874 2243 2932 aliorum
2286 2875 2464 2932 etiam
2512 2874 2958 2946 haereticorum,
3005 2875 3113 2950 qui

1828 2962 1982 3020 circa
2049 2962 2346 3021 Christum
2423 2964 2741 3022 Dominum
2815 2971 3110 3033 errarunt,

1830 3184 2030 3238 habito
2058 3202 2187 3238 cum
2214 3184 2372 3238 Julio
2401 3185 2442 3250 Ι,
2484 3185 2656 3240 Hosio
2697 3185 2941 3254 aliisque
2969 3186 3112 3256 epis-

1831 3255 1987 3325 copis
2001 3255 2332 3309 orthodoxis
2348 3257 2903 3313 excommunicatum
2918 3258 3113 3310 fuisse.

1831 3327 1994 3379 Obiit
2022 3334 2102 3381 12.
2131 3326 2286 3396 Sept.
2315 3331 2438 3385 349.
2464 3329 2641 3382 Juxta
2664 3346 2706 3381 s.
2729 3329 3112 3382 Athanasium

1831 3414 1920 3467 ep.
1947 3398 2019 3451 ad
2048 3398 2299 3468 Aegypti
2326 3399 2498 3468 episc.
2523 3419 2580 3452 ιι.
2609 3409 2643 3455 8
2683 3400 2852 3453 fidem
2877 3399 3114 3454 catholi-

1831 3485 1950 3523 cam
1973 3468 2202 3523 videtur
2219 3473 2278 3524 et
2294 3470 2520 3540 scriptis
2537 3487 2947 3541 propugnasse,
2965 3488 3113 3538 quae

1832 3543 2024 3594 tamen
2070 3539 2379 3609 perierunt.
2436 3542 2517 3595 Cf.
2559 3541 2704 3594 Hist.
2747 3541 2896 3596 liter.
2943 3551 2965 3598 1
2997 3561 3051 3612 p.
3082 3550 3114 3596 2

1832 3628 1962 3681 pag.
1996 3620 2095 3666 110
2121 3629 2191 3664 ss.
2220 3611 2406 3681 Hujus
2432 3612 2494 3665 in
2522 3613 2651 3666 sede
2674 3612 2974 3666 trevirensi
2993 3630 3116 3667 suc-

1831 3699 2017 3735 cessor
2040 3682 2155 3736 fuit
2181 3701 2221 3736 s.
2267 3683 2307 3735 P
2324 3700 2356 3736 a
2374 3703 2412 3737 u
2430 3685 2450 3737 l
2470 3685 2487 3738 i
2506 3703 2542 3736 u
2561 3703 2597 3736 u
2616 3702 2659 3749 s,
2700 3685 2821 3753 ejus
2862 3683 3116 3738 concivis

1830 3756 1889 3807 et
1914 3755 2067 3809 filius
2108 3754 2443 3823 spiritualis.
2495 3755 2602 3809 Hic
2642 3755 2783 3809 adeo
2823 3754 3116 3825 intrepide

1832 3826 1994 3879 stetit
2031 3825 2094 3879 in
2135 3843 2288 3882 conc.
2330 3825 2636 3883 arelatensi
2665 3830 2960 3908 praesente
2987 3826 3116 3896 ipso

1831 3895 2176 3966 imperatore
2203 3900 2349 3968 (353)
2379 3898 2715 3951 Constantio
2751 3916 2853 3967 pro
2882 3898 2991 3950 fide
3033 3896 3117 3949 ni·

1832 3984 2005 4021 caena
2056 3971 2113 4021 et
2138 3984 2180 4019 s.
2210 3969 2542 4031 Athana-sim
2595 3971 2662 4022 ut
2712 3968 2784 4020 ab
2831 3968 3117 4039 episcopis

1829 4038 2042 4092 arianis
2069 4039 2455 4107 deponeretur
2497 4043 2554 4093 et
2580 4042 2653 4094 ab
2681 4040 3024 4109 imperatore
3053 4039 3116 4092 in

1829 4110 2096 4166 exsilium
2141 4111 2202 4163 in
2248 4115 2559 4164 extremam
2605 4111 2916 4179 pelleretur
2941 4111 3118 4179 Phry-

1830 4182 2003 4251 giam,
2032 4180 2134 4235 ubi
2175 4186 2306 4251 post
2345 4182 2813 4250 quinquennium
2855 4184 3119 4237 mortuus

1830 4256 1916 4305 est
1941 4270 1992 4306 a.
2020 4259 2125 4308 359
2152 4254 2439 4306 confessor
2464 4253 2749 4322 gloriosus
2777 4272 2880 4324 pro
2903 4253 3012 4308 fide
3033 4273 3119 4308 or-

1831 4324 2098 4377 thodoxa.
2152 4323 2314 4377 Teste
2361 4342 2402 4378 s.
2449 4326 2492 4375 A
2515 4325 2590 4378 th
2607 4341 2641 4377 a
2658 4343 2696 4377 n
2712 4342 2745 4378 a
2762 4325 2873 4378 sio
2918 4325 2981 4379 in
3027 4343 3118 4395 ep.

491 4410 594 4446 sua
621 4393 789 4454 cavit,
819 4411 887 4447 ne
916 4395 1193 4448 Constans
1218 4397 1354 4465 imp.
1372 4395 1606 4450 illorum
1623 4396 1774 4449 frau-
1829 4395 1901 4447 ad
1929 4394 2227 4465 episcopos
2249 4395 2500 4464 Aegypti
2523 4395 2694 4449 etiam
2717 4398 2937 4451 calamo
2954 4397 3119 4451 stetit

489 4463 660 4518 (libus
682 4465 1203 4520 circumveniretur.
1234 4467 1505 4521 Interfuit
1529 4467 1772 4521 concilio

492 4535 906 4590 mediolanensi
921 4553 971 4589 a.
989 4545 1110 4600 343,
1127 4541 1301 4606 atque
1314 4556 1382 4592 cu
1392 4558 1443 4592 m
1459 4537 1774 4592 Athanasio

1830 4484 1932 4536 pro
1960 4466 2220 4520 doctrina
2247 4441 2530 4521 catholica
2557 4467 2828 4520 adversus
2855 4464 3118 4522 Arianos.

1831 4536 1913 4591 Of.
1942 4537 2088 4591 Hist.
2117 4537 2204 4589 lit.
2233 4538 2270 4591 l.
2297 4555 2342 4590 c.
2373 4555 2505 4608 pag.
2539 4547 2815 4594 121-24:
2866 4538 2962 4592 De
3005 4540 3121 4594 Lo·

494 4605 891 4676 imperatorem
933 4607 1182 4672 induxit,
1230 4612 1296 4662 ut
1334 4610 1618 4677 synodum
1645 4626 1772 4664 con·
1829 4625 1903 4662 re
1923 4608 2040 4661 nzi
2069 4609 2181 4665 KL.
2211 4609 2303 4672 lx,
2330 4615 2710 4665 1658-1662:
2739 4610 2906 4664 Diel
2934 4610 3121 4665 Derh.

492 4681 720 4731 vocaret
757 4679 1149 4736 sardicensem.
1196 4680 1357 4734 Nihil
1388 4680 1614 4742 mirum,
1642 4698 1774 4734 eum

490 4748 563 4800 ab
592 4749 936 4803 Arianorum
964 4752 1349 4806 conciliabulo
1381 4750 1775 4821 philippopoli

1833 4680 2179 4734 Maximinus
2207 4680 2326 4733 und
2354 4680 2455 4734 der
2480 4681 2535 4736 h.
2566 4681 2844 4734 Paulinus
2873 4682 2933 4735 B.
2965 4700 3016 4735 v.
3038 4682 3122 4742 T..

1831 4751 1992 4804 Trier
2027 4755 2177 4807 1875.
