<?xml version="1.0" encoding="UTF-8"?>
<!DOCTYPE html PUBLIC "-//W3C//DTD XHTML 1.0 Transitional//EN"
    "http://www.w3.org/TR/xhtml1/DTD/xhtml1-transitional.dtd">
<html xmlns="http://www.w3.org/1999/xhtml" xml:lang="en" lang="en">
 <head>
  <title>
</title>
<meta http-equiv="Content-Type" content="text/html;charset=utf-8" />
  <meta name='ocr-system' content='tesseract 3.04.00' />
  <meta name='ocr-capabilities' content='ocr_page ocr_carea ocr_par ocr_line ocrx_word'/>
</head>
<body>
  <div class='ocr_page' id='page_1' title='image "./nomenclatorlite09hurtgoog_0306.png"; bbox 0 0 3505 5161; ppageno 0'>
   <div class='ocr_carea' id='block_1_1' title="bbox 454 186 574 238">
    <p class='ocr_par' dir='ltr' id='par_1_1' title="bbox 454 186 574 238">
     <span class='ocr_line' id='line_1_1' title="bbox 454 186 574 238; baseline 0.008 -1"><span class='ocrx_word' id='word_1_1' title='bbox 454 186 574 238; x_wconf 75' lang='lat'><strong>571</strong></span> 
     </span>
    </p>
   </div>
   <div class='ocr_carea' id='block_1_2' title="bbox 923 159 2611 234">
    <p class='ocr_par' dir='ltr' id='par_1_2' title="bbox 923 159 2611 234">
     <span class='ocr_line' id='line_1_2' title="bbox 923 159 2611 234; baseline -0.005 -13"><span class='ocrx_word' id='word_1_2' title='bbox 923 168 1217 221; x_wconf 85' lang='grc'><strong>601--636,</strong></span> <span class='ocrx_word' id='word_1_3' title='bbox 1248 162 1563 233; x_wconf 85' lang='lat' dir='ltr'><strong>Theologia</strong></span> <span class='ocrx_word' id='word_1_4' title='bbox 1589 164 1702 234; x_wconf 88' lang='lat' dir='ltr'><strong>pol.</strong></span> <span class='ocrx_word' id='word_1_5' title='bbox 1730 162 2000 226; x_wconf 77' lang='lat' dir='ltr'>Isidorus,</span> <span class='ocrx_word' id='word_1_6' title='bbox 2026 161 2286 225; x_wconf 84' lang='lat' dir='ltr'><strong>Severus,</strong></span> <span class='ocrx_word' id='word_1_7' title='bbox 2313 159 2611 225; x_wconf 84' lang='lat' dir='ltr'><strong>Eusebius,</strong></span> 
     </span>
    </p>
   </div>
   <div class='ocr_carea' id='block_1_3' title="bbox 2950 176 3072 232">
    <p class='ocr_par' dir='ltr' id='par_1_3' title="bbox 2950 176 3072 232">
     <span class='ocr_line' id='line_1_3' title="bbox 2950 176 3072 232; baseline 0 -1"><span class='ocrx_word' id='word_1_8' title='bbox 2950 176 3072 232; x_wconf 84' lang='lat'><strong>572</strong></span> 
     </span>
    </p>
   </div>
   <div class='ocr_carea' id='block_1_4' title="bbox 456 346 3078 424">
    <p class='ocr_par' dir='ltr' id='par_1_4' title="bbox 456 346 3078 424">
     <span class='ocr_line' id='line_1_4' title="bbox 456 346 3078 424; baseline -0.003 -12"><span class='ocrx_word' id='word_1_9' title='bbox 456 354 577 413; x_wconf 83' lang='lat' dir='ltr'><strong>leni</strong></span> <span class='ocrx_word' id='word_1_10' title='bbox 609 354 767 413; x_wconf 89' lang='lat' dir='ltr'><strong>hunc</strong></span> <span class='ocrx_word' id='word_1_11' title='bbox 799 351 1195 412; x_wconf 76' lang='lat' dir='ltr'><strong>moderamine</strong></span> <span class='ocrx_word' id='word_1_12' title='bbox 1240 350 1597 421; x_wconf 87' lang='lat' dir='ltr'><strong>consolatur,</strong></span> <span class='ocrx_word' id='word_1_13' title='bbox 1645 353 1736 408; x_wconf 89' lang='lat' dir='ltr'><strong>at-</strong></span> <span class='ocrx_word' id='word_1_14' title='bbox 1794 351 2164 419; x_wconf 90' lang='lat' dir='ltr'><strong>tribuuntnr,</strong></span> <span class='ocrx_word' id='word_1_15' title='bbox 2200 367 2352 424; x_wconf 89' lang='lat' dir='ltr'><strong>quae</strong></span> <span class='ocrx_word' id='word_1_16' title='bbox 2384 366 2503 407; x_wconf 90' lang='lat' dir='ltr'><strong>non</strong></span> <span class='ocrx_word' id='word_1_17' title='bbox 2519 352 2665 408; x_wconf 88' lang='lat' dir='ltr'><strong>sunt</strong></span> <span class='ocrx_word' id='word_1_18' title='bbox 2694 346 2972 424; x_wconf 85' lang='lat' dir='ltr'><strong>genuina,</strong></span> <span class='ocrx_word' id='word_1_19' title='bbox 3006 349 3078 404; x_wconf 89' lang='lat' dir='ltr'><strong>ut</strong></span> 
     </span>
    </p>
   </div>
   <div class='ocr_carea' id='block_1_5' title="bbox 452 438 1758 3813">
    <p class='ocr_par' dir='ltr' id='par_1_5' title="bbox 452 438 1758 3813">
     <span class='ocr_line' id='line_1_5' title="bbox 452 438 1736 519; baseline -0.005 -16"><span class='ocrx_word' id='word_1_20' title='bbox 452 463 573 519; x_wconf 87' lang='lat' dir='ltr'><strong>que</strong></span> <span class='ocrx_word' id='word_1_21' title='bbox 605 464 639 501; x_wconf 79' lang='lat' dir='ltr'><strong>a</strong></span> <span class='ocrx_word' id='word_1_22' title='bbox 670 444 844 518; x_wconf 87' lang='lat' dir='ltr'><strong>lapsu</strong></span> <span class='ocrx_word' id='word_1_23' title='bbox 871 439 1305 517; x_wconf 76' lang='lat' dir='ltr'><strong>desperationis</strong></span> <span class='ocrx_word' id='word_1_24' title='bbox 1335 438 1408 498; x_wconf 90' lang='lat' dir='ltr'><strong>ad</strong></span> <span class='ocrx_word' id='word_1_25' title='bbox 1440 457 1605 514; x_wconf 89' lang='lat' dir='ltr'><strong>spem</strong></span> <span class='ocrx_word' id='word_1_26' title='bbox 1635 458 1736 498; x_wconf 84' lang='lat' dir='ltr'><strong>ve-</strong></span> 
     </span>
     <span class='ocr_line' id='line_1_6' title="bbox 458 527 1737 606; baseline -0.004 -14"><span class='ocrx_word' id='word_1_27' title='bbox 458 533 590 592; x_wconf 86' lang='lat' dir='ltr'><strong>niae</strong></span> <span class='ocrx_word' id='word_1_28' title='bbox 608 532 907 601; x_wconf 85' lang='lat' dir='ltr'><strong>reformat,</strong></span> <span class='ocrx_word' id='word_1_29' title='bbox 946 541 1007 590; x_wconf 86' lang='lat' dir='ltr'><strong>et</strong></span> <span class='ocrx_word' id='word_1_30' title='bbox 1038 528 1534 606; x_wconf 88' lang='lat' dir='ltr'><strong>quemadmodum</strong></span> <span class='ocrx_word' id='word_1_31' title='bbox 1554 527 1737 605; x_wconf 88' lang='lat' dir='ltr'><strong>tergi·</strong></span> 
     </span>
     <span class='ocr_line' id='line_1_7' title="bbox 460 616 1733 694; baseline -0.005 -13"><span class='ocrx_word' id='word_1_32' title='bbox 460 620 752 681; x_wconf 84' lang='lat' dir='ltr'><strong>versant-is</strong></span> <span class='ocrx_word' id='word_1_33' title='bbox 783 620 992 680; x_wconf 89' lang='lat' dir='ltr'><strong>mundi</strong></span> <span class='ocrx_word' id='word_1_34' title='bbox 1029 620 1265 694; x_wconf 87' lang='lat' dir='ltr'><strong>lapsum</strong></span> <span class='ocrx_word' id='word_1_35' title='bbox 1297 617 1482 676; x_wconf 84' lang='lat' dir='ltr'><strong>evitet</strong></span> <span class='ocrx_word' id='word_1_36' title='bbox 1513 616 1733 676; x_wconf 81' lang='lat' dir='ltr'><strong>formu·</strong></span> 
     </span>
     <span class='ocr_line' id='line_1_8' title="bbox 458 706 1741 787; baseline -0.002 -20"><span class='ocrx_word' id='word_1_37' title='bbox 458 710 696 787; x_wconf 82' lang='lat' dir='ltr'><strong>lamque</strong></span> <span class='ocrx_word' id='word_1_38' title='bbox 727 710 885 769; x_wconf 89' lang='lat' dir='ltr'><strong>vitae</strong></span> <span class='ocrx_word' id='word_1_39' title='bbox 914 706 1248 785; x_wconf 84' lang='lat' dir='ltr'><strong>spiritualis</strong></span> <span class='ocrx_word' id='word_1_40' title='bbox 1268 706 1532 781; x_wconf 89' lang='lat' dir='ltr'><strong>arripiat,</strong></span> <span class='ocrx_word' id='word_1_41' title='bbox 1563 706 1741 765; x_wconf 90' lang='lat' dir='ltr'><strong>mira·</strong></span> 
     </span>
     <span class='ocr_line' id='line_1_9' title="bbox 456 795 1739 870; baseline -0.005 -11"><span class='ocrx_word' id='word_1_42' title='bbox 456 800 663 859; x_wconf 87' lang='lat' dir='ltr'><strong>biliter</strong></span> <span class='ocrx_word' id='word_1_43' title='bbox 711 799 898 860; x_wconf 89' lang='lat' dir='ltr'><strong>docet.</strong></span> <span class='ocrx_word' id='word_1_44' title='bbox 965 795 1191 857; x_wconf 78' lang='lat' dir='ltr'><strong>Deinde</strong></span> <span class='ocrx_word' id='word_1_45' title='bbox 1251 796 1324 855; x_wconf 91' lang='lat' dir='ltr'><strong>ad</strong></span> <span class='ocrx_word' id='word_1_46' title='bbox 1376 795 1739 870; x_wconf 86' lang='lat' dir='ltr'><strong>contempla-</strong></span> 
     </span>
     <span class='ocr_line' id='line_1_10' title="bbox 458 889 1740 960; baseline -0.005 -13"><span class='ocrx_word' id='word_1_47' title='bbox 458 889 644 949; x_wconf 80' lang='lat' dir='ltr'><strong>tionis</strong></span> <span class='ocrx_word' id='word_1_48' title='bbox 676 906 986 948; x_wconf 89' lang='lat' dir='ltr'><strong>ascensum</strong></span> <span class='ocrx_word' id='word_1_49' title='bbox 1019 903 1391 960; x_wconf 81' lang='lat' dir='ltr'><strong>summopere</strong></span> <span class='ocrx_word' id='word_1_50' title='bbox 1435 902 1574 943; x_wconf 89' lang='lat' dir='ltr'><strong>eum</strong></span> <span class='ocrx_word' id='word_1_51' title='bbox 1604 901 1740 959; x_wconf 90' lang='lat' dir='ltr'><strong>pro-</strong></span> 
     </span>
     <span class='ocr_line' id='line_1_11' title="bbox 463 972 1740 1053; baseline -0.005 -17"><span class='ocrx_word' id='word_1_52' title='bbox 463 979 683 1038; x_wconf 87' lang='lat' dir='ltr'><strong>vehens</strong></span> <span class='ocrx_word' id='word_1_53' title='bbox 735 996 923 1053; x_wconf 84' lang='lat' dir='ltr'><strong>usque</strong></span> <span class='ocrx_word' id='word_1_54' title='bbox 983 976 1045 1036; x_wconf 90' lang='lat' dir='ltr'><strong>in</strong></span> <span class='ocrx_word' id='word_1_55' title='bbox 1107 991 1298 1034; x_wconf 86' lang='lat' dir='ltr'><strong>arcem</strong></span> <span class='ocrx_word' id='word_1_56' title='bbox 1360 972 1740 1050; x_wconf 86' lang='lat' dir='ltr'><strong>perfectionis</strong></span> 
     </span>
     <span class='ocr_line' id='line_1_12' title="bbox 458 1057 1742 1147; baseline -0.005 -21"><span class='ocrx_word' id='word_1_57' title='bbox 458 1067 705 1127; x_wconf 73' lang='lat' dir='ltr'><strong>adducit</strong></span> <span class='ocrx_word' id='word_1_58' title='bbox 735 1057 1162 1147; x_wconf 81' lang='lat'><strong>(825—867).</strong></span> <span class='ocrx_word' id='word_1_59' title='bbox 1230 1063 1355 1121; x_wconf 82' lang='lat' dir='ltr'><strong>Hoc</strong></span> <span class='ocrx_word' id='word_1_60' title='bbox 1386 1062 1742 1137; x_wconf 76' lang='lat' dir='ltr'><strong>opusculum</strong></span> 
     </span>
     <span class='ocr_line' id='line_1_13' title="bbox 458 1146 1743 1233; baseline -0.005 -18"><span class='ocrx_word' id='word_1_61' title='bbox 458 1158 683 1233; x_wconf 86' lang='lat' dir='ltr'><strong>excipit</strong></span> <span class='ocrx_word' id='word_1_62' title='bbox 702 1156 920 1233; x_wconf 66' lang='lat' dir='ltr'><strong>Reyuza</strong></span> <span class='ocrx_word' id='word_1_63' title='bbox 945 1154 1354 1213; x_wconf 77' lang='lat' dir='ltr'><strong>monachorum</strong></span> <span class='ocrx_word' id='word_1_64' title='bbox 1377 1146 1487 1233; x_wconf 85' lang='lat'><strong>(86</strong></span> <span class='ocrx_word' id='word_1_65' title='bbox 1499 1146 1743 1230; x_wconf 82' lang='grc'><strong>7-894).</strong></span> 
     </span>
     <span class='ocr_line' id='line_1_14' title="bbox 461 1239 1745 1304; baseline -0.006 1"><span class='ocrx_word' id='word_1_66' title='bbox 461 1278 551 1290; x_wconf 91' lang='lat'><strong>-—-</strong></span> <span class='ocrx_word' id='word_1_67' title='bbox 602 1244 1005 1304; x_wconf 88' lang='lat' dir='ltr'><strong>Historica</strong></span> <span class='ocrx_word' id='word_1_68' title='bbox 1054 1245 1229 1302; x_wconf 87' lang='lat' dir='ltr'><strong>sunt:</strong></span> <span class='ocrx_word' id='word_1_69' title='bbox 1285 1240 1607 1299; x_wconf 78' lang='lat' dir='ltr'><strong>Chronicon</strong></span> <span class='ocrx_word' id='word_1_70' title='bbox 1655 1239 1745 1297; x_wconf 90' lang='lat' dir='ltr'><strong>di-</strong></span> 
     </span>
     <span class='ocr_line' id='line_1_15' title="bbox 465 1329 1745 1408; baseline -0.005 -15"><span class='ocrx_word' id='word_1_71' title='bbox 465 1333 791 1394; x_wconf 87' lang='lat' dir='ltr'><strong>stributum</strong></span> <span class='ocrx_word' id='word_1_72' title='bbox 815 1334 990 1408; x_wconf 86' lang='lat' dir='ltr'><strong>juxta</strong></span> <span class='ocrx_word' id='word_1_73' title='bbox 1021 1350 1122 1390; x_wconf 88' lang='lat' dir='ltr'><strong>sex</strong></span> <span class='ocrx_word' id='word_1_74' title='bbox 1151 1329 1363 1388; x_wconf 89' lang='lat' dir='ltr'><strong>mundi</strong></span> <span class='ocrx_word' id='word_1_75' title='bbox 1381 1330 1604 1388; x_wconf 87' lang='lat' dir='ltr'><strong>aetates</strong></span> <span class='ocrx_word' id='word_1_76' title='bbox 1637 1347 1745 1387; x_wconf 89' lang='lat' dir='ltr'><strong>seu</strong></span> 
     </span>
     <span class='ocr_line' id='line_1_16' title="bbox 463 1416 1746 1498; baseline -0.005 -17"><span class='ocrx_word' id='word_1_77' title='bbox 463 1424 661 1483; x_wconf 84' lang='lat' dir='ltr'><strong>brevis</strong></span> <span class='ocrx_word' id='word_1_78' title='bbox 694 1424 950 1498; x_wconf 78' lang='lat' dir='ltr'><strong>epitome</strong></span> <span class='ocrx_word' id='word_1_79' title='bbox 991 1418 1472 1496; x_wconf 88' lang='lat' dir='ltr'><strong>praecedentium</strong></span> <span class='ocrx_word' id='word_1_80' title='bbox 1502 1416 1746 1477; x_wconf 86' lang='lat' dir='ltr'><strong>Chroni-</strong></span> 
     </span>
     <span class='ocr_line' id='line_1_17' title="bbox 461 1505 1745 1579; baseline -0.007 -7"><span class='ocrx_word' id='word_1_81' title='bbox 461 1531 669 1572; x_wconf 83' lang='lat' dir='ltr'><strong>corum</strong></span> <span class='ocrx_word' id='word_1_82' title='bbox 744 1509 951 1570; x_wconf 87' lang='lat' dir='ltr'><strong>Julii</strong></span> <span class='ocrx_word' id='word_1_83' title='bbox 1035 1508 1309 1579; x_wconf 80' lang='lat' dir='ltr'><strong>africani,</strong></span> <span class='ocrx_word' id='word_1_84' title='bbox 1389 1505 1745 1576; x_wconf 89' lang='lat' dir='ltr'><strong>Eusebii,</strong></span> 
     </span>
     <span class='ocr_line' id='line_1_18' title="bbox 466 1595 1746 1677; baseline -0.006 -17"><span class='ocrx_word' id='word_1_85' title='bbox 466 1599 953 1677; x_wconf 80' lang='lat' dir='ltr'><strong>Hieronymi,</strong></span> <span class='ocrx_word' id='word_1_86' title='bbox 1018 1597 1367 1658; x_wconf 88' lang='lat' dir='ltr'><strong>Victoris</strong></span> <span class='ocrx_word' id='word_1_87' title='bbox 1430 1595 1746 1655; x_wconf 86' lang='lat' dir='ltr'><strong>tunnensis</strong></span> 
     </span>
     <span class='ocr_line' id='line_1_19' title="bbox 460 1683 1747 1762; baseline -0.006 -13"><span class='ocrx_word' id='word_1_88' title='bbox 460 1691 541 1749; x_wconf 85' lang='lat' dir='ltr'><strong>ab</strong></span> <span class='ocrx_word' id='word_1_89' title='bbox 587 1689 826 1749; x_wconf 82' lang='lat' dir='ltr'><strong>exordio</strong></span> <span class='ocrx_word' id='word_1_90' title='bbox 873 1688 1083 1747; x_wconf 90' lang='lat' dir='ltr'><strong>mundi</strong></span> <span class='ocrx_word' id='word_1_91' title='bbox 1126 1705 1319 1762; x_wconf 90' lang='lat' dir='ltr'><strong>usque</strong></span> <span class='ocrx_word' id='word_1_92' title='bbox 1364 1685 1437 1744; x_wconf 83' lang='lat' dir='ltr'><strong>ad</strong></span> <span class='ocrx_word' id='word_1_93' title='bbox 1480 1683 1747 1760; x_wconf 83' lang='lat' dir='ltr'><strong>Augusti</strong></span> 
     </span>
     <span class='ocr_line' id='line_1_20' title="bbox 469 1771 1749 1858; baseline -0.006 -19"><span class='ocrx_word' id='word_1_94' title='bbox 469 1778 726 1839; x_wconf 85' lang='lat' dir='ltr'><strong>Heraclii</strong></span> <span class='ocrx_word' id='word_1_95' title='bbox 757 1778 1156 1854; x_wconf 79' lang='lat' dir='ltr'><strong>principatum</strong></span> <span class='ocrx_word' id='word_1_96' title='bbox 1193 1771 1378 1858; x_wconf 82' lang='lat'>(615)</span> <span class='ocrx_word' id='word_1_97' title='bbox 1425 1772 1489 1830; x_wconf 92' lang='lat' dir='ltr'><strong>in</strong></span> <span class='ocrx_word' id='word_1_98' title='bbox 1523 1772 1749 1848; x_wconf 83' lang='lat' dir='ltr'><strong>duplici</strong></span> 
     </span>
     <span class='ocr_line' id='line_1_21' title="bbox 464 1859 1752 1946; baseline -0.005 -19"><span class='ocrx_word' id='word_1_99' title='bbox 464 1867 812 1927; x_wconf 79' lang='lat' dir='ltr'><strong>recensione</strong></span> <span class='ocrx_word' id='word_1_100' title='bbox 851 1866 1109 1942; x_wconf 79' lang='lat' dir='ltr'><strong>longiori</strong></span> <span class='ocrx_word' id='word_1_101' title='bbox 1147 1859 1642 1946; x_wconf 81' lang='lat'>(1017—1058)</span> <span class='ocrx_word' id='word_1_102' title='bbox 1690 1864 1752 1921; x_wconf 89' lang='lat' dir='ltr'><strong>et</strong></span> 
     </span>
     <span class='ocr_line' id='line_1_22' title="bbox 470 1948 1748 2036; baseline -0.005 -20"><span class='ocrx_word' id='word_1_103' title='bbox 470 1956 727 2016; x_wconf 89' lang='lat' dir='ltr'><strong>breviori</strong></span> <span class='ocrx_word' id='word_1_104' title='bbox 761 1952 1064 2036; x_wconf 82' lang='lat' dir='ltr'>(LXXXII,</span> <span class='ocrx_word' id='word_1_105' title='bbox 1100 1948 1494 2034; x_wconf 78' lang='lat'><strong>224—229).</strong></span> <span class='ocrx_word' id='word_1_106' title='bbox 1551 1950 1748 2010; x_wconf 74' lang='lat' dir='ltr'><strong>Histo-</strong></span> 
     </span>
     <span class='ocr_line' id='line_1_23' title="bbox 469 2041 1751 2123; baseline -0.005 -18"><span class='ocrx_word' id='word_1_107' title='bbox 469 2049 567 2106; x_wconf 77' lang='lat' dir='ltr'><strong>ria</strong></span> <span class='ocrx_word' id='word_1_108' title='bbox 600 2048 669 2103; x_wconf 84' lang='lat' dir='ltr'><strong>de</strong></span> <span class='ocrx_word' id='word_1_109' title='bbox 701 2045 926 2123; x_wconf 74' lang='lat' dir='ltr'><strong>reyibus</strong></span> <span class='ocrx_word' id='word_1_110' title='bbox 946 2043 1285 2116; x_wconf 76' lang='lat' dir='ltr'><strong>Gothorum,</strong></span> <span class='ocrx_word' id='word_1_111' title='bbox 1334 2041 1751 2100; x_wconf 80' lang='lat' dir='ltr'><strong>Wandalorum</strong></span> 
     </span>
     <span class='ocr_line' id='line_1_24' title="bbox 465 2125 1749 2211; baseline 0 -18"><span class='ocrx_word' id='word_1_112' title='bbox 465 2144 521 2193; x_wconf 82' lang='lat' dir='ltr'><strong>et</strong></span> <span class='ocrx_word' id='word_1_113' title='bbox 555 2136 871 2193; x_wconf 70' lang='lat' dir='ltr'><strong>Sueborum</strong></span> <span class='ocrx_word' id='word_1_114' title='bbox 891 2131 1223 2211; x_wconf 86' lang='lat' dir='ltr'>(LXXXIII,</span> <span class='ocrx_word' id='word_1_115' title='bbox 1265 2125 1749 2211; x_wconf 82' lang='lat'>1057—1082)‚</span> 
     </span>
     <span class='ocr_line' id='line_1_25' title="bbox 466 2218 1751 2300; baseline -0.005 -17"><span class='ocrx_word' id='word_1_116' title='bbox 466 2224 791 2300; x_wconf 86' lang='lat' dir='ltr'><strong>compilata</strong></span> <span class='ocrx_word' id='word_1_117' title='bbox 839 2241 908 2281; x_wconf 85' lang='lat' dir='ltr'><strong>ex</strong></span> <span class='ocrx_word' id='word_1_118' title='bbox 955 2221 1351 2296; x_wconf 78' lang='lat' dir='ltr'><strong>scriptoribus</strong></span> <span class='ocrx_word' id='word_1_119' title='bbox 1397 2218 1751 2294; x_wconf 87' lang='lat' dir='ltr'><strong>antiquiori-</strong></span> 
     </span>
     <span class='ocr_line' id='line_1_26' title="bbox 474 2307 1757 2385; baseline -0.005 -13"><span class='ocrx_word' id='word_1_120' title='bbox 474 2313 586 2373; x_wconf 88' lang='lat' dir='ltr'><strong>bus</strong></span> <span class='ocrx_word' id='word_1_121' title='bbox 619 2313 692 2371; x_wconf 89' lang='lat' dir='ltr'><strong>ab</strong></span> <span class='ocrx_word' id='word_1_122' title='bbox 725 2332 774 2371; x_wconf 87' lang='lat' dir='ltr'><strong>a.</strong></span> <span class='ocrx_word' id='word_1_123' title='bbox 804 2319 1166 2375; x_wconf 77' lang='lat'><strong>176—628.</strong></span> <span class='ocrx_word' id='word_1_124' title='bbox 1212 2309 1371 2369; x_wconf 86' lang='lat' dir='ltr'><strong>Haec</strong></span> <span class='ocrx_word' id='word_1_125' title='bbox 1401 2307 1757 2385; x_wconf 88' lang='lat' dir='ltr'><strong>prodierunt</strong></span> 
     </span>
     <span class='ocr_line' id='line_1_27' title="bbox 468 2397 1752 2461; baseline -0.005 -1"><span class='ocrx_word' id='word_1_126' title='bbox 468 2421 594 2461; x_wconf 87' lang='lat' dir='ltr'><strong>cur.</strong></span> <span class='ocrx_word' id='word_1_127' title='bbox 649 2402 1049 2460; x_wconf 78' lang='lat' dir='ltr'><strong>Mommsen</strong></span> <span class='ocrx_word' id='word_1_128' title='bbox 1112 2399 1176 2459; x_wconf 87' lang='lat' dir='ltr'><strong>in</strong></span> <span class='ocrx_word' id='word_1_129' title='bbox 1238 2399 1497 2458; x_wconf 80' lang='lat' dir='ltr'><strong>Monum.</strong></span> <span class='ocrx_word' id='word_1_130' title='bbox 1559 2397 1752 2455; x_wconf 84' lang='lat' dir='ltr'><strong>Germ.</strong></span> 
     </span>
     <span class='ocr_line' id='line_1_28' title="bbox 474 2486 1751 2559; baseline -0.004 -11"><span class='ocrx_word' id='word_1_131' title='bbox 474 2492 611 2550; x_wconf 84' lang='lat' dir='ltr'><strong>hist.</strong></span> <span class='ocrx_word' id='word_1_132' title='bbox 673 2493 825 2553; x_wconf 87' lang='lat' dir='ltr'><strong>auct.</strong></span> <span class='ocrx_word' id='word_1_133' title='bbox 892 2491 1030 2559; x_wconf 68' lang='lat' dir='ltr'><strong>ant„</strong></span> <span class='ocrx_word' id='word_1_134' title='bbox 1097 2487 1359 2547; x_wconf 88' lang='lat' dir='ltr'><strong>Berolini</strong></span> <span class='ocrx_word' id='word_1_135' title='bbox 1417 2495 1601 2549; x_wconf 82' lang='grc'><strong>1894.</strong></span> <span class='ocrx_word' id='word_1_136' title='bbox 1654 2486 1751 2555; x_wconf 88' lang='lat' dir='ltr'><strong>XI,</strong></span> 
     </span>
     <span class='ocr_line' id='line_1_29' title="bbox 481 2576 1751 2654; baseline -0.006 -10"><span class='ocrx_word' id='word_1_137' title='bbox 481 2592 593 2643; x_wconf 82' lang='lat'><strong>241</strong></span> <span class='ocrx_word' id='word_1_138' title='bbox 627 2599 700 2639; x_wconf 90' lang='lat' dir='ltr'><strong>ss.</strong></span> <span class='ocrx_word' id='word_1_139' title='bbox 734 2615 814 2625; x_wconf 90' lang='lat'>—</span> <span class='ocrx_word' id='word_1_140' title='bbox 853 2578 968 2638; x_wconf 83' lang='lat' dir='ltr'><strong>Sed</strong></span> <span class='ocrx_word' id='word_1_141' title='bbox 1000 2577 1312 2654; x_wconf 87' lang='lat' dir='ltr'><strong>praecipue</strong></span> <span class='ocrx_word' id='word_1_142' title='bbox 1343 2576 1416 2637; x_wconf 88' lang='lat' dir='ltr'><strong>ad</strong></span> <span class='ocrx_word' id='word_1_143' title='bbox 1445 2593 1555 2635; x_wconf 89' lang='lat' dir='ltr'><strong>nos</strong></span> <span class='ocrx_word' id='word_1_144' title='bbox 1588 2594 1751 2652; x_wconf 90' lang='lat' dir='ltr'><strong>spec·</strong></span> 
     </span>
     <span class='ocr_line' id='line_1_30' title="bbox 470 2661 1755 2749; baseline -0.004 -21"><span class='ocrx_word' id='word_1_145' title='bbox 470 2672 566 2728; x_wconf 78' lang='lat' dir='ltr'><strong>tat</strong></span> <span class='ocrx_word' id='word_1_146' title='bbox 597 2672 634 2728; x_wconf 90' lang='lat' dir='ltr'><strong>l.</strong></span> <span class='ocrx_word' id='word_1_147' title='bbox 666 2671 735 2728; x_wconf 81' lang='lat' dir='ltr'><strong>de</strong></span> <span class='ocrx_word' id='word_1_148' title='bbox 752 2672 896 2729; x_wconf 76' lang='lat' dir='ltr'><strong>viris</strong></span> <span class='ocrx_word' id='word_1_149' title='bbox 914 2667 1234 2727; x_wconf 77' lang='lat' dir='ltr'><strong>illustribus</strong></span> <span class='ocrx_word' id='word_1_150' title='bbox 1255 2661 1394 2749; x_wconf 83' lang='lat'>(46)</span> <span class='ocrx_word' id='word_1_151' title='bbox 1414 2665 1755 2741; x_wconf 80' lang='lat' dir='ltr'><strong>saepissime</strong></span> 
     </span>
     <span class='ocr_line' id='line_1_31' title="bbox 466 2755 1754 2832; baseline -0.005 -14"><span class='ocrx_word' id='word_1_152' title='bbox 466 2759 670 2818; x_wconf 82' lang='lat' dir='ltr'><strong>editus</strong></span> <span class='ocrx_word' id='word_1_153' title='bbox 699 2762 833 2818; x_wconf 87' lang='lat' dir='ltr'><strong>tum</strong></span> <span class='ocrx_word' id='word_1_154' title='bbox 862 2758 1020 2816; x_wconf 88' lang='lat' dir='ltr'><strong>inter</strong></span> <span class='ocrx_word' id='word_1_155' title='bbox 1045 2775 1175 2832; x_wconf 90' lang='lat' dir='ltr'><strong>opp.</strong></span> <span class='ocrx_word' id='word_1_156' title='bbox 1207 2755 1422 2824; x_wconf 87' lang='lat' dir='ltr'><strong>omnia,</strong></span> <span class='ocrx_word' id='word_1_157' title='bbox 1456 2756 1584 2814; x_wconf 88' lang='lat' dir='ltr'><strong>tum</strong></span> <span class='ocrx_word' id='word_1_158' title='bbox 1619 2773 1754 2813; x_wconf 90' lang='lat' dir='ltr'><strong>cum</strong></span> 
     </span>
     <span class='ocr_line' id='line_1_32' title="bbox 473 2843 1752 2922; baseline -0.002 -15"><span class='ocrx_word' id='word_1_159' title='bbox 473 2851 740 2907; x_wconf 89' lang='lat' dir='ltr'><strong>veterum</strong></span> <span class='ocrx_word' id='word_1_160' title='bbox 773 2848 835 2908; x_wconf 91' lang='lat' dir='ltr'><strong>ll.</strong></span> <span class='ocrx_word' id='word_1_161' title='bbox 868 2846 1133 2922; x_wconf 84' lang='lat' dir='ltr'><strong>ejusdem</strong></span> <span class='ocrx_word' id='word_1_162' title='bbox 1170 2843 1507 2920; x_wconf 88' lang='lat' dir='ltr'><strong>argumenti</strong></span> <span class='ocrx_word' id='word_1_163' title='bbox 1527 2843 1752 2906; x_wconf 88' lang='lat' dir='ltr'><strong>aSuffr.</strong></span> 
     </span>
     <span class='ocr_line' id='line_1_33' title="bbox 474 2933 1755 3003; baseline -0.004 -8"><span class='ocrx_word' id='word_1_164' title='bbox 474 2938 704 2995; x_wconf 85' lang='lat' dir='ltr'><strong>Petro</strong></span> <span class='ocrx_word' id='word_1_165' title='bbox 736 2936 1009 2996; x_wconf 86' lang='lat' dir='ltr'><strong>Coloniae</strong></span> <span class='ocrx_word' id='word_1_166' title='bbox 1048 2943 1248 3003; x_wconf 87' lang='lat'>1580;</span> <span class='ocrx_word' id='word_1_167' title='bbox 1306 2942 1505 3002; x_wconf 78' lang='lat'>15833</span> <span class='ocrx_word' id='word_1_168' title='bbox 1552 2951 1587 2992; x_wconf 86' lang='lat' dir='ltr'><strong>a</strong></span> <span class='ocrx_word' id='word_1_169' title='bbox 1617 2933 1755 2991; x_wconf 80' lang='lat' dir='ltr'><strong>Mi-</strong></span> 
     </span>
     <span class='ocr_line' id='line_1_34' title="bbox 474 3022 1755 3099; baseline -0.002 -15"><span class='ocrx_word' id='word_1_170' title='bbox 474 3045 681 3099; x_wconf 83' lang='lat' dir='ltr'><strong>rae0,</strong></span> <span class='ocrx_word' id='word_1_171' title='bbox 715 3024 1077 3099; x_wconf 88' lang='lat' dir='ltr'><strong>Antverpiae</strong></span> <span class='ocrx_word' id='word_1_172' title='bbox 1118 3032 1302 3090; x_wconf 84' lang='grc'><strong>1639,</strong></span> <span class='ocrx_word' id='word_1_173' title='bbox 1335 3024 1398 3080; x_wconf 92' lang='lat' dir='ltr'><strong>et</strong></span> <span class='ocrx_word' id='word_1_174' title='bbox 1428 3022 1755 3081; x_wconf 82' lang='lat' dir='ltr'><strong>Fabricio</strong></span> 
     </span>
     <span class='ocr_line' id='line_1_35' title="bbox 475 3111 1754 3189; baseline -0.002 -16"><span class='ocrx_word' id='word_1_175' title='bbox 475 3118 538 3173; x_wconf 84' lang='lat' dir='ltr'><strong>in</strong></span> <span class='ocrx_word' id='word_1_176' title='bbox 569 3114 714 3173; x_wconf 92' lang='lat' dir='ltr'><strong>bibl.</strong></span> <span class='ocrx_word' id='word_1_177' title='bbox 746 3115 883 3174; x_wconf 87' lang='lat' dir='ltr'><strong>eccl.</strong></span> <span class='ocrx_word' id='word_1_178' title='bbox 916 3111 1250 3189; x_wconf 88' lang='lat' dir='ltr'><strong>Hamburgi</strong></span> <span class='ocrx_word' id='word_1_179' title='bbox 1289 3120 1486 3179; x_wconf 76' lang='lat'>17183</span> <span class='ocrx_word' id='word_1_180' title='bbox 1528 3114 1658 3169; x_wconf 83' lang='lat' dir='ltr'><strong>turn</strong></span> <span class='ocrx_word' id='word_1_181' title='bbox 1692 3112 1754 3171; x_wconf 89' lang='lat' dir='ltr'><strong>in</strong></span> 
     </span>
     <span class='ocr_line' id='line_1_36' title="bbox 475 3200 1754 3264; baseline -0.002 -2"><span class='ocrx_word' id='word_1_182' title='bbox 475 3204 609 3262; x_wconf 89' lang='lat' dir='ltr'><strong>aliis</strong></span> <span class='ocrx_word' id='word_1_183' title='bbox 632 3202 1079 3264; x_wconf 86' lang='lat' dir='ltr'><strong>collectionibus</strong></span> <span class='ocrx_word' id='word_1_184' title='bbox 1100 3200 1481 3260; x_wconf 91' lang='lat' dir='ltr'><strong>conciliorum</strong></span> <span class='ocrx_word' id='word_1_185' title='bbox 1501 3201 1597 3260; x_wconf 89' lang='lat' dir='ltr'><strong>vel</strong></span> <span class='ocrx_word' id='word_1_186' title='bbox 1629 3219 1754 3260; x_wconf 90' lang='lat' dir='ltr'><strong>mo-</strong></span> 
     </span>
     <span class='ocr_line' id='line_1_37' title="bbox 470 3290 1755 3365; baseline -0.002 -14"><span class='ocrx_word' id='word_1_187' title='bbox 470 3297 900 3352; x_wconf 85' lang='lat' dir='ltr'><strong>numentorum</strong></span> <span class='ocrx_word' id='word_1_188' title='bbox 914 3290 1253 3365; x_wconf 83' lang='lat' dir='ltr'><strong>Hispaniae,</strong></span> <span class='ocrx_word' id='word_1_189' title='bbox 1280 3292 1410 3349; x_wconf 91' lang='lat' dir='ltr'><strong>tum</strong></span> <span class='ocrx_word' id='word_1_190' title='bbox 1433 3294 1639 3349; x_wconf 84' lang='lat' dir='ltr'><strong>nostra</strong></span> <span class='ocrx_word' id='word_1_191' title='bbox 1657 3309 1755 3349; x_wconf 86' lang='lat' dir='ltr'><strong>ae-</strong></span> 
     </span>
     <span class='ocr_line' id='line_1_38' title="bbox 470 3378 1756 3441; baseline -0.002 -1"><span class='ocrx_word' id='word_1_192' title='bbox 470 3386 598 3441; x_wconf 73' lang='lat' dir='ltr'><strong>tate</strong></span> <span class='ocrx_word' id='word_1_193' title='bbox 611 3401 645 3440; x_wconf 88' lang='lat' dir='ltr'><strong>a</strong></span> <span class='ocrx_word' id='word_1_194' title='bbox 664 3383 708 3439; x_wconf 93' lang='lat' dir='ltr'>D</span> <span class='ocrx_word' id='word_1_195' title='bbox 724 3382 789 3440; x_wconf 87' lang='lat' dir='ltr'><strong>zi</strong></span> <span class='ocrx_word' id='word_1_196' title='bbox 805 3382 924 3440; x_wconf 87' lang='lat' dir='ltr'><strong>alo</strong></span> <span class='ocrx_word' id='word_1_197' title='bbox 942 3400 995 3438; x_wconf 82' lang='lat' dir='ltr'><strong>w</strong></span> <span class='ocrx_word' id='word_1_198' title='bbox 1011 3398 1039 3438; x_wconf 90' lang='lat' dir='ltr'><strong>s</strong></span> <span class='ocrx_word' id='word_1_199' title='bbox 1056 3380 1093 3436; x_wconf 88' lang='lat' dir='ltr'><strong>k</strong></span> <span class='ocrx_word' id='word_1_200' title='bbox 1109 3379 1131 3438; x_wconf 95' lang='lat' dir='ltr'><strong>i</strong></span> <span class='ocrx_word' id='word_1_201' title='bbox 1150 3378 1343 3437; x_wconf 92' lang='lat' dir='ltr'><strong>Isidor</strong></span> <span class='ocrx_word' id='word_1_202' title='bbox 1355 3379 1480 3437; x_wconf 90' lang='lat' dir='ltr'><strong>und</strong></span> <span class='ocrx_word' id='word_1_203' title='bbox 1494 3379 1756 3438; x_wconf 82' lang='lat' dir='ltr'><strong>Ildefons</strong></span> 
     </span>
     <span class='ocr_line' id='line_1_39' title="bbox 470 3469 1755 3529; baseline -0.001 -1"><span class='ocrx_word' id='word_1_204' title='bbox 470 3471 562 3529; x_wconf 86' lang='lat' dir='ltr'><strong>als</strong></span> <span class='ocrx_word' id='word_1_205' title='bbox 593 3469 1147 3529; x_wconf 80' lang='lat' dir='ltr'><strong>Literarhistoriker</strong></span> <span class='ocrx_word' id='word_1_206' title='bbox 1178 3486 1314 3527; x_wconf 89' lang='lat' dir='ltr'><strong>cum</strong></span> <span class='ocrx_word' id='word_1_207' title='bbox 1333 3469 1755 3527; x_wconf 87' lang='lat' dir='ltr'><strong>commentario</strong></span> 
     </span>
     <span class='ocr_line' id='line_1_40' title="bbox 476 3557 1756 3626; baseline -0.002 -9"><span class='ocrx_word' id='word_1_208' title='bbox 476 3559 794 3618; x_wconf 86' lang='lat' dir='ltr'><strong>admodum</strong></span> <span class='ocrx_word' id='word_1_209' title='bbox 825 3557 1078 3626; x_wconf 89' lang='lat' dir='ltr'><strong>erudito,</strong></span> <span class='ocrx_word' id='word_1_210' title='bbox 1115 3557 1382 3616; x_wconf 77' lang='lat' dir='ltr'><strong>Miinster</strong></span> <span class='ocrx_word' id='word_1_211' title='bbox 1423 3567 1605 3621; x_wconf 84' lang='lat'><strong>1898.</strong></span> <span class='ocrx_word' id='word_1_212' title='bbox 1657 3558 1756 3617; x_wconf 89' lang='lat' dir='ltr'><strong>Li·</strong></span> 
     </span>
     <span class='ocr_line' id='line_1_41' title="bbox 474 3646 1758 3722; baseline -0.002 -16"><span class='ocrx_word' id='word_1_213' title='bbox 474 3651 571 3706; x_wconf 87' lang='lat' dir='ltr'><strong>cet</strong></span> <span class='ocrx_word' id='word_1_214' title='bbox 602 3647 757 3706; x_wconf 88' lang='lat' dir='ltr'><strong>desit</strong></span> <span class='ocrx_word' id='word_1_215' title='bbox 787 3647 924 3707; x_wconf 87' lang='lat' dir='ltr'><strong>huic</strong></span> <span class='ocrx_word' id='word_1_216' title='bbox 943 3646 1300 3721; x_wconf 89' lang='lat' dir='ltr'><strong>scriptorum</strong></span> <span class='ocrx_word' id='word_1_217' title='bbox 1320 3646 1587 3722; x_wconf 88' lang='lat' dir='ltr'><strong>catalogo</strong></span> <span class='ocrx_word' id='word_1_218' title='bbox 1620 3646 1758 3705; x_wconf 90' lang='lat' dir='ltr'><strong>dili-</strong></span> 
     </span>
     <span class='ocr_line' id='line_1_42' title="bbox 476 3736 1754 3813; baseline 0.001 -19"><span class='ocrx_word' id='word_1_219' title='bbox 476 3736 697 3813; x_wconf 87' lang='lat' dir='ltr'><strong>gentia,</strong></span> <span class='ocrx_word' id='word_1_220' title='bbox 720 3737 1046 3795; x_wconf 88' lang='lat' dir='ltr'><strong>accuratio:</strong></span> <span class='ocrx_word' id='word_1_221' title='bbox 1079 3753 1203 3794; x_wconf 88' lang='lat' dir='ltr'><strong>non</strong></span> <span class='ocrx_word' id='word_1_222' title='bbox 1220 3738 1381 3794; x_wconf 88' lang='lat' dir='ltr'><strong>caret</strong></span> <span class='ocrx_word' id='word_1_223' title='bbox 1399 3739 1599 3794; x_wconf 89' lang='lat' dir='ltr'><strong>tamen</strong></span> <span class='ocrx_word' id='word_1_224' title='bbox 1621 3755 1754 3812; x_wconf 87' lang='lat' dir='ltr'><strong>pre-</strong></span> 
     </span>
    </p>
   </div>
   <div class='ocr_carea' id='block_1_6' title="bbox 1793 436 3078 960">
    <p class='ocr_par' dir='ltr' id='par_1_6' title="bbox 1793 436 3078 960">
     <span class='ocr_line' id='line_1_43' title="bbox 1793 436 3074 515; baseline -0.005 -16"><span class='ocrx_word' id='word_1_225' title='bbox 1793 440 1972 499; x_wconf 86' lang='lat' dir='ltr'><strong>etiam</strong></span> <span class='ocrx_word' id='word_1_226' title='bbox 2002 439 2221 515; x_wconf 77' lang='lat' dir='ltr'><strong>hymni,</strong></span> <span class='ocrx_word' id='word_1_227' title='bbox 2255 437 2360 512; x_wconf 88' lang='lat' dir='ltr'><strong>qui</strong></span> <span class='ocrx_word' id='word_1_228' title='bbox 2392 439 2507 497; x_wconf 88' lang='lat' dir='ltr'><strong>sub</strong></span> <span class='ocrx_word' id='word_1_229' title='bbox 2540 439 2672 513; x_wconf 84' lang='lat' dir='ltr'><strong>ejus</strong></span> <span class='ocrx_word' id='word_1_230' title='bbox 2703 436 2942 495; x_wconf 88' lang='lat' dir='ltr'><strong>nomine</strong></span> <span class='ocrx_word' id='word_1_231' title='bbox 2961 436 3074 494; x_wconf 80' lang='lat' dir='ltr'><strong>cir·</strong></span> 
     </span>
     <span class='ocr_line' id='line_1_44' title="bbox 1795 524 3078 610; baseline -0.005 -22"><span class='ocrx_word' id='word_1_232' title='bbox 1795 527 2217 590; x_wconf 86' lang='lat' dir='ltr'><strong>cumferuntur</strong></span> <span class='ocrx_word' id='word_1_233' title='bbox 2231 524 2317 610; x_wconf 71' lang='grc'><strong>1);</strong></span> <span class='ocrx_word' id='word_1_234' title='bbox 2393 528 2491 586; x_wconf 92' lang='lat' dir='ltr'><strong>vel</strong></span> <span class='ocrx_word' id='word_1_235' title='bbox 2566 529 2872 603; x_wconf 83' lang='lat' dir='ltr'><strong>segmenta</strong></span> <span class='ocrx_word' id='word_1_236' title='bbox 2933 528 3078 583; x_wconf 91' lang='lat' dir='ltr'><strong>sunt</strong></span> 
     </span>
     <span class='ocr_line' id='line_1_45' title="bbox 1795 615 3075 694; baseline -0.006 -15"><span class='ocrx_word' id='word_1_237' title='bbox 1795 637 2040 694; x_wconf 89' lang='lat' dir='ltr'><strong>operum</strong></span> <span class='ocrx_word' id='word_1_238' title='bbox 2072 618 2488 694; x_wconf 82' lang='lat' dir='ltr'><strong>genuinorum,</strong></span> <span class='ocrx_word' id='word_1_239' title='bbox 2539 619 2613 675; x_wconf 86' lang='lat' dir='ltr'><strong>ut</strong></span> <span class='ocrx_word' id='word_1_240' title='bbox 2641 616 2679 675; x_wconf 92' lang='lat' dir='ltr'><strong>l.</strong></span> <span class='ocrx_word' id='word_1_241' title='bbox 2726 616 2795 674; x_wconf 78' lang='lat' dir='ltr'><strong>de</strong></span> <span class='ocrx_word' id='word_1_242' title='bbox 2823 615 3075 673; x_wconf 79' lang='lat' dir='ltr'><strong>haeresi-</strong></span> 
     </span>
     <span class='ocr_line' id='line_1_46' title="bbox 1798 704 3075 783; baseline -0.002 -16"><span class='ocrx_word' id='word_1_243' title='bbox 1798 708 1919 777; x_wconf 78' lang='lat' dir='ltr'><strong>bus,</strong></span> <span class='ocrx_word' id='word_1_244' title='bbox 1967 707 2073 782; x_wconf 90' lang='lat' dir='ltr'><strong>qui</strong></span> <span class='ocrx_word' id='word_1_245' title='bbox 2106 709 2200 765; x_wconf 90' lang='lat' dir='ltr'><strong>est</strong></span> <span class='ocrx_word' id='word_1_246' title='bbox 2229 706 2485 783; x_wconf 85' lang='lat' dir='ltr'><strong>Etymol.</strong></span> <span class='ocrx_word' id='word_1_247' title='bbox 2527 707 2566 763; x_wconf 90' lang='lat' dir='ltr'><strong>l.</strong></span> <span class='ocrx_word' id='word_1_248' title='bbox 2601 704 2735 764; x_wconf 88' lang='lat' dir='ltr'>VIII</span> <span class='ocrx_word' id='word_1_249' title='bbox 2768 721 2815 763; x_wconf 91' lang='lat' dir='ltr'><strong>c.</strong></span> <span class='ocrx_word' id='word_1_250' title='bbox 2852 713 2889 765; x_wconf 86' lang='lat'>4</span> <span class='ocrx_word' id='word_1_251' title='bbox 2923 708 2985 762; x_wconf 91' lang='lat' dir='ltr'><strong>et</strong></span> <span class='ocrx_word' id='word_1_252' title='bbox 3020 713 3075 772; x_wconf 88' lang='lat'><strong>5,</strong></span> 
     </span>
     <span class='ocr_line' id='line_1_47' title="bbox 1797 794 3077 870; baseline -0.005 -15"><span class='ocrx_word' id='word_1_253' title='bbox 1797 797 1894 855; x_wconf 85' lang='lat' dir='ltr'><strong>vel</strong></span> <span class='ocrx_word' id='word_1_254' title='bbox 1926 800 2072 855; x_wconf 84' lang='lat' dir='ltr'><strong>sunt</strong></span> <span class='ocrx_word' id='word_1_255' title='bbox 2100 795 2344 855; x_wconf 88' lang='lat' dir='ltr'><strong>nonnisi</strong></span> <span class='ocrx_word' id='word_1_256' title='bbox 2364 794 2512 853; x_wconf 86' lang='lat' dir='ltr'><strong>aliae</strong></span> <span class='ocrx_word' id='word_1_257' title='bbox 2527 794 2926 870; x_wconf 88' lang='lat' dir='ltr'><strong>genuinorum</strong></span> <span class='ocrx_word' id='word_1_258' title='bbox 2943 811 3077 869; x_wconf 90' lang='lat' dir='ltr'><strong>opp.</strong></span> 
     </span>
     <span class='ocr_line' id='line_1_48' title="bbox 1798 884 2232 960; baseline 0.009 -17"><span class='ocrx_word' id='word_1_259' title='bbox 1798 884 2232 960; x_wconf 79' lang='lat' dir='ltr'><strong>inscriptiones,</strong></span> 
     </span>
    </p>
   </div>
   <div class='ocr_carea' id='block_1_7' title="bbox 1798 988 3095 3823">
    <p class='ocr_par' dir='ltr' id='par_1_7' title="bbox 1798 988 3095 3823">
     <span class='ocr_line' id='line_1_49' title="bbox 1893 988 3080 1065; baseline -0.008 -10"><span class='ocrx_word' id='word_1_260' title='bbox 1893 1001 2038 1056; x_wconf 83' lang='lat'><strong>317.</strong></span> <span class='ocrx_word' id='word_1_261' title='bbox 2085 993 2309 1051; x_wconf 88' lang='lat' dir='ltr'><strong>Paucos</strong></span> <span class='ocrx_word' id='word_1_262' title='bbox 2370 990 2691 1049; x_wconf 84' lang='lat' dir='ltr'><strong>admodum</strong></span> <span class='ocrx_word' id='word_1_263' title='bbox 2750 988 3080 1065; x_wconf 89' lang='lat' dir='ltr'><strong>reperimus</strong></span> 
     </span>
     <span class='ocr_line' id='line_1_50' title="bbox 1798 1078 3081 1158; baseline -0.004 -18"><span class='ocrx_word' id='word_1_264' title='bbox 1798 1081 2108 1158; x_wconf 87' lang='lat' dir='ltr'><strong>theologos</strong></span> <span class='ocrx_word' id='word_1_265' title='bbox 2123 1079 2458 1157; x_wconf 86' lang='lat' dir='ltr'><strong>polemicos.</strong></span> <span class='ocrx_word' id='word_1_266' title='bbox 2480 1080 2518 1139; x_wconf 90' lang='lat' dir='ltr'>S</span> <span class='ocrx_word' id='word_1_267' title='bbox 2530 1098 2562 1139; x_wconf 92' lang='lat' dir='ltr'><strong>e</strong></span> <span class='ocrx_word' id='word_1_268' title='bbox 2573 1100 2610 1138; x_wconf 93' lang='lat' dir='ltr'><strong>v</strong></span> <span class='ocrx_word' id='word_1_269' title='bbox 2621 1099 2654 1138; x_wconf 91' lang='lat' dir='ltr'><strong>e</strong></span> <span class='ocrx_word' id='word_1_270' title='bbox 2665 1099 2696 1137; x_wconf 89' lang='lat' dir='ltr'><strong>r</strong></span> <span class='ocrx_word' id='word_1_271' title='bbox 2706 1099 2747 1138; x_wconf 91' lang='lat' dir='ltr'><strong>u</strong></span> <span class='ocrx_word' id='word_1_272' title='bbox 2758 1098 2816 1136; x_wconf 91' lang='lat' dir='ltr'><strong>m</strong></span> <span class='ocrx_word' id='word_1_273' title='bbox 2842 1078 3081 1137; x_wconf 87' lang='lat' dir='ltr'><strong>malaci-</strong></span> 
     </span>
     <span class='ocr_line' id='line_1_51' title="bbox 1801 1167 3082 1246; baseline -0.005 -17"><span class='ocrx_word' id='word_1_274' title='bbox 1801 1176 1976 1229; x_wconf 84' lang='lat' dir='ltr'><strong>tanae</strong></span> <span class='ocrx_word' id='word_1_275' title='bbox 2039 1170 2198 1229; x_wconf 88' lang='lat' dir='ltr'><strong>sedis</strong></span> <span class='ocrx_word' id='word_1_276' title='bbox 2275 1169 2606 1228; x_wconf 86' lang='lat' dir='ltr'><strong>antistitem</strong></span> <span class='ocrx_word' id='word_1_277' title='bbox 2669 1167 3082 1246; x_wconf 83' lang='lat' dir='ltr'><strong>cognoscimus</strong></span> 
     </span>
     <span class='ocr_line' id='line_1_52' title="bbox 1798 1257 3079 1322; baseline -0.001 -4"><span class='ocrx_word' id='word_1_278' title='bbox 1798 1263 2038 1318; x_wconf 84' lang='lat' dir='ltr'><strong>tantum</strong></span> <span class='ocrx_word' id='word_1_279' title='bbox 2069 1278 2136 1317; x_wconf 86' lang='lat' dir='ltr'><strong>ex</strong></span> <span class='ocrx_word' id='word_1_280' title='bbox 2159 1276 2204 1318; x_wconf 92' lang='lat' dir='ltr'><strong>s.</strong></span> <span class='ocrx_word' id='word_1_281' title='bbox 2236 1259 2265 1316; x_wconf 97' lang='lat' dir='ltr'>I</span> <span class='ocrx_word' id='word_1_282' title='bbox 2282 1277 2309 1317; x_wconf 90' lang='lat' dir='ltr'><strong>s</strong></span> <span class='ocrx_word' id='word_1_283' title='bbox 2328 1258 2348 1316; x_wconf 89' lang='lat' dir='ltr'><strong>i</strong></span> <span class='ocrx_word' id='word_1_284' title='bbox 2366 1259 2548 1317; x_wconf 90' lang='lat' dir='ltr'><strong>doro</strong></span> <span class='ocrx_word' id='word_1_285' title='bbox 2581 1258 2655 1317; x_wconf 91' lang='lat' dir='ltr'><strong>de</strong></span> <span class='ocrx_word' id='word_1_286' title='bbox 2676 1258 2780 1318; x_wconf 84' lang='lat' dir='ltr'><strong>vir.</strong></span> <span class='ocrx_word' id='word_1_287' title='bbox 2802 1257 2887 1318; x_wconf 91' lang='lat' dir='ltr'><strong>ill.</strong></span> <span class='ocrx_word' id='word_1_288' title='bbox 2907 1273 2955 1315; x_wconf 90' lang='lat' dir='ltr'><strong>c.</strong></span> <span class='ocrx_word' id='word_1_289' title='bbox 2979 1265 3079 1322; x_wconf 75' lang='lat'>4:3;</span> 
     </span>
     <span class='ocr_line' id='line_1_53' title="bbox 1802 1345 3083 1424; baseline -0.002 -18"><span class='ocrx_word' id='word_1_290' title='bbox 1802 1368 1939 1406; x_wconf 86' lang='lat' dir='ltr'><strong>nam</strong></span> <span class='ocrx_word' id='word_1_291' title='bbox 1972 1349 2103 1424; x_wconf 81' lang='lat' dir='ltr'><strong>ejus</strong></span> <span class='ocrx_word' id='word_1_292' title='bbox 2135 1347 2376 1406; x_wconf 84' lang='lat' dir='ltr'><strong>libellus</strong></span> <span class='ocrx_word' id='word_1_293' title='bbox 2396 1349 2679 1408; x_wconf 88' lang='lat' dir='ltr'><strong>adversus</strong></span> <span class='ocrx_word' id='word_1_294' title='bbox 2702 1345 3083 1406; x_wconf 83' lang='lat' dir='ltr'><strong>Vincentium</strong></span> 
     </span>
     <span class='ocr_line' id='line_1_54' title="bbox 1802 1434 3083 1513; baseline -0.003 -18"><span class='ocrx_word' id='word_1_295' title='bbox 1802 1440 2369 1513; x_wconf 84' lang='lat' dir='ltr'><strong>caesaraugustanae</strong></span> <span class='ocrx_word' id='word_1_296' title='bbox 2388 1435 2552 1495; x_wconf 90' lang='lat' dir='ltr'><strong>urbis</strong></span> <span class='ocrx_word' id='word_1_297' title='bbox 2583 1436 2943 1512; x_wconf 83' lang='lat' dir='ltr'><strong>episcopum,</strong></span> <span class='ocrx_word' id='word_1_298' title='bbox 2978 1434 3083 1509; x_wconf 90' lang='lat' dir='ltr'><strong>qui</strong></span> 
     </span>
     <span class='ocr_line' id='line_1_55' title="bbox 1802 1524 3084 1601; baseline -0.003 -16"><span class='ocrx_word' id='word_1_299' title='bbox 1802 1546 1872 1585; x_wconf 87' lang='lat' dir='ltr'><strong>ex</strong></span> <span class='ocrx_word' id='word_1_300' title='bbox 1904 1526 2192 1585; x_wconf 87' lang='lat' dir='ltr'><strong>catholico</strong></span> <span class='ocrx_word' id='word_1_301' title='bbox 2212 1525 2285 1584; x_wconf 88' lang='lat' dir='ltr'><strong>ad</strong></span> <span class='ocrx_word' id='word_1_302' title='bbox 2305 1525 2564 1585; x_wconf 85' lang='lat' dir='ltr'><strong>arianam</strong></span> <span class='ocrx_word' id='word_1_303' title='bbox 2587 1525 2940 1601; x_wconf 84' lang='lat' dir='ltr'><strong>pravitatem</strong></span> <span class='ocrx_word' id='word_1_304' title='bbox 2957 1524 3084 1582; x_wconf 83' lang='lat' dir='ltr'><strong>sue-</strong></span> 
     </span>
     <span class='ocr_line' id='line_1_56' title="bbox 1805 1613 3085 1689; baseline -0.002 -16"><span class='ocrx_word' id='word_1_305' title='bbox 1805 1618 1900 1674; x_wconf 90' lang='lat' dir='ltr'><strong>rat</strong></span> <span class='ocrx_word' id='word_1_306' title='bbox 1920 1615 2255 1684; x_wconf 84' lang='lat' dir='ltr'><strong>devolutus‚</strong></span> <span class='ocrx_word' id='word_1_307' title='bbox 2279 1614 2477 1689; x_wconf 86' lang='lat' dir='ltr'><strong>periit,</strong></span> <span class='ocrx_word' id='word_1_308' title='bbox 2500 1616 2655 1674; x_wconf 87' lang='lat' dir='ltr'><strong>sicut</strong></span> <span class='ocrx_word' id='word_1_309' title='bbox 2673 1617 2735 1673; x_wconf 89' lang='lat' dir='ltr'><strong>et</strong></span> <span class='ocrx_word' id='word_1_310' title='bbox 2754 1613 2909 1672; x_wconf 87' lang='lat' dir='ltr'><strong>alins</strong></span> <span class='ocrx_word' id='word_1_311' title='bbox 2923 1613 3085 1688; x_wconf 87' lang='lat' dir='ltr'><strong>ejus-</strong></span> 
     </span>
     <span class='ocr_line' id='line_1_57' title="bbox 1804 1698 3085 1784; baseline -0.003 -22"><span class='ocrx_word' id='word_1_312' title='bbox 1804 1705 1937 1763; x_wconf 90' lang='lat' dir='ltr'><strong>dem</strong></span> <span class='ocrx_word' id='word_1_313' title='bbox 1954 1705 2023 1763; x_wconf 70' lang='lat' dir='ltr'><strong>de</strong></span> <span class='ocrx_word' id='word_1_314' title='bbox 2035 1706 2364 1779; x_wconf 74' lang='lat' dir='ltr'><strong>viryinitate</strong></span> <span class='ocrx_word' id='word_1_315' title='bbox 2383 1704 2455 1762; x_wconf 88' lang='lat' dir='ltr'><strong>ad</strong></span> <span class='ocrx_word' id='word_1_316' title='bbox 2473 1722 2735 1763; x_wconf 91' lang='lat' dir='ltr'><strong>sororem</strong></span> <span class='ocrx_word' id='word_1_317' title='bbox 2757 1698 2818 1784; x_wconf 83' lang='lat'><strong>(†</strong></span> <span class='ocrx_word' id='word_1_318' title='bbox 2839 1701 3085 1760; x_wconf 90' lang='lat' dir='ltr'><strong>ineunte</strong></span> 
     </span>
     <span class='ocr_line' id='line_1_58' title="bbox 1805 1788 3086 1875; baseline -0.004 -23"><span class='ocrx_word' id='word_1_319' title='bbox 1805 1794 1916 1852; x_wconf 89' lang='lat' dir='ltr'><strong>hoc</strong></span> <span class='ocrx_word' id='word_1_320' title='bbox 1936 1788 2096 1875; x_wconf 86' lang='lat' dir='ltr'><strong>sec.).</strong></span> <span class='ocrx_word' id='word_1_321' title='bbox 2117 1836 2174 1844; x_wconf 84' lang='grc'>-</span> <span class='ocrx_word' id='word_1_322' title='bbox 2195 1793 2587 1852; x_wconf 86' lang='lat' dir='ltr'><strong>Eusebium</strong></span> <span class='ocrx_word' id='word_1_323' title='bbox 2618 1790 3086 1851; x_wconf 87' lang='lat' dir='ltr'><strong>thessalonicen·</strong></span> 
     </span>
     <span class='ocr_line' id='line_1_59' title="bbox 1808 1876 3084 1960; baseline -0.005 -19"><span class='ocrx_word' id='word_1_324' title='bbox 1808 1901 1931 1941; x_wconf 86' lang='lat' dir='ltr'><strong>sem</strong></span> <span class='ocrx_word' id='word_1_325' title='bbox 1964 1882 2308 1958; x_wconf 85' lang='lat' dir='ltr'><strong>episcopum</strong></span> <span class='ocrx_word' id='word_1_326' title='bbox 2341 1876 2814 1960; x_wconf 73' lang='lat' dir='ltr'><strong>cognoscimus2)</strong></span> <span class='ocrx_word' id='word_1_327' title='bbox 2847 1897 2917 1937; x_wconf 81' lang='lat' dir='ltr'><strong>ex</strong></span> <span class='ocrx_word' id='word_1_328' title='bbox 2950 1877 3084 1954; x_wconf 91' lang='lat' dir='ltr'><strong>qui-</strong></span> 
     </span>
     <span class='ocr_line' id='line_1_60' title="bbox 1804 1967 3087 2048; baseline -0.005 -18"><span class='ocrx_word' id='word_1_329' title='bbox 1804 1971 2057 2030; x_wconf 86' lang='lat' dir='ltr'><strong>busdam</strong></span> <span class='ocrx_word' id='word_1_330' title='bbox 2101 1970 2371 2047; x_wconf 87' lang='lat' dir='ltr'><strong>epistolis</strong></span> <span class='ocrx_word' id='word_1_331' title='bbox 2418 1990 2463 2029; x_wconf 86' lang='lat' dir='ltr'><strong>s.</strong></span> <span class='ocrx_word' id='word_1_332' title='bbox 2498 1969 2859 2048; x_wconf 86' lang='lat' dir='ltr'><strong>Gregorii</strong></span> <span class='ocrx_word' id='word_1_333' title='bbox 2907 1970 2978 2030; x_wconf 81' lang='grc' dir='ltr'><strong>Μ.</strong></span> <span class='ocrx_word' id='word_1_334' title='bbox 3011 1967 3087 2025; x_wconf 90' lang='lat' dir='ltr'><strong>ad</strong></span> 
     </span>
     <span class='ocr_line' id='line_1_61' title="bbox 1805 2055 3090 2136; baseline -0.003 -17"><span class='ocrx_word' id='word_1_335' title='bbox 1805 2061 2005 2136; x_wconf 87' lang='lat' dir='ltr'><strong>ipsum</strong></span> <span class='ocrx_word' id='word_1_336' title='bbox 2066 2063 2129 2119; x_wconf 85' lang='lat' dir='ltr'><strong>et</strong></span> <span class='ocrx_word' id='word_1_337' title='bbox 2188 2079 2258 2119; x_wconf 86' lang='lat' dir='ltr'><strong>ex</strong></span> <span class='ocrx_word' id='word_1_338' title='bbox 2306 2060 2568 2119; x_wconf 82' lang='lat' dir='ltr'><strong>Photii</strong></span> <span class='ocrx_word' id='word_1_339' title='bbox 2612 2059 2738 2118; x_wconf 87' lang='lat' dir='ltr'><strong>cod.</strong></span> <span class='ocrx_word' id='word_1_340' title='bbox 2795 2066 2932 2127; x_wconf 77' lang='grc'><strong>162,</strong></span> <span class='ocrx_word' id='word_1_341' title='bbox 2983 2055 3090 2132; x_wconf 88' lang='lat' dir='ltr'><strong>qui</strong></span> 
     </span>
     <span class='ocr_line' id='line_1_62' title="bbox 1805 2147 3088 2225; baseline -0.004 -17"><span class='ocrx_word' id='word_1_342' title='bbox 1805 2149 2148 2208; x_wconf 86' lang='lat' dir='ltr'><strong>testimonia</strong></span> <span class='ocrx_word' id='word_1_343' title='bbox 2178 2149 2466 2225; x_wconf 86' lang='lat' dir='ltr'><strong>quaedam</strong></span> <span class='ocrx_word' id='word_1_344' title='bbox 2517 2148 2781 2225; x_wconf 90' lang='lat' dir='ltr'><strong>ejusdem</strong></span> <span class='ocrx_word' id='word_1_345' title='bbox 2816 2147 2989 2205; x_wconf 85' lang='lat' dir='ltr'><strong>affert</strong></span> <span class='ocrx_word' id='word_1_346' title='bbox 3018 2164 3088 2205; x_wconf 86' lang='lat' dir='ltr'><strong>ex</strong></span> 
     </span>
     <span class='ocr_line' id='line_1_63' title="bbox 1807 2236 3086 2302; baseline 0.001 -7"><span class='ocrx_word' id='word_1_347' title='bbox 1807 2239 1870 2302; x_wconf 90' lang='lat' dir='ltr'><strong>ll.</strong></span> <span class='ocrx_word' id='word_1_348' title='bbox 1901 2239 1952 2297; x_wconf 90' lang='lat' dir='ltr'>X</span> <span class='ocrx_word' id='word_1_349' title='bbox 1983 2238 2266 2297; x_wconf 88' lang='lat' dir='ltr'><strong>adversus</strong></span> <span class='ocrx_word' id='word_1_350' title='bbox 2297 2238 2676 2297; x_wconf 88' lang='lat' dir='ltr'><strong>Andream</strong></span> <span class='ocrx_word' id='word_1_351' title='bbox 2717 2236 3086 2296; x_wconf 89' lang='lat' dir='ltr'><strong>monachum.</strong></span> 
     </span>
     <span class='ocr_line' id='line_1_64' title="bbox 1806 2324 3086 2404; baseline -0.004 -18"><span class='ocrx_word' id='word_1_352' title='bbox 1806 2329 2290 2404; x_wconf 84' lang='lat' dir='ltr'><strong>Propugnaverat</strong></span> <span class='ocrx_word' id='word_1_353' title='bbox 2309 2327 2605 2403; x_wconf 88' lang='lat' dir='ltr'><strong>siquidem</strong></span> <span class='ocrx_word' id='word_1_354' title='bbox 2637 2325 2732 2385; x_wconf 89' lang='lat' dir='ltr'><strong>hic</strong></span> <span class='ocrx_word' id='word_1_355' title='bbox 2764 2324 3086 2384; x_wconf 88' lang='lat' dir='ltr'><strong>monachus</strong></span> 
     </span>
     <span class='ocr_line' id='line_1_65' title="bbox 1806 2413 3087 2492; baseline -0.002 -19"><span class='ocrx_word' id='word_1_356' title='bbox 1806 2416 2083 2476; x_wconf 90' lang='lat' dir='ltr'><strong>indoctus</strong></span> <span class='ocrx_word' id='word_1_357' title='bbox 2114 2416 2780 2492; x_wconf 83' lang='lat' dir='ltr'><strong>aphthartodoketarum</strong></span> <span class='ocrx_word' id='word_1_358' title='bbox 2811 2413 3087 2488; x_wconf 87' lang='lat' dir='ltr'><strong>ineptias.</strong></span> 
     </span>
     <span class='ocr_line' id='line_1_66' title="bbox 1810 2502 3090 2582; baseline -0.004 -18"><span class='ocrx_word' id='word_1_359' title='bbox 1810 2505 1976 2582; x_wconf 88' lang='lat' dir='ltr'><strong>Opus</strong></span> <span class='ocrx_word' id='word_1_360' title='bbox 2006 2506 2275 2582; x_wconf 85' lang='lat' dir='ltr'><strong>ejusdem</strong></span> <span class='ocrx_word' id='word_1_361' title='bbox 2320 2506 2459 2564; x_wconf 79' lang='lat' dir='ltr'><strong>stilo</strong></span> <span class='ocrx_word' id='word_1_362' title='bbox 2505 2505 2681 2572; x_wconf 88' lang='lat' dir='ltr'><strong>claro,</strong></span> <span class='ocrx_word' id='word_1_363' title='bbox 2729 2502 2982 2579; x_wconf 86' lang='lat' dir='ltr'><strong>simplici</strong></span> <span class='ocrx_word' id='word_1_364' title='bbox 3027 2506 3090 2560; x_wconf 91' lang='lat' dir='ltr'><strong>et</strong></span> 
     </span>
     <span class='ocr_line' id='line_1_67' title="bbox 1809 2591 3091 2671; baseline 0 -18"><span class='ocrx_word' id='word_1_365' title='bbox 1809 2614 1960 2671; x_wconf 91' lang='lat' dir='ltr'><strong>puro</strong></span> <span class='ocrx_word' id='word_1_366' title='bbox 2020 2595 2416 2670; x_wconf 89' lang='lat' dir='ltr'><strong>compositum</strong></span> <span class='ocrx_word' id='word_1_367' title='bbox 2476 2594 2797 2653; x_wconf 88' lang='lat' dir='ltr'><strong>intercidit.</strong></span> <span class='ocrx_word' id='word_1_368' title='bbox 2859 2591 3091 2653; x_wconf 85' lang='lat' dir='ltr'><strong>Floruit</strong></span> 
     </span>
     <span class='ocr_line' id='line_1_68' title="bbox 1810 2681 3089 2743; baseline -0.003 -1"><span class='ocrx_word' id='word_1_369' title='bbox 1810 2685 2057 2743; x_wconf 86' lang='lat' dir='ltr'><strong>ineunte</strong></span> <span class='ocrx_word' id='word_1_370' title='bbox 2088 2684 2198 2743; x_wconf 91' lang='lat' dir='ltr'><strong>hoc</strong></span> <span class='ocrx_word' id='word_1_371' title='bbox 2229 2685 2319 2743; x_wconf 83' lang='lat' dir='ltr'><strong>vel</strong></span> <span class='ocrx_word' id='word_1_372' title='bbox 2352 2687 2606 2743; x_wconf 86' lang='lat' dir='ltr'><strong>exeunte</strong></span> <span class='ocrx_word' id='word_1_373' title='bbox 2657 2686 2821 2742; x_wconf 86' lang='lat' dir='ltr'><strong>sexto</strong></span> <span class='ocrx_word' id='word_1_374' title='bbox 2868 2681 3089 2741; x_wconf 90' lang='lat' dir='ltr'><strong>seculo.</strong></span> 
     </span>
     <span class='ocr_line' id='line_1_69' title="bbox 1810 2771 3090 2850; baseline -0.005 -17"><span class='ocrx_word' id='word_1_375' title='bbox 1810 2807 1896 2819; x_wconf 89' lang='lat'><strong>—-—</strong></span> <span class='ocrx_word' id='word_1_376' title='bbox 1912 2773 1966 2832; x_wconf 90' lang='lat' dir='ltr'><strong>S.</strong></span> <span class='ocrx_word' id='word_1_377' title='bbox 2000 2774 2046 2831; x_wconf 86' lang='lat' dir='ltr'>E</span> <span class='ocrx_word' id='word_1_378' title='bbox 2065 2792 2107 2831; x_wconf 91' lang='lat' dir='ltr'><strong>u</strong></span> <span class='ocrx_word' id='word_1_379' title='bbox 2123 2774 2145 2830; x_wconf 95' lang='lat' dir='ltr'><strong>l</strong></span> <span class='ocrx_word' id='word_1_380' title='bbox 2161 2773 2282 2850; x_wconf 89' lang='lat' dir='ltr'><strong>ogi</strong></span> <span class='ocrx_word' id='word_1_381' title='bbox 2301 2793 2343 2831; x_wconf 90' lang='lat' dir='ltr'><strong>u</strong></span> <span class='ocrx_word' id='word_1_382' title='bbox 2359 2791 2385 2832; x_wconf 86' lang='lat' dir='ltr'><strong>s</strong></span> <span class='ocrx_word' id='word_1_383' title='bbox 2417 2773 2693 2833; x_wconf 86' lang='lat' dir='ltr'><strong>ecclesiae</strong></span> <span class='ocrx_word' id='word_1_384' title='bbox 2708 2771 3090 2830; x_wconf 86' lang='lat' dir='ltr'><strong>antiochenae</strong></span> 
     </span>
     <span class='ocr_line' id='line_1_70' title="bbox 1807 2860 3090 2940; baseline -0.002 -21"><span class='ocrx_word' id='word_1_385' title='bbox 1807 2863 2124 2940; x_wconf 83' lang='lat' dir='ltr'><strong>presbyter</strong></span> <span class='ocrx_word' id='word_1_386' title='bbox 2170 2867 2232 2922; x_wconf 88' lang='lat' dir='ltr'><strong>et</strong></span> <span class='ocrx_word' id='word_1_387' title='bbox 2270 2862 2615 2921; x_wconf 87' lang='lat' dir='ltr'><strong>monasterii</strong></span> <span class='ocrx_word' id='word_1_388' title='bbox 2679 2879 2756 2920; x_wconf 88' lang='lat' dir='ltr'><strong>ss.</strong></span> <span class='ocrx_word' id='word_1_389' title='bbox 2807 2860 3090 2935; x_wconf 85' lang='lat' dir='ltr'><strong>Deiparae</strong></span> 
     </span>
     <span class='ocr_line' id='line_1_71' title="bbox 1811 2950 3088 3020; baseline -0.003 -10"><span class='ocrx_word' id='word_1_390' title='bbox 1811 2952 2162 3020; x_wconf 86' lang='lat' dir='ltr'><strong>moderator,</strong></span> <span class='ocrx_word' id='word_1_391' title='bbox 2196 2950 2389 3010; x_wconf 87' lang='lat' dir='ltr'><strong>factus</strong></span> <span class='ocrx_word' id='word_1_392' title='bbox 2422 2955 2515 3010; x_wconf 89' lang='lat' dir='ltr'><strong>est</strong></span> <span class='ocrx_word' id='word_1_393' title='bbox 2546 2950 2963 3009; x_wconf 82' lang='lat' dir='ltr'><strong>alexandrinae</strong></span> <span class='ocrx_word' id='word_1_394' title='bbox 2994 2966 3088 3006; x_wconf 89' lang='lat' dir='ltr'><strong>ec-</strong></span> 
     </span>
     <span class='ocr_line' id='line_1_72' title="bbox 1808 3039 3084 3116; baseline -0.002 -17"><span class='ocrx_word' id='word_1_395' title='bbox 1808 3041 2019 3099; x_wconf 85' lang='lat' dir='ltr'><strong>clesiae</strong></span> <span class='ocrx_word' id='word_1_396' title='bbox 2078 3040 2405 3116; x_wconf 87' lang='lat' dir='ltr'><strong>episcopus,</strong></span> <span class='ocrx_word' id='word_1_397' title='bbox 2470 3060 2646 3115; x_wconf 85' lang='lat' dir='ltr'><strong>quam</strong></span> <span class='ocrx_word' id='word_1_398' title='bbox 2709 3039 2863 3097; x_wconf 87' lang='lat' dir='ltr'><strong>rexit</strong></span> <span class='ocrx_word' id='word_1_399' title='bbox 2906 3057 2956 3095; x_wconf 89' lang='lat' dir='ltr'><strong>a.</strong></span> <span class='ocrx_word' id='word_1_400' title='bbox 3007 3045 3084 3098; x_wconf 82' lang='lat'><strong>27</strong></span> 
     </span>
     <span class='ocr_line' id='line_1_73' title="bbox 1811 3125 3094 3210; baseline -0.006 -19"><span class='ocrx_word' id='word_1_401' title='bbox 1811 3125 1879 3210; x_wconf 86' lang='lat'><strong>(†</strong></span> <span class='ocrx_word' id='word_1_402' title='bbox 1936 3140 2030 3193; x_wconf 88' lang='grc'><strong>13.</strong></span> <span class='ocrx_word' id='word_1_403' title='bbox 2081 3129 2250 3193; x_wconf 88' lang='lat' dir='ltr'><strong>Febr.</strong></span> <span class='ocrx_word' id='word_1_404' title='bbox 2297 3125 2470 3207; x_wconf 82' lang='lat'><strong>607).</strong></span> <span class='ocrx_word' id='word_1_405' title='bbox 2534 3127 2818 3204; x_wconf 78' lang='lat' dir='ltr'><strong>Gregorio</strong></span> <span class='ocrx_word' id='word_1_406' title='bbox 2866 3126 2910 3184; x_wconf 93' lang='lat' dir='ltr'><strong>I.</strong></span> <span class='ocrx_word' id='word_1_407' title='bbox 2970 3125 3094 3183; x_wconf 86' lang='lat' dir='ltr'><strong>fuit</strong></span> 
     </span>
     <span class='ocr_line' id='line_1_74' title="bbox 1810 3214 3093 3294; baseline -0.004 -18"><span class='ocrx_word' id='word_1_408' title='bbox 1810 3236 2000 3287; x_wconf 75' lang='lat' dir='ltr'><strong>caruS,</strong></span> <span class='ocrx_word' id='word_1_409' title='bbox 2036 3222 2106 3277; x_wconf 83' lang='lat' dir='ltr'><strong>ut</strong></span> <span class='ocrx_word' id='word_1_410' title='bbox 2135 3218 2330 3293; x_wconf 90' lang='lat' dir='ltr'><strong>liquet</strong></span> <span class='ocrx_word' id='word_1_411' title='bbox 2348 3237 2416 3276; x_wconf 87' lang='lat' dir='ltr'><strong>ex</strong></span> <span class='ocrx_word' id='word_1_412' title='bbox 2435 3216 2712 3294; x_wconf 89' lang='lat' dir='ltr'><strong>pluribus</strong></span> <span class='ocrx_word' id='word_1_413' title='bbox 2732 3215 2994 3291; x_wconf 86' lang='lat' dir='ltr'><strong>ejusdem</strong></span> <span class='ocrx_word' id='word_1_414' title='bbox 3016 3214 3093 3272; x_wconf 82' lang='lat' dir='ltr'><strong>ad</strong></span> 
     </span>
     <span class='ocr_line' id='line_1_75' title="bbox 1810 3304 3091 3383; baseline -0.003 -18"><span class='ocrx_word' id='word_1_415' title='bbox 1810 3325 1948 3365; x_wconf 90' lang='lat' dir='ltr'><strong>eum</strong></span> <span class='ocrx_word' id='word_1_416' title='bbox 1969 3307 2258 3383; x_wconf 85' lang='lat' dir='ltr'><strong>epistolis,</strong></span> <span class='ocrx_word' id='word_1_417' title='bbox 2280 3307 2344 3366; x_wconf 91' lang='lat' dir='ltr'><strong>in</strong></span> <span class='ocrx_word' id='word_1_418' title='bbox 2365 3306 2586 3382; x_wconf 89' lang='lat' dir='ltr'><strong>quibus</strong></span> <span class='ocrx_word' id='word_1_419' title='bbox 2606 3306 2871 3382; x_wconf 82' lang='lat' dir='ltr'><strong>pontifex</strong></span> <span class='ocrx_word' id='word_1_420' title='bbox 2895 3304 3091 3380; x_wconf 84' lang='lat' dir='ltr'><strong>ipsius</strong></span> 
     </span>
     <span class='ocr_line' id='line_1_76' title="bbox 1810 3392 3094 3471; baseline -0.003 -17"><span class='ocrx_word' id='word_1_421' title='bbox 1810 3397 2016 3455; x_wconf 83' lang='lat' dir='ltr'><strong>laudat</strong></span> <span class='ocrx_word' id='word_1_422' title='bbox 2046 3395 2236 3456; x_wconf 86' lang='lat' dir='ltr'><strong>zelum</strong></span> <span class='ocrx_word' id='word_1_423' title='bbox 2271 3396 2396 3454; x_wconf 84' lang='lat' dir='ltr'><strong>sive</strong></span> <span class='ocrx_word' id='word_1_424' title='bbox 2428 3396 2493 3454; x_wconf 91' lang='lat' dir='ltr'><strong>in</strong></span> <span class='ocrx_word' id='word_1_425' title='bbox 2514 3393 2948 3471; x_wconf 89' lang='lat' dir='ltr'><strong>oppugnandis,</strong></span> <span class='ocrx_word' id='word_1_426' title='bbox 2967 3392 3094 3451; x_wconf 84' lang='lat' dir='ltr'><strong>eive</strong></span> 
     </span>
     <span class='ocr_line' id='line_1_77' title="bbox 1810 3482 3094 3559; baseline -0.005 -16"><span class='ocrx_word' id='word_1_427' title='bbox 1810 3486 1871 3544; x_wconf 88' lang='lat' dir='ltr'><strong>in</strong></span> <span class='ocrx_word' id='word_1_428' title='bbox 1934 3485 2347 3545; x_wconf 85' lang='lat' dir='ltr'><strong>convertendis</strong></span> <span class='ocrx_word' id='word_1_429' title='bbox 2398 3484 2731 3555; x_wconf 87' lang='lat' dir='ltr'><strong>haereticis,</strong></span> <span class='ocrx_word' id='word_1_430' title='bbox 2780 3482 3094 3559; x_wconf 89' lang='lat' dir='ltr'><strong>ipsiusque</strong></span> 
     </span>
     <span class='ocr_line' id='line_1_78' title="bbox 1813 3570 3093 3650; baseline -0.002 -19"><span class='ocrx_word' id='word_1_431' title='bbox 1813 3574 2087 3650; x_wconf 88' lang='lat' dir='ltr'><strong>precibus</strong></span> <span class='ocrx_word' id='word_1_432' title='bbox 2121 3575 2450 3650; x_wconf 86' lang='lat' dir='ltr'><strong>Anglorum</strong></span> <span class='ocrx_word' id='word_1_433' title='bbox 2500 3573 2938 3631; x_wconf 82' lang='lat' dir='ltr'><strong>conversionem</strong></span> <span class='ocrx_word' id='word_1_434' title='bbox 2989 3570 3093 3628; x_wconf 89' lang='lat' dir='ltr'><strong>ad-</strong></span> 
     </span>
     <span class='ocr_line' id='line_1_79' title="bbox 1813 3662 3091 3738; baseline -0.003 -17"><span class='ocrx_word' id='word_1_435' title='bbox 1813 3662 2049 3722; x_wconf 86' lang='lat' dir='ltr'><strong>scribit:</strong></span> <span class='ocrx_word' id='word_1_436' title='bbox 2072 3680 2328 3737; x_wconf 88' lang='lat' dir='ltr'><strong>eumque</strong></span> <span class='ocrx_word' id='word_1_437' title='bbox 2337 3665 2643 3738; x_wconf 88' lang='lat' dir='ltr'><strong>praeterea</strong></span> <span class='ocrx_word' id='word_1_438' title='bbox 2658 3662 2766 3720; x_wconf 91' lang='lat' dir='ltr'><strong>Dei</strong></span> <span class='ocrx_word' id='word_1_439' title='bbox 2780 3678 3091 3736; x_wconf 89' lang='lat' dir='ltr'><strong>organum,</strong></span> 
     </span>
     <span class='ocr_line' id='line_1_80' title="bbox 1812 3749 3095 3823; baseline -0.004 -12"><span class='ocrx_word' id='word_1_440' title='bbox 1812 3752 2084 3811; x_wconf 87' lang='lat' dir='ltr'><strong>veritatis</strong></span> <span class='ocrx_word' id='word_1_441' title='bbox 2116 3752 2460 3810; x_wconf 84' lang='lat' dir='ltr'><strong>ministrum</strong></span> <span class='ocrx_word' id='word_1_442' title='bbox 2492 3754 2555 3809; x_wconf 88' lang='lat' dir='ltr'><strong>et</strong></span> <span class='ocrx_word' id='word_1_443' title='bbox 2586 3749 2750 3808; x_wconf 90' lang='lat' dir='ltr'><strong>Petri</strong></span> <span class='ocrx_word' id='word_1_444' title='bbox 2781 3767 3095 3823; x_wconf 87' lang='lat' dir='ltr'><strong>sequacem</strong></span> 
     </span>
    </p>
   </div>
   <div class='ocr_carea' id='block_1_8' title="bbox 476 3820 3091 3922">
    <p class='ocr_par' dir='ltr' id='par_1_8' title="bbox 476 3820 3091 3922">
     <span class='ocr_line' id='line_1_81' title="bbox 476 3820 3091 3922; baseline 0 -39"><span class='ocrx_word' id='word_1_445' title='bbox 476 3826 563 3883; x_wconf 89' lang='lat' dir='ltr'><strong>tio</strong></span> <span class='ocrx_word' id='word_1_446' title='bbox 627 3825 889 3884; x_wconf 75' lang='lat' dir='ltr'><strong>litei-ario</strong></span> <span class='ocrx_word' id='word_1_447' title='bbox 940 3845 1046 3900; x_wconf 88' lang='lat' dir='ltr'><strong>pro</strong></span> <span class='ocrx_word' id='word_1_448' title='bbox 1096 3823 1309 3882; x_wconf 89' lang='lat' dir='ltr'><strong>Isidori</strong></span> <span class='ocrx_word' id='word_1_449' title='bbox 1360 3828 1552 3883; x_wconf 85' lang='lat' dir='ltr'><strong>aetate</strong></span> <span class='ocrx_word' id='word_1_450' title='bbox 1569 3820 1634 3906; x_wconf 88' lang='lat'><strong>²).</strong></span> <span class='ocrx_word' id='word_1_451' title='bbox 1667 3858 1757 3870; x_wconf 91' lang='lat'>—</span> <span class='ocrx_word' id='word_1_452' title='bbox 1814 3837 2558 3922; x_wconf 54' lang='lat' dir='ltr'><strong>appellata)‚1mpugnavst</strong></span> <span class='ocrx_word' id='word_1_453' title='bbox 2578 3843 2822 3898; x_wconf 60' lang='lat' dir='ltr'><strong>strenue</strong></span> <span class='ocrx_word' id='word_1_454' title='bbox 2853 3838 2958 3897; x_wconf 66' lang='lat' dir='ltr'><strong>No</strong></span> <span class='ocrx_word' id='word_1_455' title='bbox 2978 3858 3091 3897; x_wconf 64' lang='lat' dir='ltr'><strong>vg-</strong></span> 
     </span>
    </p>
   </div>
   <div class='ocr_carea' id='block_1_9' title="bbox 476 3910 1761 4079">
    <p class='ocr_par' dir='ltr' id='par_1_9' title="bbox 476 3910 1761 4079">
     <span class='ocr_line' id='line_1_82' title="bbox 480 3910 1761 3996; baseline -0.001 -24"><span class='ocrx_word' id='word_1_456' title='bbox 480 3915 705 3974; x_wconf 82' lang='lat' dir='ltr'><strong>Paucae</strong></span> <span class='ocrx_word' id='word_1_457' title='bbox 737 3910 875 3996; x_wconf 89' lang='grc'><strong>(11)</strong></span> <span class='ocrx_word' id='word_1_458' title='bbox 919 3930 1139 3988; x_wconf 88' lang='lat' dir='ltr'><strong>eaeque</strong></span> <span class='ocrx_word' id='word_1_459' title='bbox 1182 3912 1392 3972; x_wconf 80' lang='lat' dir='ltr'><strong>breves</strong></span> <span class='ocrx_word' id='word_1_460' title='bbox 1438 3917 1761 3988; x_wconf 86' lang='lat' dir='ltr'><strong>supersunt</strong></span> 
     </span>
     <span class='ocr_line' id='line_1_83' title="bbox 476 4001 1759 4079; baseline 0 -19"><span class='ocrx_word' id='word_1_461' title='bbox 476 4005 763 4079; x_wconf 73' lang='lat' dir='ltr'><strong>epistolae.</strong></span> <span class='ocrx_word' id='word_1_462' title='bbox 796 4038 882 4046; x_wconf 72' lang='lat'><strong>-—</strong></span> <span class='ocrx_word' id='word_1_463' title='bbox 913 4002 1048 4061; x_wconf 85' lang='lat' dir='ltr'><strong>Alia</strong></span> <span class='ocrx_word' id='word_1_464' title='bbox 1078 4001 1365 4077; x_wconf 88' lang='lat' dir='ltr'><strong>quaedam</strong></span> <span class='ocrx_word' id='word_1_465' title='bbox 1399 4003 1683 4078; x_wconf 85' lang='lat' dir='ltr'><strong>opuscula</strong></span> <span class='ocrx_word' id='word_1_466' title='bbox 1702 4003 1759 4061; x_wconf 89' lang='lat' dir='ltr'><strong>ei</strong></span> 
     </span>
    </p>
   </div>
   <div class='ocr_carea' id='block_1_10' title="bbox 479 4145 799 4154">
    <p class='ocr_par' dir='ltr' id='par_1_10' title="bbox 479 4145 799 4154">
     <span class='ocr_line' id='line_1_84' title="bbox 479 4145 799 4154; baseline 0 1007"><span class='ocrx_word' id='word_1_467' title='bbox 479 4145 799 4154; x_wconf 95' lang='lat' dir='ltr'><strong> </strong></span> 
     </span>
    </p>
   </div>
   <div class='ocr_carea' id='block_1_11' title="bbox 1814 3963 2132 3973">
    <p class='ocr_par' dir='ltr' id='par_1_11' title="bbox 1814 3963 2132 3973">
     <span class='ocr_line' id='line_1_85' title="bbox 1814 3963 2132 3973; baseline 0 1188"><span class='ocrx_word' id='word_1_468' title='bbox 1814 3963 2132 3973; x_wconf 95' lang='lat' dir='ltr'><strong> </strong></span> 
     </span>
    </p>
   </div>
   <div class='ocr_carea' id='block_1_12' title="bbox 1813 4007 3097 4225">
    <p class='ocr_par' dir='ltr' id='par_1_12' title="bbox 1813 4007 3097 4225">
     <span class='ocr_line' id='line_1_86' title="bbox 1892 4007 3095 4082; baseline -0.002 -19"><span class='ocrx_word' id='word_1_469' title='bbox 1892 4016 1928 4082; x_wconf 81' lang='lat'><strong>¹)</strong></span> <span class='ocrx_word' id='word_1_470' title='bbox 1971 4014 2156 4067; x_wconf 78' lang='lat' dir='ltr'><strong>Versus</strong></span> <span class='ocrx_word' id='word_1_471' title='bbox 2181 4014 2370 4065; x_wconf 82' lang='lat' dir='ltr'><strong>tamen</strong></span> <span class='ocrx_word' id='word_1_472' title='bbox 2394 4015 2453 4065; x_wconf 79' lang='lat' dir='ltr'><strong>in</strong></span> <span class='ocrx_word' id='word_1_473' title='bbox 2485 4012 2786 4065; x_wconf 73' lang='lat' dir='ltr'><strong>bibliotheca</strong></span> <span class='ocrx_word' id='word_1_474' title='bbox 2812 4025 2847 4061; x_wconf 81' lang='lat' dir='ltr'><strong>a</strong></span> <span class='ocrx_word' id='word_1_475' title='bbox 2873 4007 2930 4061; x_wconf 77' lang='lat' dir='ltr'>M</span> <span class='ocrx_word' id='word_1_476' title='bbox 2947 4025 2980 4061; x_wconf 88' lang='lat' dir='ltr'><strong>a</strong></span> <span class='ocrx_word' id='word_1_477' title='bbox 2995 4026 3036 4061; x_wconf 86' lang='lat' dir='ltr'><strong>n</strong></span> <span class='ocrx_word' id='word_1_478' title='bbox 3051 4008 3095 4062; x_wconf 87' lang='lat' dir='ltr'><strong>i-</strong></span> 
     </span>
     <span class='ocr_line' id='line_1_87' title="bbox 1813 4080 3097 4150; baseline 0 -14"><span class='ocrx_word' id='word_1_479' title='bbox 1813 4082 1923 4137; x_wconf 91' lang='lat' dir='ltr'><strong>tio</strong></span> <span class='ocrx_word' id='word_1_480' title='bbox 1952 4082 2149 4138; x_wconf 86' lang='lat' dir='ltr'><strong>Gesch.</strong></span> <span class='ocrx_word' id='word_1_481' title='bbox 2177 4081 2277 4136; x_wconf 91' lang='lat' dir='ltr'><strong>der</strong></span> <span class='ocrx_word' id='word_1_482' title='bbox 2302 4082 2520 4136; x_wconf 80' lang='lat' dir='ltr'><strong>christi.</strong></span> <span class='ocrx_word' id='word_1_483' title='bbox 2553 4080 2655 4136; x_wconf 82' lang='lat' dir='ltr'><strong>lat.</strong></span> <span class='ocrx_word' id='word_1_484' title='bbox 2685 4080 2880 4134; x_wconf 87' lang='lat' dir='ltr'><strong>Poesie</strong></span> <span class='ocrx_word' id='word_1_485' title='bbox 2905 4098 2963 4150; x_wconf 90' lang='lat' dir='ltr'><strong>p.</strong></span> <span class='ocrx_word' id='word_1_486' title='bbox 2986 4087 3097 4136; x_wconf 75' lang='lat'><strong>414</strong></span> 
     </span>
     <span class='ocr_line' id='line_1_88' title="bbox 1814 4152 3096 4225; baseline -0.002 -17"><span class='ocrx_word' id='word_1_487' title='bbox 1814 4153 2056 4225; x_wconf 86' lang='lat' dir='ltr'><strong>genuini</strong></span> <span class='ocrx_word' id='word_1_488' title='bbox 2081 4155 2368 4208; x_wconf 81' lang='lat' dir='ltr'><strong>habentur</strong></span> <span class='ocrx_word' id='word_1_489' title='bbox 2387 4175 2398 4214; x_wconf 74' lang='grc' dir='ltr'>ς</span> <span class='ocrx_word' id='word_1_490' title='bbox 2425 4155 2475 4206; x_wconf 88' lang='lat' dir='ltr'>A</span> <span class='ocrx_word' id='word_1_491' title='bbox 2491 4169 2520 4205; x_wconf 87' lang='lat' dir='ltr'><strong>r</strong></span> <span class='ocrx_word' id='word_1_492' title='bbox 2535 4169 2564 4206; x_wconf 85' lang='lat' dir='ltr'><strong>c</strong></span> <span class='ocrx_word' id='word_1_493' title='bbox 2584 4171 2616 4206; x_wconf 86' lang='lat' dir='ltr'><strong>v</strong></span> <span class='ocrx_word' id='word_1_494' title='bbox 2632 4168 2668 4205; x_wconf 80' lang='lat' dir='ltr'><strong>a</strong></span> <span class='ocrx_word' id='word_1_495' title='bbox 2684 4152 2704 4206; x_wconf 87' lang='lat'><em>1</em></span> <span class='ocrx_word' id='word_1_496' title='bbox 2721 4168 2751 4206; x_wconf 94' lang='lat' dir='ltr'><strong>o</strong></span> <span class='ocrx_word' id='word_1_497' title='bbox 2780 4168 2976 4206; x_wconf 86' lang='lat' dir='ltr'><strong>eorum</strong></span> <span class='ocrx_word' id='word_1_498' title='bbox 3001 4167 3096 4222; x_wconf 87' lang='lat' dir='ltr'><strong>ge-</strong></span> 
     </span>
    </p>
   </div>
   <div class='ocr_carea' id='block_1_13' title="bbox 562 4222 3095 4297">
    <p class='ocr_par' dir='ltr' id='par_1_13' title="bbox 562 4222 3095 4297">
     <span class='ocr_line' id='line_1_89' title="bbox 562 4222 3095 4297; baseline -0.002 -19"><span class='ocrx_word' id='word_1_499' title='bbox 562 4234 594 4278; x_wconf 67' lang='grc' dir='ltr'>ιι</span> <span class='ocrx_word' id='word_1_500' title='bbox 624 4227 733 4281; x_wconf 79' lang='lat' dir='ltr'><strong>Der</strong></span> <span class='ocrx_word' id='word_1_501' title='bbox 760 4228 988 4297; x_wconf 81' lang='lat' dir='ltr'><strong>Mangel</strong></span> <span class='ocrx_word' id='word_1_502' title='bbox 1026 4243 1099 4280; x_wconf 82' lang='lat' dir='ltr'><strong>an</strong></span> <span class='ocrx_word' id='word_1_503' title='bbox 1128 4225 1636 4296; x_wconf 67' lang='lat' dir='ltr'><strong>Selbsttlndigkeit,</strong></span> <span class='ocrx_word' id='word_1_504' title='bbox 1678 4225 1760 4280; x_wconf 87' lang='lat' dir='ltr'><strong>ita</strong></span> <span class='ocrx_word' id='word_1_505' title='bbox 1816 4225 2165 4279; x_wconf 85' lang='lat' dir='ltr'><strong>nuinitatem</strong></span> <span class='ocrx_word' id='word_1_506' title='bbox 2229 4228 2440 4279; x_wconf 85' lang='lat' dir='ltr'><strong>certam</strong></span> <span class='ocrx_word' id='word_1_507' title='bbox 2489 4241 2605 4278; x_wconf 91' lang='lat' dir='ltr'><strong>non</strong></span> <span class='ocrx_word' id='word_1_508' title='bbox 2655 4225 2845 4277; x_wconf 86' lang='lat' dir='ltr'><strong>censet</strong></span> <span class='ocrx_word' id='word_1_509' title='bbox 2897 4222 3095 4275; x_wconf 76' lang='lat' dir='ltr'><strong>isidor.</strong></span> 
     </span>
    </p>
   </div>
   <div class='ocr_carea' id='block_1_14' title="bbox 482 4295 1761 4368">
    <p class='ocr_par' dir='ltr' id='par_1_14' title="bbox 482 4295 1761 4368">
     <span class='ocr_line' id='line_1_90' title="bbox 482 4295 1761 4368; baseline -0.002 -16"><span class='ocrx_word' id='word_1_510' title='bbox 482 4295 690 4352; x_wconf 56' lang='lat' dir='ltr'><strong>Dz&#39;ial</strong></span> <span class='ocrx_word' id='word_1_511' title='bbox 712 4298 946 4354; x_wconf 78' lang='lat' dir='ltr'><strong>owski</strong></span> <span class='ocrx_word' id='word_1_512' title='bbox 975 4317 1027 4368; x_wconf 84' lang='lat' dir='ltr'><strong>p.</strong></span> <span class='ocrx_word' id='word_1_513' title='bbox 1063 4305 1179 4360; x_wconf 81' lang='lat'><strong>120,</strong></span> <span class='ocrx_word' id='word_1_514' title='bbox 1207 4314 1341 4352; x_wconf 87' lang='lat' dir='ltr'><strong>suae</strong></span> <span class='ocrx_word' id='word_1_515' title='bbox 1369 4298 1473 4362; x_wconf 77' lang='lat' dir='ltr'><strong>ed..</strong></span> <span class='ocrx_word' id='word_1_516' title='bbox 1501 4298 1620 4350; x_wconf 86' lang='lat' dir='ltr'><strong>und</strong></span> <span class='ocrx_word' id='word_1_517' title='bbox 1660 4298 1761 4350; x_wconf 85' lang='lat' dir='ltr'><strong>der</strong></span> 
     </span>
    </p>
   </div>
   <div class='ocr_carea' id='block_1_15' title="bbox 1815 4293 3095 4368">
    <p class='ocr_par' dir='ltr' id='par_1_15' title="bbox 1815 4293 3095 4368">
     <span class='ocr_line' id='line_1_91' title="bbox 1815 4293 3095 4368; baseline -0.002 -19"><span class='ocrx_word' id='word_1_518' title='bbox 1815 4317 1870 4367; x_wconf 85' lang='lat' dir='ltr'><strong>p.</strong></span> <span class='ocrx_word' id='word_1_519' title='bbox 1901 4297 1978 4350; x_wconf 86' lang='lat'><strong>111</strong></span> <span class='ocrx_word' id='word_1_520' title='bbox 2003 4314 2049 4350; x_wconf 90' lang='lat' dir='ltr'><strong>c.</strong></span> <span class='ocrx_word' id='word_1_521' title='bbox 2076 4305 2139 4352; x_wconf 88' lang='grc'><strong>81</strong></span> <span class='ocrx_word' id='word_1_522' title='bbox 2185 4295 2454 4368; x_wconf 82' lang='lat' dir='ltr'><strong>(Migne</strong></span> <span class='ocrx_word' id='word_1_523' title='bbox 2481 4295 2725 4358; x_wconf 83' lang='lat' dir='ltr'>LXXXI,</span> <span class='ocrx_word' id='word_1_524' title='bbox 2770 4295 2910 4361; x_wconf 81' lang='lat'><strong>575).</strong></span> <span class='ocrx_word' id='word_1_525' title='bbox 2961 4293 3095 4347; x_wconf 85' lang='lat' dir='ltr'><strong>Ger-</strong></span> 
     </span>
    </p>
   </div>
   <div class='ocr_carea' id='block_1_16' title="bbox 480 4365 3096 4511">
    <p class='ocr_par' dir='ltr' id='par_1_16' title="bbox 480 4365 3096 4511">
     <span class='ocr_line' id='line_1_92' title="bbox 482 4365 3096 4440; baseline -0.002 -18"><span class='ocrx_word' id='word_1_526' title='bbox 482 4371 713 4440; x_wconf 79' lang='lat' dir='ltr'><strong>Mangel</strong></span> <span class='ocrx_word' id='word_1_527' title='bbox 727 4388 802 4424; x_wconf 80' lang='lat' dir='ltr'><strong>an</strong></span> <span class='ocrx_word' id='word_1_528' title='bbox 818 4369 1263 4425; x_wconf 78' lang='lat' dir='ltr'><strong>Griindlichkeit</strong></span> <span class='ocrx_word' id='word_1_529' title='bbox 1277 4368 1499 4424; x_wconf 90' lang='lat' dir='ltr'><strong>bleiben</strong></span> <span class='ocrx_word' id='word_1_530' title='bbox 1519 4369 1611 4422; x_wconf 90' lang='lat' dir='ltr'><strong>die</strong></span> <span class='ocrx_word' id='word_1_531' title='bbox 1632 4370 1761 4422; x_wconf 85' lang='lat' dir='ltr'><strong>cha·</strong></span> <span class='ocrx_word' id='word_1_532' title='bbox 1815 4369 2035 4422; x_wconf 86' lang='lat' dir='ltr'><strong>manice</strong></span> <span class='ocrx_word' id='word_1_533' title='bbox 2095 4367 2347 4422; x_wconf 89' lang='lat' dir='ltr'><strong>redditos</strong></span> <span class='ocrx_word' id='word_1_534' title='bbox 2408 4368 2584 4421; x_wconf 86' lang='lat' dir='ltr'><strong>habes</strong></span> <span class='ocrx_word' id='word_1_535' title='bbox 2630 4365 2786 4435; x_wconf 87' lang='lat' dir='ltr'><strong>apud</strong></span> <span class='ocrx_word' id='word_1_536' title='bbox 2851 4365 2895 4418; x_wconf 92' lang='lat' dir='ltr'><strong>B</strong></span> <span class='ocrx_word' id='word_1_537' title='bbox 2911 4382 2946 4419; x_wconf 87' lang='lat' dir='ltr'><strong>a</strong></span> <span class='ocrx_word' id='word_1_538' title='bbox 2962 4382 3000 4418; x_wconf 93' lang='lat' dir='ltr'><strong>u</strong></span> <span class='ocrx_word' id='word_1_539' title='bbox 3014 4382 3096 4419; x_wconf 89' lang='lat' dir='ltr'><strong>m-</strong></span> 
     </span>
     <span class='ocr_line' id='line_1_93' title="bbox 480 4438 2453 4511; baseline 0 -17"><span class='ocrx_word' id='word_1_540' title='bbox 480 4442 951 4496; x_wconf 72' lang='lat' dir='ltr'><strong>rukteristischen</strong></span> <span class='ocrx_word' id='word_1_541' title='bbox 978 4440 1506 4511; x_wconf 81' lang='lat' dir='ltr'><strong>Hauptmerkmale,</strong></span> <span class='ocrx_word' id='word_1_542' title='bbox 1545 4440 1761 4494; x_wconf 80' lang='lat' dir='ltr'><strong>welche</strong></span> <span class='ocrx_word' id='word_1_543' title='bbox 1815 4459 1853 4508; x_wconf 90' lang='lat' dir='ltr'><strong>g</strong></span> <span class='ocrx_word' id='word_1_544' title='bbox 1873 4442 2042 4492; x_wconf 79' lang='lat' dir='ltr'><strong>artu</strong></span> <span class='ocrx_word' id='word_1_545' title='bbox 2059 4455 2089 4493; x_wconf 85' lang='lat' dir='ltr'><strong>c</strong></span> <span class='ocrx_word' id='word_1_546' title='bbox 2106 4458 2132 4491; x_wconf 87' lang='lat' dir='ltr'><strong>r</strong></span> <span class='ocrx_word' id='word_1_547' title='bbox 2159 4438 2254 4502; x_wconf 85' lang='lat' dir='ltr'><strong>IV,</strong></span> <span class='ocrx_word' id='word_1_548' title='bbox 2282 4447 2384 4494; x_wconf 83' lang='lat'><strong>245</strong></span> <span class='ocrx_word' id='word_1_549' title='bbox 2412 4456 2453 4494; x_wconf 77' lang='lat' dir='ltr'><strong>s·</strong></span> 
     </span>
    </p>
   </div>
   <div class='ocr_carea' id='block_1_17' title="bbox 483 4511 1762 4654">
    <p class='ocr_par' dir='ltr' id='par_1_17' title="bbox 483 4511 1762 4654">
     <span class='ocr_line' id='line_1_94' title="bbox 483 4511 1761 4569; baseline -0.001 -4"><span class='ocrx_word' id='word_1_550' title='bbox 483 4513 729 4567; x_wconf 75' lang='lat' dir='ltr'><strong>vielfach</strong></span> <span class='ocrx_word' id='word_1_551' title='bbox 774 4514 900 4569; x_wconf 84' lang='lat' dir='ltr'><strong>dem</strong></span> <span class='ocrx_word' id='word_1_552' title='bbox 944 4512 1404 4566; x_wconf 82' lang='lat' dir='ltr'><strong>aufmerksamen</strong></span> <span class='ocrx_word' id='word_1_553' title='bbox 1449 4511 1614 4565; x_wconf 86' lang='lat' dir='ltr'><strong>Leser</strong></span> <span class='ocrx_word' id='word_1_554' title='bbox 1664 4512 1761 4565; x_wconf 87' lang='lat' dir='ltr'><strong>des</strong></span> 
     </span>
     <span class='ocr_line' id='line_1_95' title="bbox 484 4583 1762 4654; baseline 0.001 -20"><span class='ocrx_word' id='word_1_555' title='bbox 484 4584 790 4653; x_wconf 70' lang='lat' dir='ltr'><strong>K21taloges</strong></span> <span class='ocrx_word' id='word_1_556' title='bbox 817 4585 876 4638; x_wconf 89' lang='lat' dir='ltr'><strong>in</strong></span> <span class='ocrx_word' id='word_1_557' title='bbox 905 4583 997 4637; x_wconf 86' lang='lat' dir='ltr'><strong>die</strong></span> <span class='ocrx_word' id='word_1_558' title='bbox 1018 4585 1222 4654; x_wconf 86' lang='lat' dir='ltr'><strong>Augen</strong></span> <span class='ocrx_word' id='word_1_559' title='bbox 1250 4583 1441 4646; x_wconf 80' lang='lat' dir='ltr'><strong>fallen,</strong></span> <span class='ocrx_word' id='word_1_560' title='bbox 1470 4583 1589 4636; x_wconf 91' lang='lat' dir='ltr'><strong>und</strong></span> <span class='ocrx_word' id='word_1_561' title='bbox 1629 4583 1762 4636; x_wconf 89' lang='lat' dir='ltr'><strong>den-</strong></span> 
     </span>
    </p>
   </div>
   <div class='ocr_carea' id='block_1_18' title="bbox 1889 4507 3095 4653">
    <p class='ocr_par' dir='ltr' id='par_1_18' title="bbox 1889 4507 3095 4653">
     <span class='ocr_line' id='line_1_96' title="bbox 1892 4507 2808 4582; baseline -0.005 -17"><span class='ocrx_word' id='word_1_562' title='bbox 1892 4517 1931 4582; x_wconf 69' lang='lat'><strong>2)</strong></span> <span class='ocrx_word' id='word_1_563' title='bbox 1961 4509 2042 4564; x_wconf 84' lang='lat' dir='ltr'><strong>Cf.</strong></span> <span class='ocrx_word' id='word_1_564' title='bbox 2071 4510 2362 4565; x_wconf 85' lang='lat' dir='ltr'><strong>Kaulen</strong></span> <span class='ocrx_word' id='word_1_565' title='bbox 2388 4507 2623 4570; x_wconf 81' lang='lat' dir='ltr'><strong>KL.1V‚</strong></span> <span class='ocrx_word' id='word_1_566' title='bbox 2657 4513 2808 4563; x_wconf 82' lang='lat'><strong>1012.</strong></span> 
     </span>
     <span class='ocr_line' id='line_1_97' title="bbox 1889 4578 3095 4653; baseline -0.001 -17"><span class='ocrx_word' id='word_1_567' title='bbox 1889 4587 1931 4653; x_wconf 83' lang='lat'><strong>⁸)</strong></span> <span class='ocrx_word' id='word_1_568' title='bbox 1960 4581 2042 4636; x_wconf 88' lang='lat' dir='ltr'><strong>Cf.</strong></span> <span class='ocrx_word' id='word_1_569' title='bbox 2070 4581 2429 4636; x_wconf 79' lang='lat' dir='ltr'><strong>Gallandi</strong></span> <span class='ocrx_word' id='word_1_570' title='bbox 2458 4579 2593 4635; x_wconf 87' lang='lat' dir='ltr'><strong>bibl.</strong></span> <span class='ocrx_word' id='word_1_571' title='bbox 2623 4579 2730 4631; x_wconf 89' lang='lat' dir='ltr'><strong>PP.</strong></span> <span class='ocrx_word' id='word_1_572' title='bbox 2757 4578 2859 4632; x_wconf 87' lang='lat' dir='ltr'><strong>XII</strong></span> <span class='ocrx_word' id='word_1_573' title='bbox 2878 4599 2930 4650; x_wconf 88' lang='lat' dir='ltr'><strong>p.</strong></span> <span class='ocrx_word' id='word_1_574' title='bbox 2949 4578 3095 4637; x_wconf 80' lang='lat' dir='ltr'>XIV:</span> 
     </span>
    </p>
   </div>
   <div class='ocr_carea' id='block_1_19' title="bbox 482 4650 3098 4724">
    <p class='ocr_par' dir='ltr' id='par_1_19' title="bbox 482 4650 3098 4724">
     <span class='ocr_line' id='line_1_98' title="bbox 482 4650 3098 4724; baseline -0.001 -18"><span class='ocrx_word' id='word_1_575' title='bbox 482 4655 676 4708; x_wconf 83' lang='lat' dir='ltr'><strong>selben</strong></span> <span class='ocrx_word' id='word_1_576' title='bbox 705 4674 774 4708; x_wconf 88' lang='lat' dir='ltr'><strong>zu</strong></span> <span class='ocrx_word' id='word_1_577' title='bbox 803 4656 982 4709; x_wconf 88' lang='lat' dir='ltr'><strong>einem</strong></span> <span class='ocrx_word' id='word_1_578' title='bbox 1012 4653 1519 4724; x_wconf 68' lang='lat' dir='ltr'><strong>unzuverlassigen</strong></span> <span class='ocrx_word' id='word_1_579' title='bbox 1546 4654 1762 4708; x_wconf 78' lang='lat' dir='ltr'><strong>Fiihrer</strong></span> <span class='ocrx_word' id='word_1_580' title='bbox 1817 4653 1858 4704; x_wconf 80' lang='lat' dir='ltr'><strong>F</strong></span> <span class='ocrx_word' id='word_1_581' title='bbox 1875 4670 1909 4705; x_wconf 80' lang='lat' dir='ltr'><strong>a</strong></span> <span class='ocrx_word' id='word_1_582' title='bbox 1927 4654 1999 4706; x_wconf 90' lang='lat' dir='ltr'><strong>br</strong></span> <span class='ocrx_word' id='word_1_583' title='bbox 2017 4653 2035 4706; x_wconf 93' lang='lat' dir='ltr'><strong>i</strong></span> <span class='ocrx_word' id='word_1_584' title='bbox 2052 4669 2081 4705; x_wconf 93' lang='lat' dir='ltr'><strong>c</strong></span> <span class='ocrx_word' id='word_1_585' title='bbox 2097 4652 2117 4705; x_wconf 92' lang='lat' dir='ltr'><strong>i</strong></span> <span class='ocrx_word' id='word_1_586' title='bbox 2134 4671 2170 4707; x_wconf 92' lang='lat' dir='ltr'><strong>u</strong></span> <span class='ocrx_word' id='word_1_587' title='bbox 2190 4671 2214 4705; x_wconf 90' lang='lat' dir='ltr'><strong>s</strong></span> <span class='ocrx_word' id='word_1_588' title='bbox 2231 4684 2247 4693; x_wconf 91' lang='lat'><strong>·</strong></span> <span class='ocrx_word' id='word_1_589' title='bbox 2265 4653 2314 4706; x_wconf 87' lang='grc' dir='ltr'><strong>Η</strong></span> <span class='ocrx_word' id='word_1_590' title='bbox 2333 4670 2365 4705; x_wconf 82' lang='lat' dir='ltr'><strong>a</strong></span> <span class='ocrx_word' id='word_1_591' title='bbox 2381 4671 2408 4705; x_wconf 90' lang='lat' dir='ltr'><strong>r</strong></span> <span class='ocrx_word' id='word_1_592' title='bbox 2425 4652 2443 4706; x_wconf 94' lang='lat' dir='ltr'><strong>l</strong></span> <span class='ocrx_word' id='word_1_593' title='bbox 2459 4667 2488 4705; x_wconf 84' lang='lat' dir='ltr'><strong>e</strong></span> <span class='ocrx_word' id='word_1_594' title='bbox 2505 4669 2530 4705; x_wconf 91' lang='lat' dir='ltr'><strong>s</strong></span> <span class='ocrx_word' id='word_1_595' title='bbox 2546 4669 2572 4703; x_wconf 90' lang='lat' dir='ltr'><strong>s</strong></span> <span class='ocrx_word' id='word_1_596' title='bbox 2597 4650 2665 4715; x_wconf 87' lang='lat' dir='ltr'><strong>X,</strong></span> <span class='ocrx_word' id='word_1_597' title='bbox 2694 4656 2799 4706; x_wconf 78' lang='lat'><strong>743</strong></span> <span class='ocrx_word' id='word_1_598' title='bbox 2824 4667 2893 4710; x_wconf 85' lang='lat' dir='ltr'><strong>s.;</strong></span> <span class='ocrx_word' id='word_1_599' title='bbox 2923 4650 3098 4703; x_wconf 80' lang='lat' dir='ltr'><strong>Febr</strong></span> 
     </span>
    </p>
   </div>
   <div class='ocr_carea' id='block_1_20' title="bbox 482 4725 1495 4795">
    <p class='ocr_par' dir='ltr' id='par_1_20' title="bbox 482 4725 1495 4795">
     <span class='ocr_line' id='line_1_99' title="bbox 482 4725 1495 4795; baseline 0.003 -19"><span class='ocrx_word' id='word_1_600' title='bbox 482 4725 542 4776; x_wconf 87' lang='lat' dir='ltr'><strong>in</strong></span> <span class='ocrx_word' id='word_1_601' title='bbox 572 4726 962 4780; x_wconf 77' lang='lat' dir='ltr'><strong>literarischen</strong></span> <span class='ocrx_word' id='word_1_602' title='bbox 992 4726 1210 4795; x_wconf 83' lang='lat' dir='ltr'><strong>Fragen</strong></span> <span class='ocrx_word' id='word_1_603' title='bbox 1239 4726 1495 4779; x_wconf 81' lang='lat' dir='ltr'><strong>macheu.</strong></span> 
     </span>
    </p>
   </div>
   <div class='ocr_carea' id='block_1_21' title="bbox 1817 4722 2877 4788">
    <p class='ocr_par' dir='ltr' id='par_1_21' title="bbox 1817 4722 2877 4788">
     <span class='ocr_line' id='line_1_100' title="bbox 1817 4722 2877 4788; baseline 0.001 -12"><span class='ocrx_word' id='word_1_604' title='bbox 1817 4724 1929 4777; x_wconf 86' lang='lat' dir='ltr'><strong>KL.</strong></span> <span class='ocrx_word' id='word_1_605' title='bbox 1959 4725 2052 4787; x_wconf 87' lang='lat' dir='ltr'><strong>IV,</strong></span> <span class='ocrx_word' id='word_1_606' title='bbox 2079 4731 2216 4780; x_wconf 81' lang='lat'>984:</span> <span class='ocrx_word' id='word_1_607' title='bbox 2243 4722 2553 4778; x_wconf 84' lang='lat' dir='ltr'><strong>Nirschl</strong></span> <span class='ocrx_word' id='word_1_608' title='bbox 2583 4724 2677 4787; x_wconf 82' lang='lat'><strong>111,</strong></span> <span class='ocrx_word' id='word_1_609' title='bbox 2703 4731 2731 4788; x_wconf 63' lang='grc' dir='ltr'><strong>ξ</strong></span> <span class='ocrx_word' id='word_1_610' title='bbox 2757 4729 2877 4779; x_wconf 80' lang='lat'><strong>340.</strong></span> 
     </span>
    </p>
   </div>
  </div>
 </body>
</html>
