3505 5161
391 231 471 285 39
1522 219 1574 272 S.
1604 221 1884 273 Irenaeus.
2931 241 3010 291 90

390 404 508 463 Nec
538 401 787 474 infelici,
822 406 896 461 ut
925 404 1178 475 videtur,
1213 423 1510 475 successu,
1532 426 1668 466 nam
1725 406 1862 465 Non
1894 407 2115 466 desunt
2144 409 2344 465 tamen
2376 408 2550 467 naevi
2592 410 2653 467 et
2684 408 3006 478 doctrinae,

388 512 498 570 pax
517 493 677 550 inter
690 510 968 551 romanos
987 494 1296 568 pontifices
1316 500 1379 554 et
1398 496 1666 566 Asianos,
1724 513 1861 553 cum
1893 495 2126 570 aliquot
2156 497 2468 572 opiniones
2519 497 2757 571 probari
2788 515 3012 572 neque-

390 583 529 641 lieet
557 581 620 638 hi
651 600 687 639 a
717 599 829 640 suo
849 600 969 640 non
989 583 1373 643 discesserint
1392 603 1529 657 usu,
1549 604 1668 644 non
1724 588 1848 655 ant,
1883 588 1944 643 et
1975 584 2257 655 methodi,
2294 604 2446 659 quae
2476 586 2678 643 minus
2731 589 2825 644 est
2873 605 3011 646 con-

388 672 501 730 fuit
532 670 804 745 abrupta.
869 672 1052 730 Juxta
1080 672 1485 745 traditionem,
1517 693 1670 749 quae
1725 674 1929 732 cinna:
1978 674 2202 749 quibus
2235 679 2437 733 tamen
2469 693 2590 733 non
2624 674 3009 734 obstantibus

379 762 502 835 jam
533 760 691 835 apud
712 777 759 818 s.
793 759 1280 837 Hieronymu
1300 783 1359 821 m
1391 763 1546 821 inIs.
1567 774 1666 831 64,
1725 781 1877 837 opus
1909 765 2003 821 est
2033 762 2251 821 summi
2270 763 2465 839 pretii,
2500 764 2805 833 momenti,
2839 764 3008 822 utili-

390 856 426 911 4
459 849 777 925 reperitur,
827 850 930 907 sed
973 851 1402 910 recentioribus
1450 852 1670 911 criticis
1724 852 1887 922 tatis,
1924 852 2062 910 hinc
2105 871 2139 909 a
2182 853 2488 911 veteribus
2525 853 2651 928 jam
2683 853 2884 927 magni
2917 859 3010 911 est

386 938 625 998 videtur
653 937 837 996 dubia
855 932 917 1020 ¹),
967 939 1031 998 in
1073 958 1227 999 nova
1255 942 1668 1016 persecutione
1725 940 1966 999 factum.
2031 940 2332 1016 Scriptum
2381 945 2477 1001 est
2520 940 2730 1018 lingua
2777 959 3004 1018 graeca,

387 1029 500 1087 sub
551 1026 840 1103 Septimio
873 1028 1085 1087 Severo
1135 1047 1269 1087 cum
1314 1030 1525 1089 multis
1572 1032 1666 1090 sui
1726 1030 1829 1088 sed
1846 1032 2049 1088 textus
2072 1030 2397 1107 originalis,
2421 1031 2473 1089 si
2488 1030 2820 1107 fragmenta
2835 1049 3008 1107 prae-

385 1117 587 1194 gregis
620 1116 833 1175 ovibus
854 1118 1137 1194 martyrio
1171 1124 1484 1178 coronatus
1517 1120 1668 1178 obiit
1725 1118 1934 1176 sertim
1964 1137 2034 1177 ex
2068 1120 2104 1179 l.
2147 1130 2197 1181 1.
2230 1119 2503 1195 excipia8‚
2556 1120 2766 1195 periit:
2814 1121 3009 1178 exstat

383 1226 433 1268 a.
470 1216 617 1269 202.
1722 1211 1923 1265 tamen
1955 1207 2153 1266 versio
2184 1208 2372 1266 latina
2415 1208 2554 1267 stilo
2598 1209 2838 1285 quidem
2869 1209 3005 1266 bar-

1720 1295 1880 1366 baro,
1916 1296 2019 1355 sed
2067 1297 2238 1354 valde
2282 1298 2534 1372 antiqua
2579 1301 2641 1356 et
2687 1297 3004 1356 admodum

475 1395 575 1447 43.
608 1384 801 1442 Multa
830 1383 1079 1459 reliquit
1125 1385 1479 1445 eruditionis
1526 1386 1664 1445 zeli·
1719 1385 1931 1444 fidelis.
1993 1385 2224 1443 Prodiit
2268 1386 2377 1444 hoc
2427 1405 2580 1462 opus
2613 1404 2755 1446 cura
2786 1387 3002 1445 Eras-

383 1492 499 1548 que
544 1492 654 1550 pro
700 1472 817 1531 fide
863 1473 1147 1532 catholica
1196 1475 1422 1534 tuenda
1452 1494 1663 1534 monn·
1719 1474 1816 1532 mi
1849 1474 2116 1533 Basileus
2140 1483 2339 1545 15263
2371 1475 3003 1534 Fr.Feuardentii

383 1567 600 1631 menta,
633 1582 665 1620 e
697 1562 921 1638 quibus
953 1562 1406 1622 celeberrimum
1446 1567 1538 1622 est
1569 1583 1662 1624 so·
1718 1563 1964 1621 Parisiis
2007 1572 2466 1635 1576-1577;
2501 1563 2772 1623 Coloniae
2814 1574 3003 1633 1596;

380 1651 626 1729 lumque
672 1651 828 1711 diem
874 1651 1023 1709 tulit
1072 1670 1224 1727 opus
1273 1653 1660 1729 inscriptum:
1727 1661 1891 1714 1639
1943 1655 2081 1722 etc.;
2158 1652 2477 1710 Grabbii
2528 1653 2741 1711 Oxonii
2802 1662 2873 1714 17
2885 1662 3000 1723 02;

373 1733 680 1824 Ἔλεγχος
697 1743 801 1802 καὶ
821 1738 1131 1827 ἀνατροπὴ
1152 1751 1260 1824 τῆς
1291 1738 1663 1826 ψευδονύμου
1718 1741 2098 1800 Massueti
2149 1741 2394 1799 Parisiis
2455 1750 2636 1812 1710,
2690 1741 2780 1803 ed.
2829 1760 3001 1817 prae-

378 1832 671 1908 γνώσεως.
734 1830 984 1887 Detectio
1017 1838 1067 1887 et
1098 1833 1308 1889 eversio
1347 1832 1496 1907 falso
1527 1851 1660 1908 ευρ-
1717 1829 2090 1888 stantissima
2122 1830 2643 1889 dissertationibus
2685 1833 2876 1901 aucta,
2907 1848 2999 1889 re-

379 1922 709 1977 nominatae
738 1921 1070 1995 aqnitionis,
1105 1920 1269 1995 quod
1293 1921 1534 1979 brevius
1566 1922 1659 1980 in·
1715 1937 1859 1977 cusa
1890 1918 2154 1978 Venetiis
2197 1928 2378 1987 1734,
2433 1924 2496 1977 et
2539 1940 2572 1977 a
2605 1919 2855 1996 Migne
2889 1919 2999 1977 Pa·

377 2007 661 2066 scribitur
710 2008 879 2065 Libri
925 2002 1041 2089 (V)
1086 2010 1362 2069 adversus
1404 2011 1663 2069 haereses
1714 2008 1853 2066 trol.
1904 2027 1991 2085 gr.
2042 2011 2085 2070 t.
2152 2008 2287 2077 v11;
2351 2027 2491 2067 eura
2551 2010 2619 2069 A.
2684 2008 2997 2066 Stieren

378 2092 557 2179 (forte
588 2117 645 2174 p.
678 2116 729 2154 a.
770 2091 938 2177 180).
971 2098 1337 2157 Accuratein
1356 2099 1467 2157 hoc
1485 2117 1661 2174 opere
1714 2096 1949 2171 Lipsiae
1978 2106 2355 2166 1848-53;
2388 2099 2478 2156 W.
2500 2098 2796 2173 Harvey
2830 2096 2995 2155 Cam-

376 2186 782 2262 gnosticorum
815 2186 957 2244 inde
988 2207 1022 2245 a
1054 2186 1291 2246 Simone
1310 2188 1482 2265 Mago
1502 2206 1658 2246 com·
1715 2185 1926 2262 bridge
1982 2195 2170 2257 1857,
2233 2187 2324 2249 ed.
2385 2187 2635 2244 maxime
2685 2186 2995 2260 completa.

374 2275 545 2333 muni
576 2294 785 2335 eorum
814 2279 1077 2351 parente,
1111 2277 1364 2335 maxime
1384 2293 1524 2334 vero
1541 2276 1656 2334 Va-
1712 2275 2071 2350 Fragmenta
2102 2275 2357 2334 aliorum
2407 2294 2656 2345 operum
2689 2293 2735 2335 s,
2764 2275 2995 2333 Irenaei

375 2364 843 2424 lentinianorum
861 2364 1089 2423 somnia
1104 2365 1378 2424 abstrusa
1395 2366 1656 2440 exponit:
1711 2365 2101 2439 reperiuntur
2131 2365 2194 2422 in
2219 2365 2308 2422 ed.
2329 2364 2790 2432 recentioribus;
2823 2383 2995 2439 prae·

373 2453 531 2513 unde
563 2474 597 2512 a
627 2452 1133 2512 Tertulliano
1178 2454 1486 2523 ,omnium
1519 2454 1655 2513 doc·
1712 2452 1922 2510 sertim
1953 2453 2017 2512 in
2049 2452 2213 2511 Pitra
2244 2454 2412 2511 Anal.
2447 2454 2629 2512 sacris
2651 2454 2747 2523 IV,
2778 2461 2996 2515 17-35.

371 2543 665 2602 trinarum
684 2541 1121 2603 curiosissimus
1135 2542 1512 2619 explorator‘
1530 2562 1652 2602 me·
1708 2574 1802 2586 —--
1834 2542 2059 2602 Passim
2119 2546 2425 2619 tamquam
2481 2543 2744 2620 genuina
2789 2542 2995 2601 habita

370 2633 496 2690 ruit
557 2632 767 2692 audire
819 2627 980 2715 (adv.
1027 2632 1261 2695 Valent.
1324 2651 1372 2696 c.
1427 2628 1513 2714 5).
1573 2634 1656 2691 Ea
1711 2635 1856 2689 sunt
1887 2632 2140 2691 celebria
2170 2637 2429 2707 quatuor
2459 2633 2806 2708 fragmenta,
2841 2651 2994 2707 quae

370 2721 585 2780 deinde
616 2721 846 2781 ratione
875 2724 938 2779 et
967 2721 1173 2781 divina
1189 2722 1530 2781 traditionis
1562 2725 1652 2781 at·
1709 2721 1784 2782 M.
1810 2720 1939 2778 chr.
1963 2722 2052 2779 Pf
2059 2741 2094 2779 a
2108 2721 2138 2777 f
2147 2723 2174 2779 f
2182 2721 2305 2779 ius
2337 2722 2398 2779 in
2420 2721 2754 2780 taurinensi
2773 2720 2992 2779 biblio-

372 2829 488 2887 que
537 2829 584 2872 s.
630 2810 974 2887 Scripturas
1018 2811 1370 2870 auctoritate
1416 2811 1653 2874 refellit.
1708 2810 1881 2867 theca
1927 2827 1990 2868 se
2036 2809 2327 2884 reperisse
2371 2810 2742 2886 gloriabatur
2773 2808 2990 2867 edidit-

371 2899 499 2969 Qua
530 2900 836 2959 occasione
866 2900 1103 2978 egregie
1142 2901 1485 2959 traditionis
1527 2919 1652 2959 mo·
1708 2916 1824 2973 que
1875 2899 2076 2974 Hagae
2140 2907 2296 2961 1715
2346 2911 2454 2956 etc.
2517 2898 2850 2956 Recentiori
2894 2916 2990 2955 ae-

371 2992 640 3048 mentum
674 2993 737 3047 et
767 2989 1185 3048 auctoritatem
1230 3008 1372 3064 prae
1403 2989 1651 3065 reliquis
1705 2989 1830 3045 tate
1862 3004 1983 3044 non
2003 2986 2326 3045 defuerunt
2346 2987 2452 3060 qui
2472 2987 2685 3044 saltem
2703 2986 2775 3044 de
2804 2985 2989 3044 unius

372 3078 768 3154 scriptoribus
816 3078 1248 3137 vetustioribus
1293 3079 1514 3138 iterum
1559 3081 1648 3136 at·
1706 3075 1802 3133 vel
1833 3075 2082 3134 alterius
2130 3076 2445 3151 fragmenti
2492 3076 2841 3134 dubitarent
2886 3093 2988 3151 ge-

370 3184 486 3241 que
516 3166 739 3227 iterum
759 3166 1035 3238 inculcat,
1057 3186 1332 3227 romanae
1354 3167 1649 3226 Ecclesiae
1704 3164 2006 3223 nuinitate
2023 3160 2097 3244 ¹):
2132 3182 2268 3223 cum
2287 3183 2362 3222 en
2382 3165 2451 3227 A.
2471 3165 2526 3221 H
2541 3183 2576 3221 a
2590 3183 2672 3221 rn
2690 3181 2769 3222 ac
2783 3164 2825 3220 k
2857 3169 2987 3222 stu—

371 3256 694 3330 primatum
743 3255 1029 3333 agnoscit,
1091 3275 1290 3315 veram
1335 3256 1409 3315 de
1454 3274 1647 3315 sacra·
1703 3253 1990 3328 pentibus
2021 3253 2169 3311 viris
2201 3252 2455 3311 eruditis
2498 3252 2638 3314 diss.
2671 3252 2863 3311 edidit
2891 3252 2987 3310 in-

370 3348 569 3404 mento
601 3345 995 3404 eucharistiae
1013 3344 1344 3404 doctrinam
1363 3345 1649 3421 proponit
1703 3343 1989 3417 scriptam
2022 3343 2129 3400 Die
2150 3342 2499 3401 Pfaff'schen
2526 3342 2987 3418 Irenaus-Frag-

368 3434 603 3509 aliaque
634 3433 912 3511 dogmata
939 3433 1078 3493 fidei
1122 3434 1445 3493 catholicae
1475 3436 1545 3493 ut
1576 3433 1647 3492 de
1701 3436 1901 3490 mente
1964 3431 2054 3490 als
2115 3432 2530 3509 Falschungen
2578 3431 2764 3491 Pfaffs
2809 3432 2986 3489 nach-

367 3539 443 3580 ss.
474 3522 783 3592 Trinitate,
818 3522 1219 3582 incarnatione
1263 3525 1373 3585 etc.
1417 3526 1643 3592 tuetur,
1702 3521 2016 3597 gewiesen,
2079 3521 2311 3596 Lipsiae
2369 3531 2534 3583 1900
2598 3521 2664 3579 in
2712 3522 2877 3580 Text.
2925 3539 2984 3583 u.

365 3613 545 3686 atque
564 3611 639 3670 de
655 3611 712 3669 b.
730 3610 914 3669 Maria
928 3611 994 3673 V.
1009 3612 1306 3686 praeclare
1321 3612 1565 3670 disserit
1574 3608 1644 3693 2).

1705 3711 1844 3765 1870
1868 3708 2011 3761 etin
2041 3711 2165 3760 Act.
2207 3711 2264 3762 et
2303 3709 2452 3762 decr.
2492 3725 2646 3764 conc.
2685 3725 2794 3763 rec.
2823 3711 2862 3760 t.
2891 3707 2984 3764 1V.

1700 3799 1757 3849 p.
1787 3779 2176 3840 V-xxx1V;
2203 3783 2253 3832 A
2271 3782 2338 3833 tz
2361 3781 2628 3851 berger
2657 3780 2856 3834 Gesch.
2883 3779 2986 3833 der

438 3853 477 3921 ¹)
505 3849 646 3903 Eam
688 3850 914 3905 fortiter
958 3854 1155 3906 tuetur
1198 3853 1257 3906 L.
1300 3852 1439 3905 Lev
1458 3854 1488 3906 e
1506 3873 1541 3921 q
1560 3872 1597 3907 u
1615 3871 1644 3906 e
1701 3851 1916 3906 christi.
1945 3851 2346 3922 Eschatologie
2378 3852 2683 3904 innerhalb
2724 3851 2825 3903 der
2863 3867 2986 3903 vor-

365 3920 422 3974 in
467 3921 602 3974 diss.
647 3921 724 3976 Le
768 3927 1013 3992 martyre
1053 3923 1123 3976 de
1162 3924 1242 3978 St.
1282 3925 1542 3979 Irenee
1584 3925 1643 3979 in
1699 3922 1813 3976 nic.
1841 3923 1979 3984 Zeit,
2009 3922 2290 3993 Freiburg
2323 3929 2458 3980 1896
2483 3942 2538 3992 p.
2565 3928 2851 3979 219—‘263
2877 3925 2983 3974 etc,

364 3993 496 4045 fasc.
520 3992 607 4048 lit.
634 3993 713 4047 La
733 3994 951 4048 science
973 3995 1123 4047 cath.
1156 4000 1292 4051 1893
1317 3996 1439 4058 V11‚
1472 4003 1639 4052 191-
1782 3999 1815 4065 ¹)
1845 3994 1928 4048 Cf.
1981 3992 2076 4046 Fu
2094 3994 2188 4046 nk
2228 3994 2661 4064 kirchengesch.
2713 3993 2860 4045 Abh.
2917 3994 2980 4050 Il,

361 4068 480 4118 801.
1699 4065 1832 4119 diss.
1874 4072 1939 4121 10
1971 4084 2026 4136 p.
2077 4070 2371 4128 198—208‚
2408 4066 2579 4134 juxta
2620 4081 2790 4132 quem
2835 4064 2985 4132 frag·

434 4139 476 4198 ²)
502 4133 586 4189 cf.
614 4136 685 4190 de
709 4152 753 4189 s.
781 4135 999 4191 Irenaei
1024 4137 1285 4191 doctrina.
1312 4137 1459 4191 Mas
1476 4157 1501 4192 s
1518 4157 1555 4192 u
1573 4141 1645 4192 et
1699 4139 1893 4190 menta
1919 4143 1968 4191 ⁴2.
1997 4139 2055 4190 et
2079 4143 2128 4192 3.
2169 4136 2306 4189 satis
2346 4136 2525 4189 dubia
2566 4137 2730 4187 sunt:
2775 4142 2820 4188 1.
2848 4136 2906 4186 et
2928 4143 2979 4188 4.

360 4199 601 4260 indocta
616 4207 1645 4281 dimlllsuaeeapmemissa:Fess-
1698 4208 1954 4276 genuina
1994 4224 2112 4262 esse
2151 4211 2404 4277 possunt.
2459 4206 2540 4260 Cf.
2581 4206 2651 4258 de
2679 4223 2718 4258 s,
2747 4207 2982 4257 Irenaeo

358 4277 948 4349 ler-Jungmann
992 4289 1021 4346 5
1062 4289 1129 4337 56
1170 4300 1272 4339 ss.;
1328 4280 1643 4337 Nirschl
1698 4282 1925 4349 praeter
1968 4279 2113 4334 alios
2148 4280 2271 4348 jam
2312 4278 2518 4331 citatos
2562 4275 2979 4329 Bardenhe·

359 4361 385 4412 ξ
413 4353 479 4404 57
504 4366 607 4409 ss.;
641 4350 711 4403 de
738 4349 1129 4421 singularibus
1169 4351 1462 4405 doctrinae
1490 4369 1554 4405 ca
1601 4352 1640 4405 i·
1698 4366 1841 4404 wer
1879 4361 1906 4417 5
1947 4357 2044 4408 34:
2087 4349 2133 4402 G
2151 4348 2504 4403 ouilloud
2555 4348 2630 4400 st.
2688 4346 2880 4400 Irenee
2924 4349 2985 4398 et

360 4418 514 4473 tibus
562 4419 696 4476 Kle
713 4421 852 4474 bba
889 4421 984 4476 die
1034 4422 1490 4493 Anthropologie
1582 4440 1641 4477 es
1697 4439 1800 4475 sou
1853 4426 2037 4490 temps
2089 4421 2157 4472 11.
2199 4420 2367 4472 siecle
2410 4419 2481 4473 de
2525 4417 2773 4486 l'Eglise‚
2819 4417 2980 4484 Lyon

359 4490 412 4544 h.
440 4492 726 4555 Irenaeus,
766 4492 1021 4547 Milnster
1068 4500 1229 4554 1894;
1275 4495 1343 4547 de
1388 4493 1639 4564 primatu
1702 4497 1868 4552 1876:
1916 4493 2126 4545 Histor·
2170 4489 2317 4544 liffir·
2360 4491 2428 4542 de
2469 4492 2523 4544 la
2552 4488 2752 4543 anc·
2796 4493 2835 4541 t.
2869 4496 2892 4542 l
2923 4509 2978 4558 p·

359 4561 789 4633 Hagemann
844 4563 937 4617 die
976 4572 1115 4620 rom.
1167 4565 1375 4618 Kirche
1420 4564 1483 4619 in
1528 4566 1640 4621 den
1700 4571 1721 4618 1
1757 4582 1888 4636 pag.
1915 4568 2181 4627 324—52,
2220 4561 2320 4616 ubi
2361 4561 2514 4614 etde
2555 4561 2730 4613 variis
2755 4561 2842 4613 ed.
2870 4559 2981 4612 dis·

359 4636 543 4688 ersten
622 4634 747 4688 ‹ltei
820 4635 1020 4689 Jahrb.
1045 4679 1056 4700 ,
1138 4636 1418 4706 Freiburg
1503 4643 1642 4693 1864
1696 4636 1935 4694 seritur;
1999 4633 2307 4687 Streber
2354 4631 2465 4686 KL.
2519 4631 2611 4695 VI,
2660 4633 2824 4689 867-
2841 4635 2978 4690 872;

397 4743 410 4756 -
452 4708 760 4768 598-627ς
809 4707 1322 4766 Schneemann
1361 4709 1414 4761 S.
1462 4709 1530 4761 Ir.
1570 4709 1639 4761 de
1694 4707 1828 4760 Fre
1897 4707 2018 4776 pel
2058 4706 2136 4758 st.
2165 4704 2373 4763 Irenee,
2401 4703 2560 4756 Paris
2593 4707 2728 4758 1886
2754 4702 2840 4754 ed.
2869 4702 2976 4758 111:

402 4776 637 4832 eclesia-e
696 4794 839 4831 rom.
901 4779 1309 4840 testimonium,
1368 4778 1639 4848 Friburgi
1695 4778 1839 4830 Ehr
1907 4776 2032 4829 ard
2065 4777 2128 4838 11,
2156 4777 2436 4830 262—275
2462 4777 2569 4828 etc.
