3505 5161
1190 232 1460 287 Julianus
1486 233 1790 296 toletanus,
1820 234 2008 304 Tajus,
2038 235 2257 288 Petrus.

420 251 541 302 609
2906 260 3029 310 ⁴310

413 421 748 479 luntatibus
781 420 842 478 in
879 420 1102 496 synodo
1134 420 1216 479 VI
1261 421 1484 480 editae:
1532 420 1693 496 quod
1748 420 2034 480 adversus
2086 422 2390 481 Wambam
2442 425 2769 483 Gothorum
2832 445 3031 503 regem

411 510 821 585 tamenperiit.
839 510 1132 568 Cumvero
1148 509 1301 567 illud
1318 528 1436 568 non
1452 510 1692 569 omnino
1749 510 2169 588 (759-—808),
2231 513 2318 570 ed.
2370 531 2404 569 a
2452 513 2859 573 Duchesne
2910 516 3029 575 Sor.

410 599 704 675 placuerit
755 597 1025 674 pontifici
1073 598 1242 675 isque
1291 598 1581 657 nonnulla
1629 598 1692 656 in
1746 617 1859 657 rer.
1880 599 2080 660 Franc.
2102 600 2147 673 Ι,
2176 610 2514 665 821—831
2543 623 2557 672 ;
2592 603 2861 662 Florez
2892 604 3028 680 Esp.

412 707 479 747 eo
524 688 821 747 notaverit
849 689 1156 762 tamquam
1188 690 1381 747 rectae
1412 688 1546 745 fidei
1580 689 1691 746 mi·
1748 706 1901 765 sagr.
1935 687 2031 759 VI,
2072 698 2194 752 542
2230 692 2339 749 etc.
2373 725 2458 732 —
2489 691 2625 750 Alia
2669 709 2844 768 opera
2888 697 3033 751 sunt

411 796 525 836 nus
589 795 867 854 congrua,
939 776 1181 852 scripsit
1233 777 1691 854 Apologeticum
1748 778 2075 853 supposita,
2128 779 2322 837 multa
2353 779 2661 854 perierunt
2675 776 2738 862 ²),
2785 783 2854 839 ut
2897 782 3029 856 ejus

410 869 479 924 de
507 867 693 925 tribus
722 867 1014 941 capitulis,
1058 866 1131 924 de
1165 865 1385 941 quibus
1416 884 1691 925 romanae
1746 866 2021 928 carmina.
2087 867 2246 937 Quae
2294 873 2620 943 supersunt
2659 870 2905 929 collecta
2936 890 3028 929 re·

410 957 575 1015 urbis
614 956 854 1031 praesul
898 955 1124 1013 frustra
1170 954 1331 1014 visus
1376 958 1470 1013 est
1513 955 1688 1014 dubi·
1747 956 1938 1030 peries
1985 956 2048 1014 in
2093 957 2347 1034 Migne
2378 959 2439 1017 P.
2473 959 2533 1017 L.
2566 958 2756 1029 XCVI,
2807 968 3026 1022 427—

409 1050 584 1115 tasse,
631 1044 790 1120 quod
835 1047 1036 1120 patres
1083 1062 1240 1103 conc.
1282 1043 1536 1103 toletani
1568 1044 1687 1103 XV.
1749 1053 1894 1107 816.
1915 1046 2132 1103 —His
2167 1047 2517 1122 subjicimus
2541 1048 2873 1106 Samuelem
2904 1048 3027 1106 Ta-

408 1135 589 1209 hujus
638 1134 1023 1192 inseruerunt
1071 1133 1220 1192 actis
1270 1129 1689 1215 (525—536).
1736 1134 1901 1207 jum
1931 1134 2275 1209 episcopum
2305 1140 2911 1213 caesaraugustanum
2943 1134 3027 1218 (fl.

410 1224 496 1281 De
525 1223 982 1299 comprobatione
1026 1218 1127 1303 (al.
1159 1223 1686 1299 demonstratione)
1749 1218 1924 1304 651),
1973 1224 2079 1298 qui
2125 1224 2367 1301 collegit
2396 1225 2460 1283 in
2490 1225 2700 1300 primis
2733 1245 2801 1284 ex
2834 1226 3029 1301 operi-

410 1314 614 1371 aetatis
662 1319 854 1370 sextae
901 1311 964 1368 ll.
1014 1311 1103 1369 111
1152 1311 1225 1370 ad
1275 1312 1686 1387 exagitandam
1745 1311 1858 1369 bus
1892 1310 1947 1373 S.
1982 1312 2250 1389 Gregorii
2281 1315 2355 1372 M.
2387 1314 2449 1372 ll.
2483 1314 2548 1371 V.
2598 1314 3028 1373 Sententiarum

410 1400 715 1476 perfidiam
779 1405 841 1457 et
916 1401 1262 1460 coecitatem
1322 1401 1686 1460 Judaeorum
1742 1418 1931 1475 pauca
1980 1402 2269 1477 supplens
2318 1421 2388 1460 ex
2435 1402 2490 1463 S.
2535 1404 2911 1480 Augustino;
2961 1405 3026 1462 in

413 1487 834 1573 (537-586),
880 1490 945 1548 in
987 1490 1207 1564 quibus
1240 1490 1506 1549 ostendit
1536 1490 1686 1548 Mes-

411 1580 556 1638 siam
583 1579 707 1654 jam
740 1596 869 1637 esse
889 1582 1113 1647 natum,
1147 1580 1463 1655 Hagenoae
1494 1588 1685 1648 15323

407 1668 472 1726 in
504 1668 882 1726 bibliothecis
921 1668 1031 1725 ΡΡ.
1069 1670 1179 1726 etc.
1204 1701 1285 1711 -
1308 1663 1682 1750 Ἀντικειμὲ-

407 1778 518 1819 νων
539 1753 582 1838 ι)
619 1757 673 1815 h.
706 1775 754 1815 e.
788 1760 992 1815 contra
1021 1758 1355 1832 positorum
1389 1758 1514 1815 sive
1546 1775 1683 1815 con-

406 1846 727 1904 trariorum
758 1847 822 1903 in
854 1846 1108 1920 speciem
1140 1846 1460 1921 utriusque
1480 1846 1683 1904 Testa.-

405 1936 592 1995 menti
624 1935 888 1993 locorum
922 1935 984 1992 ll.
1018 1933 1075 1991 II
1109 1932 1533 2016 (587—704),
1570 1936 1683 1992 Ba-

407 2025 581 2084 sileae
650 2034 849 2093 15303
912 2024 1153 2081 Parisiis
1218 2032 1414 2092 153ος
1489 2033 1684 2092 15563

406 2113 676 2172 Coloniae
716 2122 916 2181 1533;
978 2123 1139 2175 1540
1174 2114 1397 2188 absque
1428 2113 1686 2171 auctoris

405 2202 659 2271 nomine,
708 2202 846 2261 dein
894 2201 958 2259 in
1003 2202 1112 2262 ΡΡ.
1160 2202 1541 2260 bibliothecis
1575 2205 1683 2260 etc.

406 2291 874 2349 Commentarius
940 2293 999 2348 in
1050 2292 1285 2348 Nahum
1342 2293 1685 2366 prophetam

409 2378 470 2459 (7
483 2389 694 2444 05—'7
704 2376 831 2461 58),
864 2380 970 2454 qui
1000 2381 1279 2454 quamvis
1302 2380 1684 2454 imperfectus

408 2475 470 2528 et
509 2470 760 2528 mutilus
797 2464 1063 2547 (exponit
1092 2470 1250 2527 enim
1282 2472 1518 2528 tantum
1550 2488 1682 2527 ver-

404 2577 504 2617 sus
555 2561 815 2635 quatuor
862 2558 1083 2634 priores
1134 2576 1180 2619 c.
1235 2554 1331 2639 1.),
1383 2561 1681 2618 auctorem

403 2649 604 2724 prodit
634 2649 700 2705 in
734 2648 1040 2722 Scriptura
1070 2652 1373 2707 versatum
1405 2652 1585 2722 atque
1619 2650 1682 2706 in

400 2740 527 2812 ejus
560 2738 835 2796 sensibus
882 2736 1170 2794 rimandis
1217 2740 1478 2808 acutum,
1531 2756 1682 2812 quos

401 2827 463 2884 in
526 2845 881 2901 unaquaque
944 2827 1239 2884 sententia
1299 2828 1683 2902 persequitur

400 2934 619 2974 omnes,
668 2916 805 2972 Non
837 2915 1060 2973 desunt
1078 2920 1277 2973 tamen
1310 2917 1414 2989 qui
1446 2915 1518 2973 de
1551 2917 1679 2990 ejus

399 3004 678 3063 dubitent
696 3004 1085 3079 genuinitate.
1118 3005 1321 3062 Edidit
1342 3005 1510 3062 illum
1547 3005 1677 3063 Ca·

398 3094 657 3151 nisius
707 3093 770 3150 in
816 3097 936 3151 ant.
985 3094 1114 3151 lect.
1147 3096 1191 3155 t.
1224 3095 1269 3162 Ι,
1323 3093 1678 3169 Ingolstadii

408 3193 604 3253 16023
651 3182 880 3257 prodiit
923 3185 985 3239 et
1028 3183 1092 3239 in
1141 3182 1283 3244 bibl.
1354 3183 1463 3240 ΡΡ.
1519 3182 1677 3258 lugd.

399 3271 524 3342 XII,
563 3281 943 3338 630—6473
992 3271 1055 3328 in
1094 3272 1226 3328 coll.
1262 3272 1367 3328 ΡΡ.
1402 3272 1566 3333 tolet.
1600 3271 1675 3341 11,

403 3369 524 3423 268
577 3367 684 3418 etc.
739 3394 825 3403 —
875 3359 933 3422 S.
986 3359 1317 3435 Ildephonsi
1366 3363 1677 3418 encomium

401 3448 481 3528 (p.
517 3460 615 3511 413.
656 3460 736 3511 44
745 3457 797 3525 );
853 3449 1119 3506 Historia
1152 3451 1470 3508 rebellionis
1503 3450 1678 3507 Pauli

1742 1508 1948 1547 eorum
1990 1501 2038 1551 1.
2071 1491 2196 1566 agit
2229 1490 2300 1549 de
2332 1492 2483 1561 De03
2530 1492 2595 1549 in
2640 1501 2695 1553 2.
2728 1492 2800 1550 de
2832 1494 3024 1551 incar-

1742 1578 1982 1636 natione
2002 1579 2237 1649 Christi,
2273 1580 2346 1638 de
2367 1580 2806 1656 praedicatione
2827 1582 3024 1640 Evan-

1741 1666 1903 1743 gelii,
1938 1667 2129 1742 deque
2161 1668 2504 1744 pastoribus
2538 1673 2599 1728 et
2630 1669 2920 1741 subditis;
2959 1671 3025 1728 in

1746 1765 1802 1818 3.
1835 1756 1906 1813 de
1939 1757 2187 1815 diversis
2207 1757 2501 1816 Ecclesiae
2525 1759 2832 1817 ordinibus
2866 1763 2927 1817 et
2950 1758 3026 1817 de

1741 1845 2106 1916 virtutibu83
2159 1846 2223 1904 in
2277 1858 2332 1909 4.
2383 1848 2456 1905 de
2506 1847 2728 1906 divinis
2757 1848 3018 1923 judiciis,

1739 1934 2179 1993 tentationibus
2213 1940 2274 1994 et
2310 1937 2579 2011 peccatis,
2626 1937 2689 1995 in
2740 1946 2792 1999 5.
2827 1937 2898 1995 de
2930 1956 3022 1995 re-

1741 2023 1966 2097 probis,
2030 2024 2102 2082 de
2160 2024 2383 2100 judicio
2447 2044 2512 2083 ac
2559 2025 3021 2085 resurrectione:

1742 2115 1921 2186 atque
1954 2113 2039 2170 ita
2069 2114 2249 2171 Petro
2281 2115 2611 2173 Lombardo
2660 2115 2725 2172 in
2770 2116 2878 2173 hoc
2920 2134 3022 2191 ge-

1740 2218 1882 2258 nere
1913 2201 2134 2261 laboris
2169 2203 2478 2277 praeluxit.
2545 2204 2884 2262 Praemittit
2915 2223 3022 2262 au-

1739 2293 1862 2347 tem
1895 2290 2318 2364 praefationem
2352 2288 2725 2372 (pretiosam)
2772 2292 2845 2351 ad
2877 2292 3021 2361 Qui-

1739 2378 1925 2437 ricum
1952 2379 2001 2452 2)
2077 2382 2426 2441 Antistitem
2517 2382 3022 2445 barcinonensem.

1739 2467 1947 2526 Edidit
1977 2487 2128 2543 opus
2162 2470 2314 2529 illud
2344 2471 2611 2529 Florez
2642 2471 2706 2528 in
2737 2470 3024 2545 Hispania

1742 2574 1908 2615 sacra
1928 2557 2127 2629 XXXI,
2168 2570 2283 2623 171
2312 2578 2326 2630 ς
2366 2561 2603 2637 Migne
2636 2560 2699 2618 P.
2716 2559 2777 2622 L.
2795 2559 3018 2630 LXXX,

1744 2656 2110 2709 727—992.

1831 2834 1864 2886 3
1876 2833 1910 2886 3
1922 2834 1977 2887 8.
2002 2824 2166 2883 Inter
2179 2844 2415 2902 paucos,
2439 2827 2542 2901 qui
2564 2827 2626 2884 in
2648 2827 3024 2885 illustrandis

1737 2933 1780 2973 s,
1816 2918 1851 2973 S
1869 2932 1900 2971 c
1914 2913 1980 2969 ri
1997 2933 2035 2988 p
2051 2917 2078 2970 t
2094 2933 2134 2971 ιι
2151 2916 2260 2974 ris
2292 2916 2513 2974 versati
2535 2918 2678 2974 sunt
2688 2913 2757 2996 ³),
2791 2919 3026 2991 praeter

1736 3003 1794 3059 M
1812 3002 2002 3059 axim
2022 3021 2156 3072 um,
2189 3005 2655 3063 Anastasium
2685 3009 2748 3063 et
2777 3005 3018 3063 Julia-

1734 3111 1777 3148 n
1792 3111 1834 3149 ιι
1851 3111 1926 3161 ιιι,
1975 3091 2048 3148 de
2077 3092 2297 3168 quibus
2330 3112 2462 3151 mox
2509 3094 2759 3170 egimuS‚
2807 3094 3014 3151 referri

1736 3180 1914 3238 debet
1959 3181 2006 3237 P
2023 3199 2054 3238 e
2070 3186 2097 3239 t
2110 3201 2143 3240 r
2156 3202 2198 3240 u
2213 3201 2240 3240 s
2288 3182 2645 3240 laodicensis
2691 3183 3017 3257 episcopus,

1814 3372 1850 3441 ¹)
1880 3369 1960 3427 Cf.
1991 3369 2117 3422 Nic.
2147 3374 2192 3421 A
2211 3387 2249 3422 n
2267 3374 2337 3424 to
2359 3369 2487 3422 niu
2509 3389 2551 3434 s,
2579 3368 2719 3427 bibl,
2738 3369 2885 3436 hisp.
2909 3370 3020 3424 vet.

1735 3442 1778 3506 Ι,
1806 3448 2091 3497 413—424
2117 3441 2279 3495 Fabr.
2311 3442 2378 3506 ΙΙ,
2405 3445 2509 3495 477
2533 3459 2633 3500 ss.;
2662 3439 2705 3491 P
2723 3458 2754 3493 ο
2773 3441 2888 3492 tth
2909 3456 2942 3491 a
2960 3443 3027 3492 st

1732 3532 1789 3581 p.
1818 3512 2497 3573 691;Sohr0ed1KL.
2525 3512 2620 3568 VI.
2652 3516 2804 3567 1986.

1811 3588 1849 3654 2)
1893 3583 2078 3653 Hujus
2130 3582 2174 3648 Q
2193 3584 2433 3637 uirici
2484 3584 2558 3654 (fl.
2614 3586 2737 3654 662)
2789 3583 3016 3662 exstant

1731 3659 1975 3724 epistolae
1991 3662 2040 3720 3,
2057 3672 2174 3708 una
2190 3656 2262 3708 ad
2277 3656 2480 3724 Tajum
2494 3671 2848 3724 responsorum
2860 3653 3017 3721 apud

476 3729 509 3795 ¹)
540 3727 629 3780 Ab
654 3726 785 3779 aliis
811 3727 1084 3779 asseritur
1117 3728 1224 3780 hoc
1252 3743 1395 3795 opus
1422 3727 1515 3780 vel
1542 3727 1676 3780 Sal·
1734 3727 1790 3778 M
1808 3743 1841 3778 a.
1860 3726 2108 3782 billon
2135 3728 2301 3779 Anal.
2336 3735 2416 3788 11,
2441 3729 2542 3786 76;
2571 3726 2656 3781 ed.
2686 3731 2718 3779 2
2756 3742 2884 3792 pag.
2916 3733 3015 3780 64:

397 3797 468 3850 vi
484 3815 517 3848 a.
537 3815 572 3848 n
588 3814 620 3850 o
648 3798 740 3851 vel
777 3797 824 3849 R
840 3799 859 3850 i
877 3815 906 3850 c
922 3799 959 3850 h
977 3816 1009 3850 a
1026 3816 1053 3849 r
1070 3798 1103 3850 d
1124 3815 1155 3851 o
1195 3799 1545 3851 cluniacensi
1589 3799 1678 3852 vel
1734 3801 1792 3850 et
1808 3798 1954 3850 duae
1970 3797 2043 3850 ad
2061 3815 2105 3853 s.
2121 3798 2549 3865 ildephonsum,
2564 3813 2808 3865 quarum
2831 3795 3018 3864 prima.

395 3868 593 3922 saltem
646 3885 792 3936 opus
835 3869 1063 3938 gemino
1114 3869 1285 3922 titulo
1334 3870 1677 3937 inscriptum
1733 3868 1950 3937 gratias
1976 3869 2101 3939 agit
2125 3886 2228 3936 pro
2259 3868 2295 3920 l.
2314 3868 2382 3920 de
2399 3868 2752 3937 Virginitate
2775 3869 2822 3921 b.
2841 3867 2913 3920 M.
2931 3866 3020 3930 V„

395 3938 439 3990 B
457 3957 485 3992 e
501 3957 529 3993 r
545 3939 746 3994 tario
773 3940 971 3994 abbati
984 3941 1312 4004 cassinensi,
1330 3942 1453 3995 viro
1472 3956 1677 4006 genere
1732 3941 1914 3993 altera
1940 3940 2195 3993 suasori-n,
2223 3940 2290 3992 de
2315 3939 2600 3992 similibus
2623 3956 2752 4007 opp.
2784 3937 3026 3991 edendis

394 4015 451 4063 et
476 4012 660 4064 literis
688 4011 888 4074 nobili,
918 4011 1181 4079 martyrii
1208 4029 1416 4065 corona
1443 4012 1677 4067 illustri.
1733 4012 1885 4064 inter
1908 4028 2036 4080 opp.
2071 4011 2127 4063 Il
2145 4010 2179 4062 d
2198 4027 2227 4063 e
2244 4030 2281 4079 p
2299 4011 2336 4062 h
2355 4029 2386 4062 o
2406 4027 2442 4062 n
2461 4010 2522 4062 si
2549 4009 2606 4062 M
2624 4010 2644 4061 i
2662 4029 2698 4078 g
2715 4029 2752 4061 n
2770 4027 2798 4061 e
2825 4009 3022 4072 XCVI,

394 4080 570 4135 Juxta
608 4084 789 4135 altme
839 4082 992 4136 euim
1038 4099 1071 4136 a
1113 4084 1404 4136 Saracenis
1452 4083 1677 4136 Italiam
1738 4089 1838 4139 193
1867 4101 1907 4136 s,

393 4152 806 4207 invadentibus
832 4156 1207 4208 obtruncatus
1224 4158 1309 4206 est
1324 4161 1408 4208 22.
1428 4158 1535 4208 oct.
1555 4160 1677 4211 883.
1810 4159 1849 4222 ³)
1879 4154 2005 4207 Huc
2034 4154 2178 4206 forte
2218 4152 2416 4205 referri
2458 4153 2646 4221 potest
2670 4154 2868 4203 auctor
2895 4151 2953 4204 ll.
2983 4158 3018 4204 3

395 4224 579 4278 Multa
598 4227 733 4279 ante
751 4243 910 4278 suam
928 4227 1357 4279 conversionem
1374 4227 1681 4293 scripserat
1732 4228 1794 4278 de
1820 4228 2164 4279 Mirabilibus
2201 4243 2242 4278 s.
2283 4226 2612 4291 Scripturae,
2654 4222 2756 4289 qui
2797 4221 2931 4275 olim
2957 4239 3017 4300 ιε.

392 4296 461 4349 de
490 4296 793 4359 medicina,
835 4313 981 4366 quae
1022 4300 1212 4350 tamen
1241 4296 1673 4351 interciderunt.
1732 4296 2063 4366 Augustino
2115 4295 2516 4349 tribuebantur
2566 4296 2624 4345 et
2673 4295 2902 4345 exstfmt
2951 4309 3016 4344 m

392 4366 582 4420 Pauca
608 4368 723 4420 alia
765 4371 1073 4436 supersunt
1110 4371 1181 4422 ut
1217 4384 1443 4421 carmen
1482 4373 1546 4422 de
1572 4375 1677 4422 vita
1731 4367 1981 4438 append.
2009 4368 2093 4419 ed.
2124 4367 2304 4419 Maur.
2326 4365 2481 4447 apud
2509 4364 2566 4416 M
2588 4363 2662 4432 ig
2680 4382 2715 4415 n
2733 4379 2762 4416 e
2790 4362 3013 4443 XXXV:

391 4447 439 4492 et
464 4442 605 4493 obitu
629 4458 671 4491 s.
702 4442 986 4502 Benedicti,
1032 4440 1178 4494 forte
1206 4443 1263 4492 et
1293 4441 1413 4493 vita
1440 4459 1480 4494 s.
1510 4440 1675 4494 Scho-
1734 4444 2107 4494 2149—2201.
2159 4437 2490 4506 Conjiciunt
2539 4436 2626 4489 ed.
2678 4454 2731 4488 m
2749 4451 2782 4487 a
2800 4453 2836 4488 u
2854 4453 2881 4486 r
2898 4450 2918 4485 1
2935 4452 2972 4486 n
2996 4451 3018 4486 1

392 4509 645 4574 lasticae,
671 4509 811 4565 olim
838 4511 1123 4564 immerito
1150 4529 1203 4564 v.
1225 4511 1409 4564 Bedae
1439 4512 1677 4574 tributa,
1732 4510 1903 4564 illum
1930 4526 2048 4563 esse
2076 4509 2185 4564 scri
2230 4513 2410 4562 torem
2439 4507 2770 4562 britannum
2813 4506 2905 4558 vel
2930 4504 3012 4556 hi-

395 4596 543 4647 quae
570 4581 639 4636 cf.
657 4582 719 4634 in
747 4582 836 4633 Mi
848 4598 977 4650 gne
1005 4583 1063 4635 P.
1082 4583 1141 4636 L.
1162 4582 1405 4646 CXXVI,
1427 4584 1676 4638 975-989.
1734 4583 1970 4635 bernum
2000 4598 2108 4636 sec.
2137 4581 2182 4633 V
2217 4583 2256 4644 l,
2301 4580 2403 4647 qui
2447 4581 2592 4632 forte
2641 4580 2698 4630 et
2722 4577 2842 4648 ipse
2889 4579 2935 4627 A
2954 4594 3015 4628 u·

395 4653 476 4705 cf.
506 4651 651 4706 Hist.
687 4654 773 4706 lit.
819 4653 887 4705 de
928 4652 984 4706 la
1027 4652 1115 4706 Fr.
1162 4653 1229 4715 V,
1277 4657 1378 4708 606
1394 4658 1575 4716 -611,
1622 4656 1680 4706 et
1733 4652 2099 4722 gustinus
2150 4669 2347 4706 revera,
2408 4649 2826 4713 nominabatur,
2863 4646 3014 4701 unde

390 4723 571 4776 vitam
617 4723 890 4793 scriptam
930 4727 1003 4779 ab
1047 4724 1274 4795 Ignatio
1317 4724 1676 4792 Squarcia-
1733 4728 1893 4777 ortus
1919 4741 2089 4786 error,
2119 4728 2184 4776 ut
2208 4724 2653 4777 confunderetur
2679 4738 2806 4774 cum
2836 4738 2876 4772 s.
2907 4720 3019 4771 Au-

390 4793 467 4848 lu
486 4812 521 4862 p
540 4812 591 4859 0,
618 4795 688 4848 de
716 4813 831 4864 quo
861 4796 1084 4864 egimus
1111 4796 1206 4858 IV,
1240 4803 1394 4852 1129.
1733 4795 1986 4864 guetino·

608 4893 797 4948 Hui-ter,
829 4893 1153 4940 Nomenclator
1180 4895 1196 4939 1
1226 4894 1297 4941 ed.
1327 4895 1412 4940 111.
2589 4887 2657 4935 20
