3505 5161
943 186 1303 237 1001-1050.
1336 179 1606 236 Historia.
1631 180 1897 245 Joannes,
1923 179 2237 252 SampiruS,
2266 180 2587 236 Guilelmus
2614 184 2719 235 etc.

519 198 644 252 963
3007 199 3133 252 964

516 370 605 425 est
623 367 685 429 F.
718 366 965 425 Kurze
998 385 1065 424 ex
1086 365 1352 441 ejusdem
1375 367 1797 425 retractatione
1851 366 2162 443 transegit,
2215 385 2351 424 nam
2401 366 2496 424 vix
2546 365 2865 441 septimum
2915 369 3132 426 aetatis

515 476 549 514 a
579 458 626 513 B
645 473 939 514 runone
970 455 1291 513 Thietmari
1324 454 1420 535 (cf.
1440 473 1620 531 supra
1642 454 1795 535 950)
1852 474 1992 514 suae
2041 474 2265 514 annum
2315 473 2632 532 eggressus
2666 455 2727 513 in
2760 456 2967 514 Italiae
2998 475 3131 515 coe·

514 545 695 603 fratre
726 545 964 620 juniore
1026 543 1237 602 abbate
1297 543 1798 621 magdeburgensi
1851 544 2027 604 nobio
2080 544 2401 603 luciacensi
2452 550 2680 602 vestem
2728 564 2772 603 s.
2823 546 3134 604 Benedicti

516 628 1028 715 (1025—1034),
1077 632 1169 691 vel
1212 633 1392 708 hujus
1436 633 1691 692 hortatu¹
1720 634 1794 691 ab
1849 633 2066 693 induit.
2129 633 2474 692 Cluniacum
2529 634 2771 692 transiit
2818 634 3134 709 factusque

513 723 629 782 alio
660 722 828 793 facta,
874 722 937 780 in
970 721 1112 780 diss.
1175 721 1282 780 Die
1314 722 1525 780 fflteste
1558 721 1794 798 Magde-

513 813 736 888 burger
782 810 1342 869 Bisthumschronik
1400 812 1462 869 in
1514 810 1793 872 Mittheil.

513 901 615 959 des
647 901 847 960 Instit.
881 901 978 958 fiir
1009 902 1213 958 ceterr.
1235 899 1791 959 Geschichtsforsch.

521 999 706 1060 1892,
753 988 1237 1066 Erganzungsbd.
1270 988 1371 1060 ΙΙΙ,
1425 998 1793 1052 397-450,

607 1178 748 1231 535.
798 1166 1116 1226 Chronicon
1148 1174 1401 1225 venetum
1431 1174 1481 1224 et
1508 1167 1793 1244 yradense

512 1256 585 1315 ad
631 1277 681 1318 a.
723 1264 885 1319 1008
934 1250 1259 1337 (quondam
1305 1256 1631 1314 Chronicon
1677 1259 1792 1315 Sa-

511 1345 831 1423 gornini
877 1345 1122 1413 dictum,
1158 1343 1297 1419 quia
1328 1345 1507 1402 huius
1539 1345 1790 1420 putaba-

512 1431 638 1515 tur)
671 1434 1047 1493 concinnavit
1094 1432 1134 1491 J
1149 1452 1438 1492 oannes
1486 1433 1787 1503 diaconae,

512 1519 1318 1604 PetriUrseoliducis(99l-l
1338 1519 1786 1601 009)minister,

512 1613 604 1671 vir
646 1631 908 1671 summae
944 1611 1100 1688 apud
1136 1628 1274 1670 suos
1306 1611 1785 1682 existimationi8‚

510 1721 629 1761 non
662 1702 843 1761 semel
876 1702 1110 1778 legatus
1142 1700 1216 1758 ad
1234 1700 1579 1759 Germaniae
1599 1701 1788 1775 impe-

510 1794 733 1850 ratores
779 1790 1019 1860 missua,
1069 1789 1205 1848 duci
1252 1789 1491 1848 deditus
1525 1791 1586 1847 et
1616 1789 1689 1847 ab
1722 1809 1789 1847 eo

511 1881 739 1939 arcanis
789 1879 1100 1959 regiminis
1151 1878 1446 1937 admotus
1508 1879 1580 1937 In
1632 1879 1790 1937 anti-

510 1968 821 2045 quioribus
868 1972 929 2027 et
971 1970 1190 2026 rectam
1233 1968 1516 2043 temporis
1549 1985 1789 2044 compu-

1850 726 1940 781 est
1970 722 2134 798 prior
2164 741 2209 781 s.
2232 722 2540 781 Saturnini
2573 723 2645 780 de
2678 725 2855 798 portu
2876 723 2947 780 ad
2971 724 3128 782 Rho-

1848 811 2068 870 danum
2120 812 2198 889 (le
2244 808 2875 891 Pont-Saint-Esprit),
2927 818 3138 886 postea

1850 900 2284 959 divinionensis
2331 900 2512 959 abbas
2560 919 2604 959 s.
2652 901 2937 977 Benigni:
2988 902 3132 960 inde

1848 989 1920 1047 ad
1955 989 2357 1048 renovandum
2390 990 2667 1065 pluribus
2687 991 2749 1049 in
2769 991 2912 1049 locis
2945 990 3129 1049 disci-

1847 1079 2042 1154 plinae
2070 1078 2363 1155 regularis
2384 1079 2650 1155 vigorem
2673 1079 3013 1155 frequenter
3032 1086 3135 1138 est

1847 1171 2144 1230 evocatus,
2206 1167 2372 1226 Circa
2403 1176 2483 1230 40
2520 1172 2874 1227 monasteria
2918 1169 3132 1227 condi-

1848 1256 1939 1314 dit
1969 1257 2065 1315 vel
2097 1255 2471 1315 reformavit:
2515 1258 2691 1333 plura
2735 1258 2889 1316 rexit
2918 1276 3133 1316 mona-

1846 1340 2039 1408 steria.
2072 1345 2141 1403 In
2174 1345 2266 1404 his
2300 1345 2417 1403 fuit
2449 1365 2833 1422 germanense
2855 1367 2888 1405 a
2910 1347 3130 1419 Pratis,

1846 1435 2005 1510 quod
2030 1435 2204 1510 jussu
2237 1435 2477 1493 Roberti
2522 1436 2680 1511 regis
2727 1455 2891 1494 suam
2923 1436 2987 1493 in
3019 1454 3132 1495 cu-

1844 1543 1969 1581 ram
2006 1528 2348 1600 susceptum
2398 1524 2792 1583 sanctioribus
2843 1524 3132 1583 informa-

1846 1612 1934 1671 vit
1965 1612 2294 1688 disciplinis
2344 1607 2406 1695 (†
2442 1624 2539 1675 31.
2574 1614 2707 1675 Jan.
2749 1614 2958 1689 1031).
3023 1614 3136 1672 Vir

1845 1705 1989 1770 erat,
2014 1704 2166 1760 teste
2200 1702 2335 1760 Gla
2356 1697 2545 1784 bei-¹)
2581 1702 2734 1762 Hist.
2757 1703 2860 1773 111,
2886 1713 2918 1765 5
2951 1721 3132 1770 ,acer

1844 1790 2087 1867 ingenio
2120 1793 2180 1849 et
2210 1791 2468 1868 insignis
2517 1791 2852 1867 prudentia,
2905 1791 3131 1850 idcirco

1845 1898 2145 1938 summum
2175 1880 2239 1937 in
2271 1880 2510 1954 palatiis
2561 1900 2768 1957 regum
2800 1899 2866 1938 ac
2899 1884 3132 1939 cetero-

1844 1988 1979 2026 rum
2053 1968 2394 2044 principum
2471 1968 2780 2028 obtinebat
2862 1971 3123 2028 locum.‘

510 2059 793 2117 tationem
840 2059 899 2115 et
922 2058 1159 2133 justum
1183 2056 1477 2132 judicium
1511 2075 1788 2115 nonnun-
1844 2059 2091 2133 Propter
2122 2063 2381 2116 exactam
2415 2058 2763 2134 disciplinae
2808 2058 3130 2134 religiosae

512 2167 691 2222 quam
736 2146 1047 2215 desidereS,
1093 2144 1155 2204 in
1187 2146 1616 2204 recentioribus
1649 2146 1785 2222 plu·
1843 2146 2284 2206 observantiam
2317 2165 2541 2222 ,super
2571 2148 2880 2224 regulam<
2903 2146 3132 2207 dictus,

512 2237 729 2299 rimum
790 2235 1011 2293 laudes.
1094 2234 1400 2294 Scribendi
1463 2253 1653 2311 genus
1716 2238 1788 2293 ut
1844 2236 2087 2311 Scripsit
2118 2255 2206 2310 ep.
2240 2236 2311 2294 nd
2345 2236 2652 2295 Odilonem
2685 2237 3129 2295 cluniacensem

511 2324 841 2401 plurimum
861 2323 1110 2399 simplex
1133 2325 1195 2381 et
1213 2323 1559 2397 dilucidum,
1581 2324 1788 2401 lingua
1844 2325 1932 2383 ab.
1966 2326 2034 2383 de
2079 2325 2234 2383 obitu
2279 2326 2563 2383 Wizhezmi
2593 2324 2980 2401 Burgundiae
3024 2344 3128 2384 co-

509 2420 709 2473 tamen
729 2413 1051 2472 dialectum
1071 2415 1337 2471 venetam
1358 2408 1636 2494 proditl).
1657 2412 1788 2470 Pri·
1842 2414 2021 2484 mitis,
2073 2413 2144 2471 de
2191 2419 2379 2479 morte
2421 2414 2698 2473 Richardi
2747 2415 3128 2472 Nor-manno-

510 2523 676 2561 mum
719 2522 754 2561 a
800 2502 1111 2560 Zanetti
1160 2501 1278 2559 luci
1310 2501 1517 2561 datum
1551 2505 1644 2559 est
1676 2501 1787 2560 Ve·
1841 2523 1975 2561 rum
2025 2503 2255 2562 comitis
2299 2509 2361 2560 et
2404 2504 2477 2562 de
2519 2504 2698 2561 rebus
2750 2504 3000 2562 maxime
3048 2504 3132 2561 ad

508 2593 688 2651 netiis
729 2602 890 2656 1765
927 2611 1047 2652 cur.
1079 2590 1260 2649 Fars
1279 2592 1460 2662 etti,
1515 2591 1618 2649 sed
1650 2610 1787 2650 cum
1842 2593 2239 2652 Viceliacense
2281 2593 2631 2652 coenobium
2675 2594 3124 2668 pertinentibus

509 2683 738 2741 lacunis
785 2685 847 2739 et
895 2680 1144 2750 mendis,
1197 2684 1468 2739 accurate
1499 2700 1532 2737 a
1562 2681 1787 2738 Pertz
1843 2679 2069 2759 (Migne
2102 2682 2288 2752 CXLI,
2326 2679 2723 2762 869—872),
2756 2685 2819 2740 et
2851 2701 2937 2756 ep.
2969 2684 3126 2740 duas

509 2773 572 2829 in
604 2771 731 2834 MG.
764 2768 923 2840 VIII,
964 2777 1193 2839 1-38,
1242 2769 1379 2827 hine
1421 2769 1484 2827 in
1532 2769 1785 2846 Migne
1842 2771 1912 2829 ad
1939 2771 2228 2830 Joannem
2248 2771 2398 2829 XIX.
2419 2767 2524 2852 (ib.
2546 2792 2601 2847 p.
2631 2768 3122 2853 1155—1157).

509 2861 571 2918 P.
592 2861 653 2920 L.
675 2858 970 2929 CXXXIX,
1001 2867 1380 2926 871—9403
1414 2879 1447 2916 a
1466 2857 1555 2921 J0.
1590 2859 1783 2916 Mon·
1841 2879 2092 2935 quarum
2114 2861 2277 2936 prior
2294 2861 2586 2918 notanda:
2619 2880 2758 2919 nam
2780 2861 3130 2936 pontificem

509 2950 756 3009 ticolo
793 2948 858 3006 in
879 2948 1054 3006 Fonti
1086 2966 1195 3023 per
1224 2948 1285 3005 la
1306 2948 1489 3005 storia
1520 2947 1575 3005 d’
1594 2947 1783 3010 Italia.
1843 2952 2060 3020 monet,
2093 2968 2168 3007 ne
2198 2949 2503 3008 ecclesiam
2535 2949 3134 3025 constantinopolita-

509 3039 800 3097 Cronache
830 3055 1025 3099 venez.
1057 3036 1274 3098 antich.
1317 3045 1497 3099 1890.
1530 3036 1575 3107 Ι,
1612 3046 1785 3099 59-
1843 3057 1981 3095 nam
2034 3038 2466 3105 ,universalis‹
2517 3057 2734 3097 nomen
2784 3039 2897 3096 sibi
2946 3040 3134 3096 attri-

516 3139 656 3190 171.
689 3160 774 3170 —
809 3126 1206 3202 Sampirus
1256 3127 1430 3183 antea
1475 3125 1786 3202 presbyter
1843 3127 2023 3185 buere
2086 3127 2367 3202 patiatur.
2428 3161 2516 3169 —
2579 3127 3132 3186 Praetermittimus

509 3221 570 3274 et
632 3215 900 3273 notarius
962 3214 1121 3291 regis
1183 3214 1567 3291 legionensiS,
1647 3215 1783 3272 dein
1842 3216 2063 3291 pariter
2107 3216 2502 3292 Hugonem
2549 3216 2614 3278 Ο.
2663 3216 2717 3274 S.
2750 3217 2893 3275 Ben.
2938 3216 3130 3274 abba-

509 3305 821 3380 episcopus
867 3303 1242 3362 astoricensis
1291 3302 1783 3382 (1035—1040)
1841 3308 1957 3363 tem
2002 3304 2332 3364 farvensem
2367 3301 2428 3386 (†
2469 3301 2678 3384 1039),
2728 3306 2831 3380 qui
2876 3304 3130 3380 reliquit

508 3393 750 3469 scripsit
793 3392 1102 3450 historiam
1147 3410 1253 3450 seu
1287 3393 1605 3450 Chronicon
1649 3397 1784 3468 post
1840 3395 2128 3468 quaedam
2181 3394 2253 3451 de
2302 3395 2659 3452 monasterio
2717 3394 2989 3463 sarvensi,
3055 3399 3135 3452 ut

508 3483 801 3541 Isidorum
879 3499 1188 3557 pacensem
1250 3484 1311 3539 et
1371 3480 1785 3539 Sebastianum
1839 3483 1970 3557 ejus
2019 3484 2452 3540 destructionem
2501 3502 2546 3544 c.
2599 3494 2722 3545 000
2773 3484 2833 3542 in
2866 3483 3022 3540 Mon.
3059 3485 3131 3541 G.

509 3572 1021 3630 salmanticensem
1059 3570 1430 3645 Alphonsum
1480 3588 1678 3646 regem
1711 3569 1785 3626 ab
1842 3571 1960 3628 Ser.
1983 3571 2081 3639 XI,
2121 3580 2503 3642 532—5393
2537 3571 2608 3629 de
2629 3572 2809 3629 rebus
2830 3573 2960 3647 ejus
2983 3591 3126 3646 per-

508 3681 556 3719 a.
608 3669 972 3730 858—985,
1026 3658 1185 3734 quod
1236 3658 1556 3716 ediderunt
1604 3659 1782 3719 Prud.
1840 3660 1982 3717 ditis
2030 3660 2187 3735 apud
2229 3661 2515 3718 Muratori
2550 3660 2668 3718 Scr.
2703 3679 2813 3718 rer.
2845 3661 2918 3717 It.
2951 3661 3026 3727 11,
3068 3671 3125 3729 2,

509 3748 895 3808 Sandoval
927 3750 989 3806 in
1021 3748 1315 3806 Historias
1348 3748 1418 3805 de
1439 3748 1598 3806 cinco
1619 3748 1780 3806 obis·
1843 3758 2002 3818 447;
2054 3748 2125 3806 de
2172 3750 2298 3824 ejus
2343 3751 2722 3806 diminutione
2765 3750 2829 3806 in
2868 3751 3022 3809 Mon.
3055 3750 3125 3807 G.

507 3838 1258 3914 poe,Pampelonae1615;
1303 3847 1501 3906 16343
1536 3837 1783 3895 Florez
1841 3837 1961 3901 Scr,
2026 3838 2122 3908 XI,
2192 3848 2557 3901 539—543.
2621 3871 2708 3881 —-
2773 3839 3126 3898 Garoiam

508 3926 743 4002 Espaiia
777 3926 941 4002 Sagr.
973 3924 1122 3996 XIV,
1160 3934 1528 3988 438—472.

1919 4029 1954 4096 ¹)
1991 4025 2094 4080 Hic
2120 4025 2293 4078 etiam
2321 4027 2444 4096 ejus
2471 4026 2648 4080 vitam
2675 4025 2920 4096 scripsit,
2947 4042 3128 4095 quam

600 4115 742 4168 536.
814 4103 1341 4162 Praetermittimus
1391 4105 1455 4161 B.
1490 4104 1628 4161 Gui
1650 4104 1783 4162 lel-
1839 4098 2015 4150 habes
2039 4097 2102 4150 in
2131 4096 2376 4167 Migne
2405 4097 2552 4153 P.1L.
2581 4097 2791 4162 CXLII,
2820 4101 3127 4158 697—720.

507 4213 696 4252 mum
730 4194 772 4253 1.
805 4212 1021 4270 genere
1040 4193 1316 4262 nobilem,
1352 4193 1455 4268 qui
1477 4193 1652 4269 longe
1673 4212 1780 4250 no·
1839 4168 2364 4294 {Zigoss‘ss'isifisfflli
2389 4169 2517 4294 ³2⁰4
2547 4169 3130 4302 Ιρὃ-(ξῇῑοὲαὸιῗ

505 4284 684 4342 bilior
714 4283 1002 4359 religione
1034 4287 1227 4339 totum
1263 4300 1415 4357 pene
1449 4283 1605 4340 vitae
1639 4300 1783 4340 suae
1839 4313 1973 4368 874ἶ
2011 4312 2107 4364 fle
2126 4310 2253 4366 mli
2271 4329 2362 4380 ng
2441 4312 2500 4364 L·
2529 4312 2651 4376 ΧΠ,
2684 4318 2820 4368 1602
2848 4331 2922 4370 Β..
2973 4312 3130 4366 fflsffu

505 4378 742 4448 tempus
777 4373 838 4430 in
869 4372 1225 4430 monasticae
1275 4370 1435 4429 vitae
1486 4371 1781 4430 exercitiis
1838 4382 1922 4439 lit,
1953 4382 2074 4446 VII,
2101 4387 2413 4440 318—3262
2466 4382 2529 4440 G.
2573 4382 2714 4437 Che
2735 4384 3021 4437 vallier
3049 4383 3128 4437 Le

1840 4472 1890 4510 v.
1919 4453 2245 4508 Guillaume
2272 4455 2415 4508 abbe
2455 4455 2524 4508 de
2566 4456 2619 4508 S.
2647 4454 2905 4524 Benigne
2931 4455 3003 4507 de
3032 4455 3129 4508 Di·

1830 4526 1952 4595 jon,
1977 4525 2349 4578 reformateur
2368 4526 2436 4579 de
2457 4526 2662 4579 l'ordre
2688 4525 3023 4581 benedictin
3048 4544 3129 4580 au

584 4601 619 4666 ¹)
652 4596 735 4647 lta
779 4596 821 4647 P
838 4612 907 4648 er
925 4598 947 4648 t
964 4614 991 4648 z
1034 4594 1094 4647 in
1123 4597 1239 4648 not.
1267 4594 1398 4652 hist.
1428 4599 1485 4648 et
1512 4594 1602 4648 lit.
1627 4611 1785 4666 prae·
1840 4597 1939 4649 xlc
1966 4596 2149 4660 siecle,
2177 4597 2346 4650 etude
2363 4615 2460 4651 sur
2477 4597 2799 4651 l'influence
2815 4597 3132 4668 religieuse

507 4667 624 4725 via:
650 4666 693 4718 P
711 4683 742 4719 o
761 4669 786 4718 t
801 4670 826 4719 t
842 4667 877 4719 h
896 4683 927 4719 a
946 4685 969 4719 s
986 4673 1011 4719 t
1035 4687 1090 4737 p.
1119 4673 1222 4724 666
1241 4687 1252 4726 ;
1280 4665 1352 4717 W
1369 4668 1485 4721 att
1499 4683 1528 4719 e
1548 4685 1582 4718 n
1602 4668 1637 4721 b
1654 4684 1727 4720 ac
1744 4666 1783 4720 h
1839 4671 1896 4720 et
1921 4668 2123 4722 sociale
2144 4667 2242 4721 des
2258 4667 2617 4722 institutione
2633 4669 3032 4738 monastiques
3050 4687 3132 4723 au

507 4737 577 4801 1⁵,
603 4741 723 4792 399.
1839 4755 2040 4808 moyen
2068 4743 2189 4809 age,
2217 4739 2568 4810 Dijon-Paris
2602 4742 2753 4797 1875.
