3505 5161
406 237 529 291 425
980 217 1259 281 Titianae.
1291 219 1686 285 Constantius.
1705 219 2033 285 Gerontius,
2060 220 2429 292 Porphyrius.
2895 240 3019 294 426

408 407 584 463 eitam
613 423 659 462 s.
689 404 963 480 Eutropii
983 401 1329 484 (decessoris
1357 406 1454 465 sui
1482 408 1623 482 ‚post
1653 426 1688 463 a
1741 408 2290 483 circumjacentium
2330 413 2391 471 et
2423 408 2535 467 viri
2567 409 2726 486 apud
2757 409 3024 469 Theodo-

409 488 581 576 475)‚
613 494 786 569 cujus
817 493 1220 570 firagmentum
1250 493 1415 553 dedit
1445 495 1685 570 Pape-
1743 496 1901 556 sium
1934 497 2006 558 11.
2053 498 2194 573 imp.
2240 508 2510 574 magnae
2534 498 2910 558 auctoritatis
2941 501 3024 572 (n.

406 582 779 642 brochi·us
823 582 889 642 in
935 581 1032 640 SS.
1079 583 1247 642 Actis
1292 583 1515 643 mensis
1547 582 1686 658 Maji
1747 595 1905 656 3663
1952 582 1989 652 †
2037 595 2139 649 30.
2168 587 2316 646 Juni
2350 585 2521 663 446),
2576 586 2716 646 stilo
2763 587 3026 663 simplici

407 670 504 742 VI,
540 681 681 735 699.
732 705 812 715 —-
837 715 843 718 <
873 672 1065 730 Vitam
1113 691 1158 730 3.
1208 672 1491 731 Florentii
1534 676 1596 731 et
1639 691 1687 730 s.
1744 679 1810 733 et
1845 675 2099 752 vulgari,
2148 694 2329 751 quam
2359 676 2637 735 lacunose
2668 676 2859 736 edidit
2887 677 3023 735 Pa·-

422 761 794 820 Vindemialie
820 760 1065 837 scripsit
1081 765 1219 836 post
1247 780 1297 823 a.
1321 770 1448 824 484
1469 761 1687 820 Titia·
1741 762 2217 824 bebrochius
2265 765 2330 823 in
2378 766 2507 824 Act.
2558 765 2656 825 SS.
2713 775 2809 829 17.
2853 765 3026 824 Junii

405 869 549 910 nus
592 851 906 926 episcopus
944 850 1275 909 tarvisinus
1325 845 1506 931 (forte
1536 869 1687 909 non·
1741 856 1785 912 t.
1819 852 1924 923 111,
1963 861 2343 924 308——3493
2383 854 2679 931 integram
2710 854 3025 915 ediderunt

406 941 523 999 nisi
556 957 669 998 sec.
702 937 798 998 VL
831 940 927 998 vel
959 933 1133 1020 V11.),
1181 958 1360 1014 quam
1404 939 1585 999 habes
1624 940 1687 997 in
1743 941 2045 1001 seminarii
2079 943 2519 1020 philologorum
2546 942 2888 1002 bonnensis
2929 961 3024 1002 so-

409 1029 577 1088 Actis
613 1027 710 1087 SS.
754 1028 830 1087 ad
880 1037 934 1089 2.
981 1029 1115 1104 Maj.
1156 1038 1207 1097 1,
1258 1036 1560 1092 270--72
1595 1027 1686 1087 ed.
1743 1030 1920 1100 dales,
1965 1031 2199 1107 Lipsiae
2242 1041 2424 1095 1895.
2454 1065 2543 1076 —-
2590 1030 2717 1092 Vita
2761 1052 2806 1091 s.
2842 1033 3024 1092 Mela-

407 1118 769 1193 Antverpiae
821 1126 1136 1182 1680..--
1165 1117 1688 1177 Constantius
1743 1122 1878 1179 m'ae
1897 1119 2180 1194 junioris,
2229 1121 2539 1181 senatricis
2570 1141 2601 1180 e
2634 1121 2825 1197 prima
2855 1120 3026 1181 nobi-

408 1207 721 1284 presbyter
752 1205 1165 1283 lugdunensis,
1217 1207 1312 1264 vir
1340 1206 1564 1283 sagacis
1595 1205 1688 1267 in-
1743 1208 1910 1269 litate
1940 1228 2186 1289 romana
2214 1203 2278 1291 (†
2311 1206 2465 1291 439)
2513 1209 2739 1284 prodiit
2769 1211 3024 1293 primum

407 1297 585 1374 genii,
632 1295 695 1354 in
741 1294 933 1355 literis
976 1294 1214 1373 egregie
1259 1295 1581 1354 institutus
1626 1298 1688 1354 et
1745 1298 1811 1357 in
1839 1298 2011 1359 Anal.
2046 1298 2186 1357 boll.
2218 1308 2386 1363 1889
2409 1297 2566 1369 VIII,
2609 1309 2863 1362 19-63
2900 1298 3026 1377 (sed

404 1383 724 1444 admodum
744 1384 1048 1461 eloquens,
1069 1383 1143 1443 ab
1162 1384 1513 1460 aequalibus
1529 1384 1686 1443 tanti
1744 1406 1881 1447 cum
1909 1383 2144 1469 lacuna)
2177 1390 2414 1447 auctore
2444 1387 2597 1446 forte
2629 1389 2677 1447 G
2694 1407 2726 1447 e
2740 1407 2773 1446 r
2786 1407 2819 1447 o
2836 1407 2876 1447 n
2892 1391 2921 1447 t
2936 1388 2958 1447 i
2973 1405 3026 1459 0,

405 1477 505 1534 est
531 1474 741 1543 factuS,
788 1478 861 1532 ut
892 1473 1270 1533 Sidonius
1302 1473 1495 1549 ipsius
1519 1472 1690 1548 judi·
1744 1476 1850 1552 qui
1878 1476 2002 1551 jam
2033 1476 2108 1534 ab
2139 1495 2191 1534 a.
2225 1485 2349 1540 405
2400 1477 2519 1535 fuit
2563 1476 2626 1534 in
2672 1477 2801 1552 ejus
2850 1477 3028 1536 comi-

404 1563 500 1621 cio
533 1581 643 1622 sua
661 1561 985 1637 subjiceret
1001 1563 1238 1640 scripta.
1283 1562 1490 1637 Ipsum
1520 1581 1687 1639 mag-
1745 1568 1879 1624 tatu
1925 1568 2105 1640 atque
2150 1565 2224 1623 ad
2268 1568 2521 1625 mortem
2553 1583 2746 1640 usque
2777 1583 2913 1624 cum
2961 1584 3030 1624 ea

407 1652 504 1710 nis
533 1651 706 1711 effert
735 1651 1018 1711 encomiis
1045 1651 1269 1727 passim
1308 1651 1371 1709 in
1403 1651 1530 1709 suis
1562 1651 1688 1727 epi-

407 1740 596 1811 stolis,
629 1740 979 1816 praesertim
1011 1760 1100 1817 ep.
1139 1749 1172 1802 2
1208 1740 1246 1798 l.
1281 1749 1340 1802 3.
1398 1740 1691 1798 Hortante

411 1847 457 1887 s.
490 1830 760 1889 Patiente
788 1830 1065 1905 episcopo
1089 1828 1452 1907 lugdunensi
1485 1847 1689 1886 narra—

410 1918 501 1977 vit
542 1921 719 1977 vitam
762 1938 810 1978 s.
855 1918 1137 1978 Germani
1165 1916 1690 1981 antissiodorensis

407 2003 472 2084 (†
506 2015 659 2072 448;
692 2007 764 2065 cf.
796 2025 980 2082 supra
1009 2027 1065 2083 p.
1101 2015 1226 2069 422
1258 2002 1353 2087 a.),
1387 2025 1565 2082 quam
1598 2023 1690 2063 re-

409 2095 602 2171 peries
618 2091 664 2174 ¹)
712 2096 774 2154 in
804 2096 955 2155 actis
1001 2095 1100 2156 SS.
1133 2095 1257 2154 Jul.
1292 2095 1418 2163 V11,
1474 2104 1692 2156 211—

416 2194 533 2247 231
588 2186 677 2248 ed.
722 2185 901 2260 paris.
945 2204 997 2243 a.
1047 2194 1243 2255 1'8683
1293 2184 1504 2242 Duru
1547 2182 1691 2242 bibl.

412 2273 554 2333 hist.
584 2274 658 2332 de
689 2272 950 2333 l'Yonne
970 2271 1017 2343 I,
1054 2281 1331 2337 48—89.
1378 2272 1536 2330 Haec
1567 2272 1692 2330 vita

410 2361 487 2421 ab
536 2363 790 2422 eruditis
836 2363 1187 2421 aestimatur
1236 2366 1308 2420 ut
1357 2361 1585 2421 sincera
1633 2363 1694 2420 et

414 2452 558 2510 satis
605 2455 893 2515 accurata.
969 2452 1190 2510 Verum
1227 2451 1353 2527 jam
1397 2449 1695 2525 incipiunt

409 2539 486 2599 de
535 2540 666 2617 ejus
715 2540 1094 2619 genuinitate
1144 2539 1417 2600 dubitare
1429 2535 1499 2620 ²),
1562 2541 1691 2617 ejus

415 2630 622 2689 saltem
653 2630 1030 2701 recensionis,
1082 2649 1260 2705 quam
1292 2629 1484 2688 adhuc
1515 2628 1692 2687 habe-

414 2736 566 2790 mus,
630 2738 764 2777 cum
815 2720 967 2778 hanc
1013 2718 1333 2794 conjiciant
1387 2736 1516 2777 esse
1553 2735 1693 2798 sec.

413 2806 511 2866 VI.
565 2808 743 2866 Forte
783 2808 979 2884 ipsius
1013 2811 1106 2867 est
1134 2810 1254 2867 vita
1283 2809 1327 2866 s.
1379 2808 1538 2866 Justi
1568 2807 1692 2883 epi-

412 2891 579 2972 scopi
611 2896 1008 2974 lugdunensis
1042 2893 1101 2975 (†
1131 2914 1179 2960 c.
1203 2893 1376 2977 39⁰),
1410 2915 1561 2970 quae
1594 2914 1692 2954 ex-

415 2987 534 3044 stat
584 2985 664 3048 ib.
715 2986 789 3044 ad
841 2986 898 3044 d.
950 2996 1007 3048 2.
1058 2987 1215 3061 Sept.
1283 2985 1446 3044 Vixit
1493 2987 1694 3043 autem

410 3074 798 3133 Constantius
830 3075 1042 3134 saltem
1087 3092 1281 3149 usque
1325 3073 1399 3132 ad
1445 3092 1496 3134 a.
1547 3081 1693 3136 488.

413 3163 964 3222 ——Callinicus
997 3164 1239 3238 scripsit
1269 3163 1337 3221 de
1370 3165 1480 3220 vita
1500 3182 1545 3220 s.
1570 3162 1693 3237 Hy·

410 3254 562 3333 palii
591 3251 865 3330 magistri
888 3254 1001 3324 sui,
1035 3252 1267 3312 abbatis
1288 3250 1555 3311 coenobii
1574 3250 1693 3309 Bu-

411 3340 664 3399 finianae
697 3359 879 3418 prope
910 3333 1333 3400 chalcedonem
1372 3340 1439 3399 in
1477 3340 1693 3416 Bithy-

1746 1654 1983 1712 mansit.
2049 1653 2220 1713 Rexit
2264 1674 2315 1715 a.
2350 1664 2428 1718 45
2465 1655 2823 1713 monasteria
2854 1654 2929 1712 ab
2960 1672 3028 1712 ea

1746 1742 2000 1805 condita.
2040 1742 2173 1801 Non
2207 1742 2400 1819 liquet
2430 1762 2574 1801 num
2606 1742 2792 1802 fuerit
2822 1760 3027 1820 graece

1748 1831 1974 1905 scripta
2017 1835 2080 1889 et
2124 1832 2270 1890 eatis
2318 1832 2561 1890 barbare
2608 1832 2791 1897 latine
2828 1849 3025 1890 versa:

1747 1924 1950 1980 textus
1981 1921 2137 1979 enim
2170 1920 2398 1980 latinus
2440 1921 2718 1995 plurimis
2768 1921 3029 1985 inficitur

1748 2009 1933 2073 vitiis.
2001 2009 2111 2068 Sed
2158 2027 2225 2068 ea
2269 2013 2362 2069 est
2408 2010 2636 2068 sincera
2671 2012 2732 2068 et
2762 2009 3030 2072 candida.

1747 2099 2043 2157 Lacunam
2090 2098 2327 2157 demum
2375 2098 2601 2175 reperit
2631 2099 2784 2157 card.
2815 2098 3028 2157 Ram·

1748 2205 1836 2263 po
1854 2187 1963 2245 lla
1996 2186 2318 2263 ‘ediditque
2368 2188 2433 2246 in
2480 2188 2690 2247 Nuovo
2739 2187 3029 2246 bolletino

1748 2276 1812 2334 di
1842 2275 2212 2353 archeologia
2233 2277 2416 2345 crist„
2452 2276 2673 2339 Romae(
2718 2286 2882 2340 1900
2928 2275 3025 2345 VI,

1757 2374 1988 2427 1-16.
2045 2398 2122 2408 -
2176 2365 2269 2423 Ad
2321 2366 2469 2424 hanc
2516 2365 2667 2433 forte
2716 2361 3030 2441 periodum

1750 2456 1978 2528 spectat
2039 2454 2282 2529 quidam
2342 2455 2389 2511 P
2406 2473 2439 2513 o
2456 2473 2539 2529 rp
2556 2454 2595 2513 h
2609 2454 2832 2530 yrius
2864 2484 2869 2487 Δ
2895 2471 3031 2537 cen-

1750 2542 1935 2603 sualis
1965 2562 2000 2602 a
2028 2543 2205 2620 gleba
2234 2543 2552 2613 actuarius,
2586 2543 2758 2620 cujus
2790 2542 3030 2619 conjici-

1747 2635 1853 2691 tur
1870 2650 2001 2692 esse
2022 2631 2225 2692 Passio
2243 2651 2317 2691 ss.
2330 2641 2577 2709 quatuor
2590 2633 3027 2692 coronatorum.

1750 2721 2003 2780 Textum
2035 2721 2433 2797 antiquiorem
2470 2721 2659 2780 edidit
2692 2721 3031 2780 Watten·

1751 2810 1939 2869 bach
1987 2869 1990 2873 Α
2031 2809 2188 2885 apud
2280 2811 2682 2886 Bjidinger
2726 2810 3034 2869 Untersu-

1748 2899 2027 2975 chungen
2047 2919 2094 2960 z.
2118 2905 2262 2959 rom.
2283 2898 2844 2976 Kaisergeschichte‚
2864 2899 3034 2974 Leip-

1749 2987 1844 3064 zig
1879 2996 2045 3050 1870
2081 2986 2185 3057 111,
2238 2996 2584 3051 324—338
2618 3005 2754 3045 cum
2785 2990 3031 3046 annota-

1748 3075 2019 3135 tionibus
2040 3076 2509 3135 Benndorfii
2541 3079 2602 3134 et
2634 3075 3036 3152 Biidinger

1750 3164 1829 3225 ib.
1855 3173 2155 3228 339-37
2168 3175 2221 3234 9,
2257 3163 2435 3223 etiam
2457 3166 2705 3223 seorsim
2723 3163 2803 3227 ib.
2831 3173 3034 3233 1870;

1749 3255 2137 3314 retractatum
2187 3253 2454 3312 exhibuit
2466 3251 2515 3330 ¹)
2564 3252 3033 3313 wattenbach

1750 3342 1816 3400 in
1850 3341 2258 3419 Sit-zungsber.
2306 3342 2411 3401 der
2440 3343 2681 3401 Wiener
2712 3343 2821 3400 Ak.
2855 3342 2909 3405 d.
2941 3342 3031 3401 W.

414 3430 532 3501 nia,
594 3429 781 3505 patris
829 3430 1156 3505 spiritualis
1201 3430 1693 3489 monasteriorum
1763 3440 1927 3495 1853
1961 3431 2029 3501 X,
2072 3439 2436 3494 1.18—126.
2558 3465 2561 3470 ·

413 3650 507 3688 sco
553 3653 650 3689 um
674 3633 1059 3688 arausiensem
1096 3637 1247 3704 (ante
1273 3651 1323 3687 a.
1350 3641 1493 3703 464),
1533 3635 1699 3704 cujus

1850 3619 1993 3671 240.
2020 3576 2324 3683 Specimen
2347 3609 2623 3668 historiae
2655 3610 2790 3668 lite
2804 3610 3036 3669 rariae

416 3721 510 3760 ecc
536 3705 684 3760 esiae
730 3707 914 3759 status
957 3708 1082 3759 erat
1129 3708 1268 3760 tunc
1319 3705 1697 3760 tristissimus.
1745 3700 1920 3775 juxta
1981 3715 2027 3755 s.
2078 3697 2423 3773 Hieronymi
2484 3700 2819 3774 exemplum
2870 3699 3035 3757 dedit

416 3776 566 3831 Huic
591 3776 876 3832 immerito
905 3775 1242 3831 tribuuntur
1267 3776 1413 3830 duae
1439 3780 1697 3846 epistolae,
1757 3785 2206 3845 Gennadius
2268 3788 2579 3863 presbyter
2626 3788 3036 3858 massiliensis,

412 3864 563 3917 quae
592 3847 925 3902 Gennadius
968 3865 1014 3901 c.
1042 3856 1111 3905 49
1154 3847 1431 3904 adscribit
1470 3848 1698 3903 cuidam

417 3918 694 4001 Eutropio
715 3919 1045 3989 presbytero
1063 3921 1152 3990 (cf.
1180 3936 1352 3990 supra.
1379 3926 1482 3976 332
1499 3925 1587 3991 a.).
1616 3918 1699 3973 Cf.

417 3989 565 4044 Hist.
591 3992 668 4044 1b.
696 3990 765 4052 ΙΙ,
792 3994 897 4046 473
922 4008 994 4044 ss.

1756 3875 1828 3934 de
1861 3875 2033 3950 cujus
2065 3874 2224 3933 vitae
2257 3875 2393 3933 satis
2426 3876 2581 3934 nihil
2609 3876 2731 3934 fere
2752 3876 3036 3935 innotuit.

1758 3964 2025 4022 Aliieum
2036 3965 2345 4022 accensent
2357 3964 2862 4041 Semipelagianis,
2887 3983 3035 4039 quo-

453 4131 464 4142 ·
495 4066 531 4133 ¹)
560 4061 642 4116 Cf.
670 4061 818 4118 Hist.
844 4061 930 4116 lit.
958 4061 1028 4125 11,
1056 4068 1301 4118 543--48
1320 4083 1352 4142 z·
1378 4061 1424 4114 D
1443 4079 1524 4114 ιιι·
1543 4079 1579 4115 ιι
1607 4078 1698 4142 op.
1754 4072 1886 4111 rum
1907 4052 2262 4127 coryphaeos
2283 4052 2427 4111 satis
2447 4053 2668 4123 laudat,
2703 4052 2806 4111 alii
2836 4056 3037 4111 tamen

412 4136 511 4186 cit.
539 4139 609 4190 90
635 4150 722 4193 ss.;
751 4132 896 4186 Nar
915 4134 1040 4200 bey
1072 4131 1258 4186 Etude
1276 4136 1401 4186 crit.
1420 4150 1517 4186 sur
1535 4134 1592 4187 la
1611 4149 1699 4186 vie
1761 4161 1898 4200 gum
1946 4141 2020 4199 ab
2072 4141 2176 4198 hac
2224 4145 2485 4217 purgant
2535 4137 2757 4222 notae).
2840 4141 3037 4199 vitam

411 4202 484 4257 de
511 4221 555 4257 s.
581 4204 665 4267 G„
693 4203 927 4257 Parisiis
952 4210 1104 4260 1884.
1130 4203 1318 4257 Medio
1346 4220 1452 4258 sec.
1479 4205 1556 4258 IX
1594 4205 1701 4258 sub

417 4272 615 4331 Carolo
644 4274 731 4329 Cr.
758 4274 811 4328 H
826 4290 856 4326 e
873 4275 983 4330 ric
998 4292 1036 4327 u
1054 4292 1079 4328 s
1108 4275 1422 4329 monachus
1441 4274 1698 4330 antissio·

1760 4230 2003 4289 videtur
2032 4228 2383 4305 produxisse
2414 4229 2487 4287 ad
2521 4249 2569 4289 a.
2606 4239 2750 4291 493.
2817 4228 3036 4288 Admo-

413 4345 674 4400 dorensis
690 4345 870 4400 vitam
885 4346 1033 4401 hanc
1050 4345 1325 4416 inpoema
1341 4345 1591 4401 vertitll.
1605 4345 1699 4409 VI,
1762 4319 1904 4377 dum
1950 4319 2069 4377 fnit
2114 4317 2462 4387 lfiboriosus’
2506 4318 2598 4376 Vir
2643 4317 2890 4376 diffusae
2921 4318 3037 4377 ¹²0*

355 4468 362 4476 ,
456 4417 668 4471 timum
702 4416 968 4472 exhibuit
1013 4417 1057 4470 P
1074 4434 1103 4471 e
1120 4419 1186 4471 tr
1203 4435 1242 4471 u
1258 4435 1282 4471 s
1334 4417 1699 4481 Pesseliaeus,

463 4487 652 4542 arisiis
683 4495 850 4548 1543:
878 4488 1122 4543 Labbe
1151 4488 1287 4544 bibl.
1315 4508 1369 4542 n.
1397 4490 1439 4553 1,
1467 4496 1559 4545 531
1597 4506 1699 4548 ss.;

1412 4559 1699 4688 lidkpliislti
1759 4630 2152 4699 Geschichtsq.
2202 4631 2290 4684 ed.
2344 4640 2375 4686 5
2426 4650 2481 4701 p.
2531 4637 2599 4687 42
2622 4652 2633 4683 ι
2683 4630 2724 4683 Ρ
2743 4647 2774 4684 o
2792 4631 2908 4684 tth
2926 4633 3041 4683 ast

418 4559 479 4612 in
505 4560 630 4614 Act.
656 4560 748 4626 SS.
777 4559 854 4612 ib.
882 4566 1194 4616 221—225:
1247 4560 1340 4613 Mi

419 4629 663 4695 CXXIV,
708 4636 1087 4690 1131—1208;
1138 4630 1182 4684 D
1201 4649 1239 4684 ιι
1256 4649 1283 4684 ι·
1300 4649 1337 4685 ιι

424 4708 559 4758 1866
585 4702 654 4765 ΙΙ,
682 4708 909 4759 2—110.

493 4777 531 4840 ²)
561 4773 644 4827 Of.
672 4772 1372 4844 Potthastpa-g.1337.

1834 4565 1874 4630 ¹)
1904 4560 1987 4615 Cf.
2049 4559 2555 4614 Wattenbach
2619 4558 3038 4614 Deutschlands

1758 4721 1812 4773 p.
1845 4705 1996 4760 1537.

1835 4778 1874 4844 ²)
1903 4772 1987 4830 Cf.
2014 4791 2100 4827 ex.
2127 4791 2212 4844 gr.
2243 4773 2555 4829 Nirschl
2585 4774 2877 4839 111‚§261.
