3505 5161
367 228 531 280 1057
1479 209 1850 264 innfrancus.
2814 229 2976 283 1058

358 395 649 454 celebres:
692 413 827 453 cum
867 414 1004 454 vero
1041 396 1114 454 ab
1152 395 1356 454 eodem
1394 395 1638 473 eligere·
1696 396 1946 456 ecclesia
1995 406 2096 461 28.
2127 397 2260 472 Maj.
2303 407 2487 468 1089,
2527 398 2703 472 juxta
2747 398 2979 473 aliquos

357 488 461 542 tur
504 484 567 542 in
612 484 1117 560 archiepiscopum
1165 489 1639 562 rotomagensem
1694 485 2013 545 admodum
2061 486 2434 563 grandaevus
2481 480 2557 568 (a.
2604 487 2815 545 aetatis
2854 485 2980 566 92).

358 569 603 654 (1067),
650 573 794 631 adeo
826 574 1154 632 reluctatus
1186 576 1297 647 est,
1344 577 1414 631 ut
1455 574 1576 632 dux
1606 594 1640 632 a
1692 575 1764 633 In
1796 576 2103 634 nonnullis
2132 576 2571 652 martyrologiis
2601 576 2730 651 ejus
2764 595 2980 635 nomen

358 680 464 721 suo
496 662 811 721 desisteret
840 662 1098 723 consilio,
1145 662 1394 721 Interim
1415 662 1637 722 Guilel-
1693 664 1991 723 insertum
2022 663 2260 742 legitur.

359 769 491 809 mus
513 755 827 827 occuparat
846 751 1100 828 Angliae
1121 771 1391 828 regnum,
1427 752 1489 809 in
1521 771 1640 828 quo

353 840 701 903 ,tristissima
762 844 892 899 erat
950 841 1256 918 religionis
1322 841 1639 900 catholicae

359 929 638 988 conditi0.
701 929 910 1006 Legati
942 930 1111 988 missi
1145 950 1178 987 a
1215 949 1460 988 romano
1493 950 1638 1006 pon·
1804 940 1946 993 592.
1999 930 2205 1006 Opera,
2257 950 2407 1005 quae
2458 936 2804 1008 supersunt,
2856 935 2975 993 col-

281 1026 284 1027 ’
358 1018 514 1077 tifice
538 1019 763 1096 synodo
784 1017 990 1077 habita
1009 1020 1211 1094 plures
1233 1019 1640 1095 deposuerunt
1694 1020 1849 1078 lecta
1879 1020 2234 1095 prodierunt
2277 1039 2420 1079 cura
2460 1021 2514 1079 d'
2533 1022 2780 1081 Acher
2792 1043 2832 1099 y
2865 1025 2976 1081 Pa-

307 1169 313 1173 ,
359 1108 675 1185 episcopos,
709 1108 867 1166 inter
885 1126 1035 1183 quos
1056 1111 1118 1166 et
1135 1109 1638 1185 archiepiscopum
1695 1108 1859 1167 risiis
1901 1119 2099 1179 1648;
2147 1110 2212 1168 in
2256 1109 2401 1168 bibl.
2446 1111 2558 1170 ΡΡ.
2590 1112 2754 1188 lugd.
2785 1112 2977 1171 XVIII

317 1188 322 1191 ’
354 1197 841 1268 cantuariensem.
875 1196 998 1254 Hac
1019 1198 1468 1273 opportunitate
1490 1216 1638 1256 usus
1698 1207 2077 1266 617—833;
2117 1198 2327 1257 oxonii
2347 1208 2716 1264 1844-1845
2736 1202 2778 1258 t.
2800 1210 2834 1262 2
2856 1220 2975 1262 cur.

359 1286 688 1345 Guilelmus
704 1281 773 1366 ¹),
837 1285 943 1361 qui
1007 1285 1072 1343 in
1136 1305 1338 1363 regem
1386 1287 1638 1364 Angliae
1695 1287 1942 1358 Giles,
1978 1306 2130 1362 quae
2162 1288 2251 1346 ed.
2279 1306 2401 1347 non
2430 1289 2585 1347 tanti
2606 1290 2703 1359 flt;
2737 1290 2975 1367 Migne

357 1375 551 1434 fuerat
583 1377 915 1445 coronatu8‚
962 1375 1359 1449 Lanfrancum
1392 1394 1636 1435 consen·
1695 1375 1801 1445 CL,
1839 1385 2120 1440 9—640.
2185 1377 2424 1436 Potiora
2456 1383 2630 1436 sunt:
2682 1378 2755 1436 In
2786 1398 2977 1437 omnes

358 1464 651 1523 tientibus
704 1464 919 1541 legatis
982 1467 1042 1522 et
1105 1464 1330 1540 synodo
1379 1465 1638 1524 invitum
1694 1466 1871 1523 Pauli
1914 1485 1997 1541 ep.
2044 1467 2449 1525 commentarii
2497 1462 2734 1548 (breves
2772 1467 2974 1526 admo-

359 1553 496 1612 licet
512 1557 573 1612 et
589 1554 711 1623 diu,
738 1554 838 1613 sed
861 1554 1101 1632 frustra,
1135 1555 1526 1613 reluctantem
1564 1554 1636 1612 ad
1694 1548 1865 1637 dum)
1898 1572 2031 1612 cum
2065 1556 2333 1632 glossula
2364 1555 2691 1630 interjecta,
2724 1556 2975 1615 derivati

359 1643 557 1703 sedem
578 1644 1053 1702 cantuariensem
1076 1644 1370 1718 promovit
1390 1639 1498 1724 (10
1511 1654 1541 1704 7
1554 1638 1636 1725 0).
1692 1643 1812 1701 fere
1832 1662 1901 1702 ex
1922 1662 1996 1703 ss.
2016 1646 2357 1721 Augustino
2377 1646 2439 1703 et
2457 1645 2800 1704 Ambrosio:
2822 1664 2974 1721 quae

358 1732 580 1791 Exinde
612 1732 959 1792 incredibile
989 1732 1406 1803 sollicitudine,
1460 1732 1635 1791 indu·
1695 1751 1831 1791 vero
1882 1751 1950 1792 ex
1997 1733 2107 1791 hoc
2151 1751 2195 1792 s.
2242 1737 2408 1811 patre
2453 1734 2696 1793 adducit
2737 1734 2800 1792 in
2844 1736 2972 1806 eius

359 1822 504 1879 stria
539 1825 600 1880 et
639 1821 991 1880 fortitudine
1021 1824 1212 1880 totam
1243 1821 1637 1880 intentionem
1695 1820 1993 1897 operibus,
2047 1842 2197 1897 quae
2248 1827 2590 1898 supersunt,
2641 1842 2762 1881 non
2805 1842 2972 1898 repe-

359 1928 524 1969 suam
559 1910 633 1969 ad
679 1929 870 1969 mores
902 1910 1210 1970 hominum
1242 1911 1634 1987 corrigendOS,
1693 1910 1951 1972 riuntur.
1988 1911 2500 1988 Ziegelbauer
2526 1915 2726 1970 tamen
2743 1912 2973 1972 inHist.

356 2000 803 2058 restaurandam
824 2000 1204 2075 disciplinam
1231 2000 1634 2070 monasticam,
1691 1998 1779 2057 rei
1812 1999 1901 2057 lit.
1936 1999 2000 2059 Ο.
2035 2000 2090 2058 S.
2122 2001 2265 2059 Ben.
2298 2020 2354 2076 p.
2385 2001 2473 2058 111
2518 2018 2565 2059 c.
2601 2010 2635 2062 2
2681 1997 2714 2066 ἕ
2760 2009 2852 2071 14,
2901 2001 2972 2059 de

357 2090 826 2165 componendum
875 2089 1171 2148 Ecclesiae
1222 2091 1446 2147 statum
1495 2106 1633 2148 con·
1692 2107 1896 2147 eorum
1944 2089 2313 2165 genuinitate
2358 2089 2629 2160 dubitat;
2679 2089 2834 2151 Hist.
2885 2089 2973 2152 lit.

357 2179 556 2237 vertit.
607 2177 895 2237 Ecclesiae
928 2182 989 2236 et
1019 2177 1381 2237 monasteria
1405 2180 1635 2236 restau·
1693 2176 1850 2248 VIII,
1878 2187 2021 2249 277,
2054 2179 2431 2237 Mabillon
2455 2181 2563 2237 etc.
2586 2198 2712 2237 eam
2733 2182 2972 2256 negant.

357 2267 542 2337 ravit3
589 2266 941 2326 nominatim
975 2267 1339 2337 cantuariae,
1386 2270 1458 2325 ut
1489 2267 1639 2325 alter
1692 2300 1782 2310 —
1811 2266 1991 2326 Liber
2022 2269 2088 2326 de
2106 2286 2347 2342 corpore
2366 2276 2414 2327 et
2434 2270 2717 2345 sanquine
2736 2268 2974 2326 Domini

359 2355 537 2430 hujus
559 2356 714 2415 sedis
735 2356 1013 2414 fundator
1046 2356 1164 2414 dici
1196 2356 1404 2431 possit,
1437 2355 1636 2431 hospi·
1692 2357 1899 2413 contra
1931 2357 2375 2434 Berengarium,
2426 2357 2488 2416 in
2537 2376 2656 2432 quo
2707 2357 2972 2434 singulas

357 2446 502 2504 talia
523 2445 755 2521 aliaque
774 2444 1221 2504 beneficientiae
1254 2445 1314 2503 in
1347 2464 1637 2521 pauperes
1693 2444 1873 2518 hujus
1906 2446 2261 2505 assertiones
2284 2446 2533 2505 c'iscutit
2548 2441 2613 2530 1),
2647 2465 2819 2522 saepe
2851 2445 2974 2503 edi-

355 2534 637 2594 instituta
680 2534 963 2605 condidit,
1030 2534 1258 2594 scholas
1318 2537 1380 2593 et
1438 2534 1639 2593 studia
1691 2535 1811 2608 tue,
1874 2534 2138 2611 primum
2201 2536 2464 2595 Basileae
2527 2530 2776 2617 (1528),
2839 2554 2973 2595 cum

356 2625 520 2683 fovit.
587 2625 658 2683 In
687 2625 938 2684 lectione
971 2626 1096 2683 erat
1127 2624 1408 2682 assiduus
1454 2623 1635 2683 etiam
1691 2623 1915 2695 Pasch.,
1938 2624 2247 2695 Radberto,
2270 2625 2579 2702 Rotomagi
2607 2634 2805 2696 1540;
2840 2644 2972 2683 cum

357 2714 515 2772 inter
533 2713 787 2772 maxima
806 2713 1201 2790 episcopatus,
1236 2713 1356 2771 imo
1386 2715 1446 2771 et
1465 2712 1634 2789 regni
1693 2712 1910 2789 Algero
1952 2717 2079 2785 etc„
2125 2714 2373 2773 Lovanii
2418 2724 2612 2784 1561;
2659 2714 2788 2789 ejus
2835 2732 2972 2772 vero

355 2803 612 2880 negotia,
660 2803 816 2878 quod
850 2803 993 2878 ipse,
1041 2821 1180 2880 rege
1225 2802 1487 2873 absente,
1535 2802 1636 2860 ad·
1692 2803 1960 2876 epistolae
2019 2802 2349 2861 invectivae
2409 2802 2473 2861 in
2529 2802 2970 2879 Berengarium,

355 2892 842 2950 ministrabatzet
861 2893 1134 2967 quamvis
1150 2893 1215 2950 in
1231 2894 1636 2950 summaesset
1691 2909 1841 2966 quas
1892 2895 2030 2950 ante
2081 2892 2240 2951 hunc
2283 2892 2323 2952 1.
2369 2891 2668 2967 scripsisse
2714 2891 2974 2949 testatur

356 2981 648 3058 dignitate
679 2981 1064 3051 constitutus,
1108 2999 1429 3056 pauperem
1462 2979 1638 3038 duxit
1694 2979 2163 3057 Sigebertus
2224 2980 2295 3038 de
2343 2980 2447 3038 SE.
2495 2998 2541 3039 c.
2596 2989 2735 3050 155,
2785 2979 2971 3038 inter-

356 3070 560 3128 vitam.
604 3070 680 3128 Et
712 3070 854 3145 quia
886 3088 933 3133 s,
955 3070 1293 3146 Scripturae
1313 3088 1634 3127 amanuen·
1693 3068 1984 3130 ciderunt.
2004 3104 2091 3112 —
2115 3070 2356 3128 Decreta
2386 3087 2495 3144 pro
2529 3068 2735 3127 ordine
2767 3087 2810 3128 s,
2830 3069 2972 3130 Ben.

356 3160 507 3218 sium
561 3158 706 3218 vitio
770 3163 941 3218 erant
998 3159 1252 3218 nimium
1305 3160 1633 3235 corruptae,
1691 3158 1747 3216 h.
1781 3177 1833 3221 e.
1878 3158 2299 3228 ordinationeS,
2348 3177 2496 3233 quas
2541 3157 2811 3216 monachi
2840 3159 2972 3215 tum

355 3267 555 3306 omnes
585 3251 708 3306 tam
741 3247 805 3310 V.
839 3267 1015 3323 quam
1048 3248 1121 3308 N.
1154 3248 1216 3307 T.
1248 3247 1454 3317 libros,
1497 3266 1632 3306 nec·
1690 3246 1757 3305 in
1801 3247 2177 3305 monasteriis
2208 3250 2341 3305 tum
2380 3247 2558 3305 etiam
2601 3246 2667 3304 in
2712 3246 2970 3305 ecclesiis

354 3355 474 3396 non
520 3340 580 3396 et
624 3337 844 3413 scripta
896 3355 973 3395 ss.
1020 3341 1260 3412 patrum
1308 3336 1632 3395 secundum
1691 3336 2136 3395 cathedralibus
2168 3336 2480 3395 observare
2512 3336 2781 3404 debeant,
2820 3335 2973 3394 forte

355 3426 738 3485 orthodoxam
769 3426 943 3484 fidem
985 3426 1224 3485 studuit
1257 3419 1631 3506 corrigeress),
1688 3428 1871 3501 prout
1913 3443 2075 3484 nunc
2119 3424 2435 3496 habentur,
2480 3424 2757 3484 nonnihil
2788 3424 2971 3483 inter-

354 3519 414 3573 et
446 3515 624 3573 etiam
655 3515 845 3573 multa
885 3514 956 3573 de
1002 3515 1110 3587 hia,
1159 3534 1310 3591 quae
1342 3515 1403 3573 in
1436 3515 1633 3574 Eccle-
1692 3515 1923 3592 polatae
1943 3518 2104 3576 sunt.
2123 3548 2210 3556 —
2233 3514 2631 3590 Epistolarum
2653 3513 2824 3583 liber,
2853 3531 2970 3588 quo

355 3604 475 3662 siae
505 3603 849 3662 ministeriis
869 3605 930 3662 et
949 3603 1159 3663 officiis
1181 3603 1633 3676 adhibebantur,
1690 3606 1926 3662 tantum
1979 3613 2060 3665 44
2106 3603 2316 3662 breves
2362 3603 2627 3678 ejusdem
2665 3602 2968 3678 epistolae,

357 3693 427 3751 ad
454 3712 715 3769 unguem
738 3693 1093 3762 emendavit,
1128 3696 1190 3751 et
1222 3693 1329 3751 hoc
1360 3712 1483 3751 non
1500 3695 1633 3751 tan·
1689 3693 1832 3751 dum
1849 3694 2007 3750 esset
2020 3692 2514 3767 archiepiscopuS,
2534 3695 2797 3751 servatae
2812 3694 2971 3753 sunt.

353 3786 693 3857 tumperse,
715 3781 1006 3841 sedetiam
1022 3782 1633 3858 perdiscipulossuOS.
1691 3782 1808 3839 Eae
1841 3784 1985 3839 sunt
2014 3781 2310 3857 pretiosae
2356 3800 2462 3857 pro
2509 3780 2758 3839 historia
2803 3780 2968 3839 illius

357 3871 619 3929 Decessit
663 3871 878 3946 plenus
923 3867 1214 3953 meritis-⁰³)
1264 3871 1337 3929 de
1382 3870 1635 3947 Angliae
1688 3870 1996 3946 temporis,
2048 3873 2109 3927 et
2158 3870 2348 3928 doctis
2398 3869 2888 3929 annotationibus
2936 3889 2970 3927 a

1691 3959 2069 4018 Dacherio
2122 3957 2345 4038 (Migne
2402 3959 2440 4017 l.
2492 3977 2538 4017 c.
2595 3954 2967 4040 551—624)

433 4062 468 4129 ¹)
495 4058 575 4117 cf,
623 4058 700 4111 du
750 4058 792 4110 B
810 4075 841 4111 o
857 4076 936 4127 ys
971 4059 1163 4112 Revue
1214 4059 1311 4112 des
1357 4076 1451 4128 qq.
1499 4057 1633 4112 hist.

360 4137 511 4187 1881.
541 4130 609 4195 II,
637 4135 938 4187 329—386.

426 4204 467 4272 ἃ)
496 4201 559 4254 ld
578 4203 700 4272 jam
728 4201 1020 4271 praestitit
1035 4201 1171 4254 dum
1189 4201 1421 4271 degeret
1435 4199 1497 4254 in
1518 4219 1632 4255 mo·
1691 4201 1892 4254 mencl.
1922 4198 2016 4262 IV,
2049 4204 2147 4254 108
2174 4198 2261 4252 ed.
2288 4198 2546 4269 prioris);
2601 4197 2743 4252 Hist.
2786 4199 2872 4252 lit.
2899 4199 2968 4251 de

353 4273 600 4327 nasterio
617 4271 1400 4342 beccensi‚ejusquerecensio
1417 4272 1519 4325 diu
1534 4290 1634 4343 per
1688 4271 1744 4324 la
1787 4270 1876 4324 Fr.
1904 4269 2053 4334 VIII,
2094 4275 2406 4329 ‘mo—305:
2452 4268 2502 4324 J.
2547 4268 2615 4322 de
2663 4269 2969 4324 Crozals

352 4344 571 4398 Gallias
615 4360 846 4397 normae
891 4344 1072 4397 instar
1115 4344 1438 4397 habebatur
1477 4347 1536 4398 et
1572 4343 1634 4399 in
1689 4342 1973 4395 Lanfranc
2000 4381 2013 4394 .
2043 4381 2055 4394 .
2084 4381 2097 4393 .
2126 4358 2187 4394 sa
2215 4341 2321 4404 vie,
2344 4358 2445 4394 son
2462 4341 2890 4410 enseignement
2910 4357 2970 4393 sa

353 4415 583 4487 Anglia.
657 4416 976 4486 Supersunt
1036 4413 1226 4468 adhuc
1285 4415 1634 4486 exemplaria
1689 4413 1975 4484 politique
2020 4411 2250 4466 Parisiis
2300 4413 2465 4472 1877;
2515 4410 2672 4466 Meh
2693 4412 2803 4467 lcr
2843 4411 2969 4466 Ges.

354 4505 384 4541 ο
431 4505 591 4541 erum
619 4489 847 4557 patrum
877 4503 978 4540 sua
1006 4503 1180 4540 manu
1211 4488 1462 4542 correcta
1489 4488 1633 4540 teste
1690 4485 1997 4549 Schriften,
2049 4483 2421 4554 Regensburg
2476 4487 2627 4540 1839.
2682 4484 2723 4548 1,
2774 4487 2842 4539 39
2880 4483 2968 4543 ff.;

356 4507 501 4615 Isist.
529 4557 615 4613 lit.
643 4557 793 4622 VIII,
823 4565 941 4614 288.
1688 4556 1921 4610 Matte
1942 4574 1967 4608 s
2022 4555 2133 4608 KL.
2176 4555 2297 4621 VII,
2341 4559 2507 4614 1392;
2560 4553 2776 4607 Endres
2827 4554 2969 4607 Lan·

427 4635 466 4699 ⁸)
496 4629 578 4684 Cf.
606 4630 773 4700 plura
800 4630 861 4682 in
889 4629 1011 4695 ejus
1029 4629 1148 4682 vita
1168 4628 1459 4701 (nonnihil
1479 4627 1632 4710 rudi)
1688 4627 1887 4682 franks
1913 4625 2270 4680 Verhffltniss
2309 4643 2409 4679 zur
2443 4624 2737 4680 Dialektik
2772 4626 2835 4679 in
2862 4625 2968 4678 Ka·

352 4718 385 4754 a
426 4700 602 4756 Milo
625 4717 709 4755 ne
751 4700 1012 4770 Crispino
1055 4701 1332 4754 monacho
1373 4700 1632 4754 beccensl
1689 4699 1880 4754 tholik
1913 4704 2065 4754 1902.
2093 4700 2133 4752 I.
2163 4702 2462 4753 215—232.

353 4772 675 4842 conscripta
715 4772 883 4843 (Mig
903 4790 938 4824 n
960 4789 987 4824 e
1028 4772 1132 4835 CL,
1177 4778 1385 4829 19—58
1424 4772 1494 4824 cf.
1523 4771 1631 4825 No·
1769 4777 1805 4844 ¹)
1836 4770 1918 4825 Cf.
1947 4769 2020 4821 W
2038 4785 2112 4822 er
2130 4785 2255 4822 ner
2282 4767 2522 4823 Gerbert
2549 4787 2603 4838 p.
2637 4771 2931 4825 175—178.

563 4871 754 4929 Hurter,
785 4869 1110 4916 Nomenclator
1135 4870 1155 4914 1
1181 4869 1253 4917 ed.
1281 4870 1367 4918 111.
2542 4864 2613 4914 34
