3505 5161
415 228 530 280 157

1358 210 1411 264 S.
1440 208 1747 281 Gregorius
1776 227 2070 279 nyssenus.

2910 230 3027 283 158

405 398 638 473 positus
668 394 793 456 fuit
821 392 881 478 (a
904 392 1075 479 375).
1125 396 1407 454 Animum
1437 395 1569 470 ejus
1592 396 1687 454 tot
1739 406 1954 473 vnayna
1986 415 2139 473 quae
2184 400 2279 455 est
2320 398 2573 456 eximius
2619 401 2911 458 tractatus
2957 398 3028 458 de

405 486 576 545 malis
637 486 901 563 graviter
961 484 1250 544 afflictum
1305 483 1687 543 fidelissimus
1741 484 1934 554 mode,
1971 503 2090 560 quo
2122 483 2364 556 ethnici,
2407 487 2612 562 judaei
2646 489 2827 563 atque
2858 488 3027 547 here-

404 576 628 635 amicus
659 574 983 653 Gregorius
1010 592 1134 634 naz.
1168 574 1395 633 solatus
1425 574 1520 632 est
1548 591 1686 632 con-
1740 573 1848 633 tici
1878 578 2024 633 sunt
2054 573 2429 646 instituendi,
2477 578 2552 634 nt
2582 575 2905 635 christiana
2934 589 3029 636 re·

401 665 795 740 firmavitque.
861 662 1300 723 Post‘Valentis
1331 662 1563 722 obitum
1611 658 1686 743 (a.
1740 662 1965 739 ligione
2002 692 2007 697 ·
2039 682 2219 739 quam
2295 665 2521 740 optime
2594 663 3028 747 imbuantur1).

408 752 558 835 378)
593 753 649 812 ei
694 751 768 813 ad
807 771 984 812 suum
1014 752 1208 812 redire
1242 752 1421 811 licuit·
1444 770 1685 829 gregem
1742 751 2087 811 Translatae
2138 753 2201 811 et
2247 756 2485 813 assutae
2533 756 2677 812 sunt
2722 754 2785 813 in
2835 754 2947 813 fine
2980 775 3029 815 c.

403 838 736 921 magnaque
786 838 979 901 fidelis
1029 841 1235 918 populi
1289 839 1686 899 exsultatione
1740 839 1947 900 ultimi
1995 841 2235 900 aliunde
2286 842 2574 918 quaedam
2627 842 2816 901 lineae
2862 839 2928 925 (2
2942 832 3025 925 6),

403 937 493 990 est
522 936 820 1008 receptus.
882 930 1169 991 Interfuit
1203 929 1385 989 variis
1418 928 1680 1006 synodis,

402 1027 470 1080 ut
499 1021 884 1080 antiochenae
906 1016 1093 1101 (379)
1114 1016 1187 1078 ad
1208 1017 1682 1095 componendum

403 1111 661 1170 schisma
710 1109 1012 1169 occasione
1063 1107 1456 1167 ordinationis
1504 1107 1683 1167 Mele-

401 1200 472 1258 tii
487 1201 533 1277 ¹)
552 1197 618 1258 in
635 1199 979 1274 episcopum
997 1198 1288 1268 obortum,
1312 1215 1465 1272 quae
1484 1198 1683 1255 tamen

401 1289 593 1347 caruit
642 1288 861 1358 fructu,
924 1286 1605 1363 constantinopolitanae
1654 1286 1683 1343 Ι

402 1373 600 1459 (381),
648 1377 711 1437 in
755 1396 875 1453 qua
913 1395 1127 1453 magna
1158 1377 1285 1435 erat
1313 1376 1445 1452 ejus
1477 1376 1681 1434 aucto·

400 1467 563 1536 ritas,
610 1471 719 1530 etc.
786 1467 931 1525 Post
973 1485 1022 1524 a.
1060 1474 1184 1529 394
1232 1466 1362 1540 ejus
1402 1482 1522 1523 non
1556 1482 1679 1522 am·

401 1556 559 1631 plius
592 1556 849 1615 occurrit
879 1554 1120 1617 mentio,
1232 1582 1237 1585 ·

491 1743 590 1795 82.
628 1733 814 1792 Multa
860 1730 1110 1810 reliquit
1155 1733 1228 1792 de
1274 1732 1451 1792 variis
1499 1730 1675 1809 argu-

399 1823 616 1881 mentis
678 1841 874 1899 opera.
935 1823 1103 1882 Inter
1159 1841 1336 1899 opera
1381 1822 1598 1899 dogm
1618 1841 1677 1880 a·

396 1912 553 1969 tica
615 1912 837 1970 eminet
895 1913 1024 1989 ejus
1085 1914 1275 1971 oratio
1342 1911 1677 1970 catechett‘ca

478 2142 510 2203 ¹')
540 2136 596 2189 M
615 2152 643 2187 e
659 2139 679 2191 1
695 2153 724 2189 e
742 2137 800 2189 ti
818 2154 857 2189 u
874 2155 898 2189 s
939 2135 1346 2197 melitenensis,
1388 2135 1678 2203 quondam

400 2207 727 2261 sebastenus
755 2208 1074 2277 episcopua,
1100 2207 1175 2259 ab
1204 2206 1433 2259 Arianis
1461 2223 1679 2277 promo·

400 2284 491 2331 tus
518 2283 603 2332 est
640 2282 707 2350 (c.
734 2295 785 2331 a.
812 2286 916 2334 360
944 2278 1035 2331 vel
1063 2283 1187 2337 361)
1232 2278 1305 2331 ad
1350 2278 1539 2331 sedem
1584 2294 1679 2330 an-

397 2348 741 2404 tiochenam.
793 2350 935 2404 Cum
962 2366 1095 2404 vero
1121 2350 1290 2403 fidem
1318 2350 1682 2420 profiteretur

398 2422 790 2483 orthodoxam,
815 2423 1125 2492 pluresque
1140 2420 1213 2474 ad
1231 2437 1354 2474 eam
1369 2423 1678 2483 revocaret,

398 2510 524 2546 mox
553 2494 626 2545 ab
665 2491 870 2547 iisdem
912 2492 1142 2546 Arianis
1182 2493 1311 2546 sede
1353 2492 1607 2560 dejectus
1647 2509 1680 2545 a

398 2563 731 2619 Constantio
759 2566 821 2618 in
848 2564 1115 2619 exsilium
1143 2564 1349 2619 missus
1374 2567 1548 2633 atque
1572 2563 1679 2618 Eu-

398 2637 553 2705 zojus
580 2637 629 2690 ei
660 2637 939 2691 substitus
965 2641 1065 2690 est.
1103 2637 1222 2690 Sub
1246 2636 1479 2693 Juliano
1507 2635 1682 2690 rediit

399 2707 782 2770 Antiochiam,
810 2709 907 2762 sed
927 2709 1136 2762 iterum
1157 2710 1265 2763 sub
1282 2708 1522 2762 Valente
1543 2710 1678 2762 rele-

393 2782 561 2848 gatus
602 2780 833 2834 nonnisi
874 2797 938 2834 eo
981 2780 1252 2833 defuncto
1297 2783 1442 2851 (378)
1470 2778 1680 2833 reverti

394 2850 443 2902 ei
471 2850 640 2905 licuit
658 2853 731 2905 ad
753 2852 940 2906 sedem
963 2869 1143 2904 suam.
1172 2851 1443 2905 Interfuit
1461 2850 1678 2918 synodo

393 2923 1052 2995 constantinopolitanae
1105 2929 1174 2992 (a.
1222 2927 1364 2992 381),
1417 2939 1531 2990 qua
1577 2921 1675 2974 clu-

393 3009 451 3045 ra
478 2998 552 3046 ite
580 2994 743 3048 obiit.
794 2994 991 3064 Magni
1032 2995 1219 3047 factus
1244 2998 1330 3046 est
1354 3011 1386 3045 a
1415 2994 1679 3064 patribus

394 3065 732 3136 praecipuis,
777 3064 860 3121 ita
910 3083 943 3118 a
997 3063 1271 3135 Gregorio
1312 3068 1524 3128 nostre,
1575 3064 1679 3132 qui

393 3135 706 3193 orationem
732 3136 1029 3190 funebrem
1071 3136 1133 3190 in
1172 3152 1303 3190 eum
1344 3137 1579 3196 habuit;
1622 3139 1680 3189 et

392 3208 464 3259 ob
490 3208 729 3262 eximias
761 3210 999 3262 virtutes
1034 3225 1151 3262 non
1178 3209 1361 3262 solum
1389 3212 1463 3261 ab
1491 3207 1677 3261 Eccle-

391 3278 471 3330 sia
501 3280 784 3343 orientali,
830 3279 925 3334 sed
953 3283 1011 3332 et
1052 3281 1125 3334 ab
1152 3277 1493 3336 occidentali
1528 3280 1678 3333 inter

391 3355 613 3405 sanctos
639 3351 864 3407 colitur.
915 3353 967 3406 S.
1008 3349 1051 3402 Ε
1068 3369 1105 3419 p
1124 3349 1145 3403 i
1161 3369 1198 3420 p
1216 3353 1253 3404 h
1271 3367 1304 3402 a
1323 3368 1360 3403 n
1378 3350 1398 3403 i
1414 3369 1452 3404 u
1470 3369 1493 3403 s
1521 3352 1676 3404 haer.

390 3423 458 3477 73
483 3439 538 3475 n.
567 3430 778 3480 29—33
818 3424 940 3492 eius
968 3421 1300 3486 orationem,
1342 3438 1488 3490 quae
1519 3424 1677 3475 Aria·

392 3508 595 3546 norum
622 3495 768 3548 iram
796 3493 1106 3557 suem-adit,
1154 3491 1319 3547 nobis
1344 3493 1675 3547 asservavit.

390 3561 469 3616 De
516 3564 641 3633 ipso
688 3566 1009 3628 schismate,
1056 3564 1209 3634 quod
1251 3565 1486 3618 duravit
1525 3567 1597 3619 ab
1624 3583 1674 3619 a.

389 3640 687 3702 330—-415‚
716 3639 787 3690 cf.
815 3638 866 3690 H
883 3654 913 3691 e
931 3638 997 3690 fe
1015 3637 1034 3689 l
1053 3653 1081 3690 e
1109 3636 1221 3688 KL.
1250 3636 1400 3701 Vm,
1426 3641 1673 3693 1228-33.

387 3735 457 3746 --
484 3705 783 3778 Distingui
826 3710 900 3761 ab
947 3725 1011 3762 eo
1058 3708 1270 3761 debent
1314 3706 1369 3759 M
1386 3725 1415 3763 e
1432 3709 1451 3761 l
1468 3724 1496 3761 e
1516 3709 1575 3761 ti
1594 3728 1627 3761 u
1650 3727 1674 3761 s

388 3776 674 3832 Theodori
701 3779 762 3832 in
791 3780 920 3833 sede
949 3782 1349 3850 mopsuestena
1371 3796 1673 3844 successor,

389 3847 641 3904 Nestorii
665 3851 895 3914 assecla,
939 3851 1073 3905 hinc
1110 3851 1174 3903 in
1215 3868 1369 3904 cone.
1399 3853 1671 3922 ephesino

389 3925 459 3988 (a.
487 3925 611 3992 431)
639 3919 951 3992 depositus.
980 3922 1118 3992 Ejus
1143 3926 1390 3991 epistolas
1410 3927 1519 3993 (ll)
1542 3941 1671 3977 cum

386 3989 646 4061 epistolis
695 3995 938 4049 alioruin
992 3996 1219 4064 patrum
1265 3994 1335 4046 ad
1390 3995 1670 4061 synodum

386 4063 718 4132 ephesinam
760 4065 946 4119 edidit
973 4066 1067 4118 Lu
1086 4084 1122 4134 p
1142 4084 1177 4117 u
1196 4083 1220 4116 s
1263 4065 1505 4119 Lovanii
1536 4072 1670 4123 1682

385 4132 446 4185 in
464 4143 513 4192 4:
542 4137 601 4188 et
626 4135 681 4188 M
699 4153 727 4187 e
744 4139 763 4191 1
779 4153 807 4189 e
827 4143 849 4189 t
865 4137 885 4190 i
903 4155 939 4190 u
958 4156 982 4190 s
1008 4136 1323 4192 monachus
1339 4136 1545 4199 dictus,
1569 4137 1668 4206 qui

384 4206 577 4259 tamen
623 4209 683 4261 et
725 4207 1102 4278 philosophus
1143 4209 1200 4260 et
1239 4207 1489 4261 medicae
1532 4209 1671 4260 artis

384 4276 603 4344 peritus
631 4278 805 4332 fuisse
834 4278 1078 4334 videtur.
1132 4279 1331 4333 Exstat
1371 4280 1492 4346 ejus
1535 4279 1571 4333 l.
1611 4283 1673 4333 de

383 4355 583 4402 natm-«c
610 4353 856 4420 hominis,
885 4350 945 4404 in
973 4368 1088 4419 quo
1117 4351 1291 4404 variis
1332 4367 1398 4402 ex
1426 4350 1671 4403 auctori-

384 4415 490 4472 bus
518 4439 671 4474 nunc
699 4422 814 4476 fere
841 4422 1153 4493 deperditis
1180 4421 1453 4475 describit
1477 4439 1670 4493 corpo·

383 4489 462 4543 ris
510 4493 747 4546 humani
789 4495 1134 4548 structuram
1157 4516 1166 4546 ε
1213 4500 1341 4547 'oum
1388 4495 1564 4547 habes
1608 4493 1668 4546 in

384 4561 440 4612 M
457 4563 475 4615 i
493 4582 531 4632 g
548 4581 585 4616 n
603 4580 632 4616 e
662 4564 721 4616 P.
744 4564 809 4618 G.
831 4565 1022 4626 LXIV,
1050 4566 1416 4621 1075—13‘27.
1445 4564 1671 4619 Floruit

382 4635 529 4686 torte
559 4652 665 4688 sec.
694 4636 760 4688 X.
812 4636 895 4690 Cf.
925 4636 1015 4690 Fa
1034 4637 1346 4698 bricius,
1389 4638 1489 4705 qui
1520 4637 1667 4690 Bibl.

1743 948 1897 1005 quae
1929 930 2109 988 etiam
2140 929 2204 989 in
2237 931 2517 1007 pluribus
2568 932 2788 991 desunt
2818 932 3030 991 codici—

1741 1018 1873 1077 bus.
1935 1019 2071 1094 Ipsa
2115 1019 2292 1079 etiam
2340 1020 2528 1080 oratio
2573 1020 2814 1080 videtur
2843 1020 3028 1081 fuisse

1739 1107 2102 1183 interpolata
2163 1109 2236 1167 ab
2287 1109 2668 1186 Origenistis‚
2730 1110 3031 1187 reperitur

1746 1197 1957 1256 saltem
1992 1197 2054 1256 in
2087 1216 2155 1256 ea
2189 1192 2263 1280 (c.
2301 1192 2411 1279 25)
2463 1217 2629 1258 error
2660 1199 3027 1276 Origenis

1741 1286 1813 1342 de
1845 1286 2038 1346 salute
2089 1286 2357 1345 omnium
2405 1287 2733 1357 hominnm,
2782 1288 2900 1347 imo
2932 1289 3027 1348 vel

1740 1374 2112 1434 daemonum.
2148 1409 2226 1418 —
2262 1375 2427 1435 Libri
2461 1374 2567 1435 seu
2599 1377 2896 1437 orationes
2916 1377 3026 1436 XII

1740 1459 1938 1545 (juxta
1996 1463 2248 1523 aliorum
2311 1466 2813 1541 computationem
2860 1462 3024 1547 xm)

1738 1560 1944 1611 contra
1981 1554 2347 1623 Eunomiana,
2382 1553 2602 1628 quibus
2634 1554 2808 1614 fidem
2823 1557 3022 1614 catho-

1736 1640 1911 1701 licam
1969 1641 2256 1702 adversns
2306 1642 2559 1702 Arianos
2621 1646 2682 1702 et
2732 1644 3021 1702 Basilii

1735 1728 1936 1790 fratris
1967 1732 2062 1790 sni
2092 1731 2354 1791 defuncti
2403 1749 2554 1808 opus
2586 1731 2871 1792 adversus
2902 1732 3022 1793 Eu-

1735 1819 2000 1879 nomium
2032 1822 2258 1891 tuetur,
2310 1839 2462 1896 opus
2492 1821 2808 1897 prolixum,
2859 1822 3020 1897 quod

1734 1927 1770 1966 a
1799 1908 2076 1968 Photio
2109 1908 2513 1973 codd.VI.VII
2547 1904 2825 1992 (Migne
2857 1913 2921 1972 P.
2957 1911 3024 1969 G.

1734 1997 1882 2067 0111,
1905 2008 1937 2061 5
1953 1994 2012 2079 1)
2031 1998 2310 2058 laudatur
2324 1999 2399 2058 ob
2412 2003 2804 2071 venustatem,
2824 2000 3021 2075 splen·

1735 2086 1956 2158 dorem,
2008 2087 2313 2147 mirificam
2351 2088 2794 2164 jucunditatem
2839 2094 2901 2148 et
2947 2089 3021 2149 ob

1733 2180 2232 2252 argumentorum
2263 2178 2520 2253 copiam:
2555 2178 2693 2236 hinc
2722 2181 2816 2237 est
2833 2197 3020 2237 unum

1734 2282 1806 2323 ex
1837 2264 2172 2341 praecipuis
2220 2266 2503 2341 operibus
2536 2265 2818 2326 adversus
2849 2267 3019 2326 Aria-

1734 2352 2015 2412 nismum.
2049 2388 2135 2400 --
2169 2354 2263 2417 Tr.
2299 2355 2497 2415 brevis
2529 2357 2599 2413 de
2627 2357 2739 2430 fide
2769 2356 2844 2414 ad
2865 2355 3017 2414 Sim-

1734 2442 1983 2519 plicium
2035 2462 2141 2503 seu
2193 2442 2265 2502 de
2296 2445 2472 2504 Patre
2517 2447 2579 2504 et
2613 2445 2762 2504 Filio
2795 2448 2856 2504 et
2888 2445 3018 2521 Spi-

1734 2531 1860 2591 ritu
1892 2550 1953 2603 s..
1986 2532 2161 2593 initio
2195 2536 2257 2592 et
2286 2533 2402 2594 fine
2423 2551 2683 2605 mancuS,
2722 2534 3019 2612 fragmen-

1734 2625 1866 2680 tum
1897 2620 2049 2681 forte
2085 2624 2283 2698 operis
2331 2624 2586 2700 majoris,
2637 2625 2700 2682 in
2732 2643 2851 2700 quo
2883 2625 3020 2683 Filii

1733 2714 1797 2768 et
1845 2710 2104 2786 Spiritus
2138 2730 2183 2772 s,
2235 2716 2573 2790 propugnat
2624 2712 3017 2772 divinitatem.

1732 2833 1820 2842 ——-
1853 2798 1947 2857 Ad
1978 2800 2402 2861 illustrandum
2434 2801 2650 2878 dogma
2681 2800 2753 2860 de
2786 2820 2863 2864 ss.
2885 2802 3016 2860 Tri-

1731 2888 1921 2946 nitate
1967 2892 2240 2964 spectant
2283 2891 2461 2948 etiam
2512 2891 2832 2965 opuscula:
2894 2891 3015 2948 Ad-

1734 2994 1939 3035 versus
1961 2975 2210 3036 Graecos
2242 2979 2311 3036 de
2341 2979 2732 3038 communibus
2761 2981 3012 3038 notioni-

1732 3066 1854 3141 bus,
1891 3065 2016 3125 scil.
2050 3066 2343 3142 expositio
2376 3066 2783 3143 philosophica
2812 3070 3014 3126 termi-

1732 3172 1968 3223 norum,
2015 3155 2236 3230 quibus
2282 3156 2516 3232 antiqui
2561 3157 2624 3214 in
2673 3157 3014 3231 exponendo

1730 3243 2017 3320 mysterio
2050 3262 2128 3303 ss.
2160 3244 2475 3303 Trinitatis
2506 3245 2602 3304 nsi
2634 3248 2777 3304 sunt
2806 3263 2892 3307 ex.
2925 3264 3014 3321 gr.

1733 3332 1908 3404 Deus,
1944 3333 2217 3405 essentia,
2238 3352 2509 3409 persona,
2542 3333 2883 3410 hypostasis
2903 3338 3012 3394 etc.

1731 3456 1818 3466 —-
1869 3421 2092 3482 Similis
2142 3424 2478 3501 argumenti
2537 3427 2630 3482 est
2690 3427 2767 3488 tr.
2817 3425 2906 3482 De
2954 3443 3013 3483 eo

1730 3513 1884 3587 quod
1914 3529 2030 3570 non
2070 3514 2402 3588 putandum
2449 3516 2540 3583 sit,
2589 3520 2705 3572 tres
2735 3515 2869 3572 deos
2899 3515 3015 3573 dici

1729 3608 1989 3674 oportere
2038 3602 2109 3660 ad
2158 3601 2499 3673 Adlabium,
2553 3604 2615 3662 et
2666 3602 2782 3661 duo
2831 3603 3014 3677 proli-

1728 3689 1924 3747 xiores
1957 3708 2243 3749 sermones
2275 3692 2556 3750 adversus
2589 3692 2795 3750 Arium
2829 3695 2891 3750 et
2909 3691 3011 3750 Sa-

1729 3777 1974 3837 bellium
2009 3783 2071 3837 et
2101 3786 2305 3838 contra
2325 3781 2773 3839 Macedonianos
2794 3800 2828 3838 a
2848 3780 3012 3839 Card.

1728 3867 1844 3924 Mai
1876 3868 2095 3941 reperti
2125 3873 2187 3926 et
2213 3869 2357 3927 editi
2376 3869 2438 3926 in
2458 3869 2602 3930 bibl.
2623 3888 2774 3927 nova
2790 3872 2833 3930 t.
2852 3866 3011 3950 1V2).

1809 4073 1842 4142 ¹)
1875 4069 2009 4122 Eum
2061 4069 2245 4123 edidit
2288 4089 2486 4151 graece
2533 4079 2588 4126 et
2629 4074 2807 4126 latine
2847 4072 3009 4124 Kra-

1728 4143 1797 4194 bi
1818 4157 1996 4211 nger
2028 4140 2312 4196 Monac-,hii
2348 4148 2498 4206 18:38,
2526 4143 2725 4197 addita
2752 4142 3008 4198 oratione

1726 4212 1957 4265 funebri
1984 4212 2044 4264 in
2075 4211 2385 4266 Meletium.

1802 4288 1841 4348 ἵ)
1871 4283 1930 4335 L.
1957 4281 2029 4336 ad
2073 4283 2447 4337 Eustachium
2488 4289 2551 4338 de
2577 4304 2618 4339 s.
2653 4288 2913 4338 Trinitate
2954 4289 3008 4336 et

1726 4349 1880 4422 quod
1909 4354 2157 4425 Spiritus
2186 4373 2225 4408 s,
2256 4354 2332 4408 sit
2357 4354 2508 4407 Deus
2541 4358 2628 4408 est
2652 4353 2894 4408 dubius:
2936 4357 3009 4406 ab

1726 4425 1855 4478 aliis
1920 4445 1960 4478 s.
2023 4425 2319 4480 Basilio
2381 4425 2474 4497 (cf.
2529 4426 2775 4496 Migne
2826 4424 2887 4481 P.
2942 4429 3004 4476 (i.

1726 4497 1948 4560 XXXII,
2014 4501 2315 4569 684—692)
2380 4497 2688 4552 tribuitur:
2767 4498 2856 4550 Tr.
2934 4497 3003 4549 ad

1725 4567 1958 4622 Petrum
1985 4570 2216 4622 fratrem
2246 4586 2411 4621 suum
2439 4571 2501 4624 de
2521 4573 2820 4636 differentia
2841 4585 3004 4621 essen-

1725 4643 1828 4693 tiae
1852 4650 1899 4693 et
1923 4644 2220 4709 hypostasis
2262 4645 2346 4694 est
2385 4656 2472 4710 ep.
2500 4648 2569 4696 38
2597 4659 2637 4698 s.
2688 4639 2732 4691 B
2750 4638 3005 4693 asilii:

381 4722 464 4774 gr.
498 4707 585 4762 [X.
604 4711 890 4764 :304—307
915 4709 1057 4763 alios
1074 4710 1274 4762 saltem
1294 4713 1420 4764 octo
1440 4709 1667 4763 nomine
1724 4727 1813 4779 ep.
1841 4714 1913 4764 ad
1938 4714 2233 4780 Εεαρνίαηι
2263 4712 2605 4765 monachum
2634 4717 2730 4780 (or.
2763 4720 2828 4767 45
2857 4710 3006 4764 inter

389 4776 438 4829 M
456 4778 520 4830 el
540 4795 566 4832 e
586 4778 679 4831 tii
709 4778 1022 4849 insignitos
1051 4785 1321 4834 recenset.

1724 4781 2010 4835 orationes
2039 4803 2080 4835 s.
2107 4782 2365 4852 Gregorii
2388 4787 2530 4852 naz.)
2551 4782 2693 4836 forte
2712 4786 2798 4836 est
2813 4801 2854 4835 s.
2872 4780 3002 4834 Gre-
