3505 5161
540 240 666 293 327
1205 226 1506 278 851—900.
1538 222 1878 293 interpretes
1905 240 1945 276 s.
1975 222 2180 292 Script.
2208 220 2483 285 otfridus,
3030 233 3150 289 828

634 417 778 471 452.
811 408 944 466 Alia
972 409 1201 467 ratione
1221 408 1528 484 evangelia
1559 407 1820 466 illustra·
1878 411 1920 467 t.
1945 420 2001 479 3,
2034 427 2290 484 quorum
2325 417 2381 470 2.
2400 407 2863 485 grammaticam,
2900 415 2957 469 3.
2993 405 3154 481 glos-

540 498 631 556 vit
682 497 1043 556 Otfridus
1104 497 1427 556 monachus
1489 496 1821 554 wizanbur-
1879 498 2098 557 sarium
2159 498 2455 569 continet;
2517 496 2747 572 Piper
2814 494 3155 553 Paderborn

537 587 743 664 gensis
774 587 899 646 sive
918 586 1491 663 weissenburgensis
1512 585 1575 643 in
1594 585 1825 644 Alsatia
1891 595 2081 653 187&
2124 586 2532 656 Erdmann‚
2580 585 2751 643 Halle
2791 593 2976 646 1882.
3043 582 3156 641 Ca-

539 676 606 735 0.
642 676 696 738 S.
730 677 870 735 Ben.
903 680 966 734 et
995 676 1324 752 presbyter,
1372 676 1477 751 qui
1522 674 1819 751 insignem
1877 677 2154 734 theo-laesia
2197 676 2547 735 theotiscam
2601 673 2791 733 edidit
2835 672 2890 730 J.
2924 674 2990 736 G.
3031 672 3152 730 Ec-

541 765 845 841 praestitit
889 765 1154 823 ecclesiis
1193 765 1537 823 Germaniae
1584 781 1821 839 operam
1878 765 2056 823 card
2091 765 2476 824 Hannoverae
2514 772 2697 833 1713,
2734 762 2836 821 sed
2874 761 3154 839 genuini-

539 855 604 917 11.
637 872 828 913 sacros
875 857 937 912 et
980 854 1209 913 cantica
1251 854 1316 911 in
1355 853 1622 930 linguam
1654 853 1822 911 theo-
1879 858 1970 913 tas
2003 858 2097 913 est
2135 853 2334 913 dubia.

539 945 747 1002 tiscam
809 962 877 1003 ex
940 943 1126 1003 latino
1176 942 1590 1001 transferendo
1640 945 1822 1017 atque

542 1032 900 1108 metaphrasi
931 1032 1177 1091 metrica
1204 1031 1528 1091 teutonicis
1573 1030 1820 1089 auribus
1969 1043 2112 1097 453.
2146 1030 2386 1110 Duplici
2431 1031 2849 1091 commentario
2890 1031 3154 1089 illustra-

539 1121 1051 1181 accommodando.
1098 1121 1325 1179 Claruit
1354 1121 1549 1179 medio
1583 1138 1692 1179 sec.
1723 1119 1820 1178 IX.
1876 1122 1964 1181 vit
1994 1140 2037 1183 s.
2057 1122 2230 1181 Pauli
2259 1122 2540 1199 epistolas
2571 1120 2950 1180 doctissimus
2982 1119 3157 1177 Flo-

539 1211 695 1269 circa
712 1209 979 1269 Lotharii
1011 1214 1073 1267 et
1105 1210 1392 1269 Ludovici
1417 1209 1487 1273 11,
1518 1212 1818 1285 tempora:
1877 1231 2037 1283 rus,
2090 1212 2281 1287 patria
2329 1214 2401 1270 ut
2447 1210 2688 1269 videtur
2736 1208 3157 1286 Lugdunensis

540 1299 869 1375 discipulus
918 1299 1035 1357 suit
1083 1298 1307 1357 Rabani
1356 1299 1548 1357 Mauri
1604 1303 1666 1357 et
1714 1298 1821 1355 ali·
1879 1297 2074 1384 (juxta
2135 1301 2423 1376 quosdam
2486 1294 2837 1379 Hispanus),
2900 1302 3160 1373 quatuor

539 1389 829 1464 quamdiu
892 1386 1106 1446 scholis
1169 1388 1426 1462 praefuit
1486 1387 1821 1462 Leucopoli.
1877 1391 2219 1466 praesulum
2252 1386 2566 1471 (Leidradi‚
2613 1387 2930 1465 Agobardi,
2976 1389 3157 1446 Amo-

544 1479 710 1547 ‚vin
759 1477 966 1537 scribit
1010 1477 1082 1535 de
1127 1495 1194 1535 eo
1227 1477 1709 1535 'I'rithemius
1750 1476 1822 1534 de
1879 1480 2031 1538 lonis
2083 1483 2144 1538 et
2192 1475 2472 1559 Remigii)
2535 1481 2819 1536 strenuus
2874 1476 3158 1535 diaconus

540 1568 743 1643 script.
777 1567 913 1627 eccl.
945 1585 1003 1627 n.
1029 1575 1173 1635 290,
1210 1566 1272 1624 in
1303 1566 1522 1625 divinis
1554 1566 1821 1641 Scriptu-
1880 1564 2061 1651 (circa
2091 1569 2265 1627 finem
2299 1569 2456 1627 vitae
2487 1568 2664 1626 etiam
2712 1561 3048 1647 presbyter)
3097 1568 3161 1624 et

542 1658 627 1715 ris
650 1655 1103 1725 eruditissimus,
1136 1659 1197 1713 et
1218 1655 1280 1713 in
1301 1653 1667 1714 secularibus
1687 1654 1822 1712 lite·
1877 1659 2134 1735 adjutor,
2170 1658 2274 1733 qui
2306 1657 2566 1733 praefuit
2585 1657 2817 1715 scholae
2837 1655 3158 1715 cathedrali

545 1747 627 1804 ris
661 1745 897 1823 egregie
918 1745 1145 1814 doctus,
1180 1744 1588 1820 philosophus,
1621 1744 1824 1802 rhetor
1878 1751 1942 1806 et
1973 1747 2149 1806 odore
2181 1747 2536 1806 eruditionis
2568 1764 2725 1816 suae,
2773 1748 2929 1804 teste
2961 1744 3155 1803 Wala-

540 1840 605 1894 et
646 1838 820 1911 poeta
848 1833 1124 1910 insignis,
1170 1833 1407 1910 ingenio
1439 1833 1732 1892 excellens
1764 1836 1825 1890 et
1879 1836 2031 1896 frido
2079 1837 2309 1905 Sti-abc,
2355 1835 2648 1912 plurimos
2694 1835 2940 1893 attraxit
2984 1834 3158 1892 disci-

543 1925 797 1998 eloqui0.
833 1923 1082 1998 Scripsit
1098 1926 1220 1981 tam
1242 1927 1428 1981 metro
1450 1941 1629 1997 quam
1647 1939 1825 1998 prosa
1881 1926 2071 2001 pulos,
2105 1925 2240 1984 hinc
2260 1926 2578 2002 ,Magister‘
2611 1928 2704 1982 est
2723 1923 2962 1983 honoris
2982 1940 3162 1981 causa

546 2014 737 2071 multa
767 2012 1066 2087 praeclara
1097 2012 1403 2086 opuscula,
1452 2009 1672 2086 quibus
1717 2028 1822 2069 no·
1881 2015 2192 2076 salutatus.
2283 2014 2627 2073 Uberiorem
2685 2014 3158 2072 commentarium

546 2120 683 2160 men
747 2120 926 2158 suum
1000 2099 1073 2157 ad
1144 2105 1411 2176 posteros
1470 2099 1823 2159 transmisit.
1879 2122 1946 2162 ex
1980 2103 2291 2163 duodecim
2322 2104 2593 2180 patribus
2626 2102 3017 2172 concinnavit,
3050 2100 3159 2176 qui

548 2190 827 2265 Exemplo
858 2189 1037 2248 etiam
1070 2188 1261 2247 Caroli
1300 2190 1437 2264 imp.
1473 2190 1545 2251 M.
1578 2191 1824 2247 conatus
1876 2195 2079 2251 tamen
2109 2193 2297 2252 lucem
2328 2194 2594 2251 nondum
2611 2192 2869 2267 aspexit3
2903 2191 3158 2249 alterum

543 2284 641 2339 est
689 2278 1019 2337 barbariem
1068 2277 1308 2355 linguae
1356 2278 1691 2337 teutonicae
1752 2278 1826 2335 ad
1879 2300 2093 2359 inagna
2137 2282 2457 2341 sedulitate
2516 2300 2583 2341 ex
2630 2281 2758 2339 solo
2805 2299 2851 2343 s.
2897 2282 3154 2356 Augu·

548 2369 786 2445 regulas
816 2367 1285 2445 grammaticales
1316 2367 1614 2437 reducere,
1666 2365 1823 2442 quod
1881 2372 2093 2429 stino
2138 2372 2397 2448 collegit.
2464 2371 2572 2430 Hic
2604 2388 2743 2429 vero
2777 2389 2811 2427 a
2848 2369 3158 2428 nonnullis

545 2461 610 2516 et
640 2477 710 2515 ex
740 2461 908 2534 parte
939 2450 1196 2531 perfecit.
1243 2456 1409 2515 Unde
1442 2476 1509 2514 ea
1542 2475 1692 2531 quae
1724 2475 1825 2532 pa·
1881 2460 2150 2520 tributus
2172 2461 2292 2519 fuit
2314 2461 2544 2519 Petro
2568 2459 2769 2518 abbati
2790 2460 3157 2536 tripolitano,

549 2548 663 2607 trio
719 2564 986 2605 sermone
1047 2545 1411 2621 conscripsit,
1475 2564 1595 2605 non
1654 2544 1826 2604 facile
1882 2550 1975 2609 vel
2006 2569 2136 2614 ven.
2168 2551 2444 2623 Bedae,
2478 2550 2640 2610 inter
2669 2551 2842 2626 quus
2863 2567 3040 2625 opera
3059 2548 3158 2618 VI,

550 2640 754 2697 nostra
785 2638 977 2694 aetate
1008 2635 1127 2712 legi
1169 2638 1232 2694 ef·
1266 2635 1525 2712 intelligi
1553 2637 1824 2711 possunt,
1887 2649 2187 2704 31—-823
2211 2641 2466 2717 prodiit:
2489 2640 2592 2699 sed
2622 2637 2999 2700 Mabillon
3023 2637 3161 2696 data

549 2728 728 2785 etiam
760 2726 834 2783 ab
865 2725 1105 2783 homine
1135 2728 1662 2799 quantumcunque
1694 2728 1825 2781 teu·
1881 2748 2059 2804 opera
2090 2749 2222 2788 eum
2259 2730 2429 2788 Floro
2462 2730 2736 2789 asseruit.
2801 2731 2939 2788 Alia
2983 2746 3161 2804 opera

544 2816 779 2874 tonicae
828 2815 1071 2890 linguae
1120 2815 1371 2890 perito<
1460 2814 1639 2871 Plura
1688 2815 1827 2872 dein
1881 2819 2138 2878 auctoris
2184 2820 2390 2890 nostri,
2443 2819 2548 2894 qui
2597 2820 2660 2877 in
2709 2819 2987 2878 omnibus
3037 2819 3160 2878 sere

545 2904 834 2981 opuscula
865 2904 919 2962 ei
951 2903 1252 2962 adscribit.
1301 2902 1408 2960 Est
1426 2920 1584 2961 unus
1604 2921 1673 2961 ex
1705 2904 1827 2978 pri-
1880 2908 2298 2968 controversiis
2359 2909 2525 2967 illius
2584 2908 2871 2984 temporis
2930 2912 3157 2985 partem

548 2995 662 3051 mis
694 2992 886 3069 poetis
933 2992 1248 3069 germanie,
1296 3009 1551 3066 quorum
1584 2991 1827 3066 aliquod
1884 2995 2094 3055 habuit
2136 3000 2198 3055 et
2241 2998 2304 3055 in
2349 2997 2627 3073 pluribus
2660 2997 2996 3072 disciplinis
3027 3017 3160 3057 ver-

545 3083 621 3140 ad
654 3101 762 3141 nos
795 3081 1067 3158 pervenit
1097 3099 1248 3155 opus
1281 3084 1343 3138 et
1374 3080 1512 3138 hinc
1541 3080 1827 3159 philologi
1881 3086 2217 3145 satissimus
2261 3090 2404 3156 erat,
2457 3088 2705 3145 collecta
2751 3086 3049 3145 habentur
3095 3087 3161 3144 in

544 3171 769 3230 eruditi
814 3170 887 3228 de
934 3170 1029 3228 his
1077 3170 1207 3245 ejus
1239 3170 1511 3245 reliquiis
1546 3171 1692 3228 sunt
1721 3172 1825 3229 ad·
1884 3175 2132 3252 Migne
2153 3177 2213 3238 P.
2237 3176 2296 3233 L.
2317 3175 2507 3244 CXIX,
2540 3185 2836 3239 11-—424
2858 3176 2991 3237 coll.
3013 3175 3158 3242 LXI,

546 3259 788 3319 modum
811 3258 1070 3317 solliciti.
1123 3259 1405 3332 Reliquus
1427 3259 1550 3319 scil.
1572 3262 1666 3317 est
1695 3263 1825 3337 ejus
1889 3273 2047 3328 1081
2091 3283 2167 3334 s.;
2200 3266 2263 3323 P.
2296 3264 2508 3334 G.V11,
2545 3273 2691 3334 431,
2725 3264 2833 3324 ubi
2865 3268 3056 3323 exstat
3084 3265 3161 3322 ad

548 3349 700 3408 liber
766 3347 1222 3424 Evangeliorum
1299 3348 1422 3406 sive
1499 3346 1828 3409 Harmonia
1881 3354 2188 3412 Irenaei
2239 3353 2422 3413 libros
2460 3359 2667 3412 contra
2710 3354 2981 3414 haereses
3015 3371 3161 3427 pro-

546 3439 890 3514 ευαηρεῑίεα,
925 3437 989 3494 in
1022 3455 1139 3511 qua
1169 3438 1327 3494 inter
1359 3439 1616 3512 quatuor
1647 3455 1824 3498 evan·
1882 3444 2046 3520 loque
2078 3443 2292 3512 breviS,
2328 3461 2504 3518 quem
2537 3443 2754 3501 Pitra
2786 3444 2851 3502 in
2885 3443 3160 3520 Spicileg.

546 3527 795 3602 geli-stas
827 3525 1089 3584 medium
1121 3543 1183 3583 se
1227 3526 1313 3583 ait
1349 3525 1636 3595 incedere,
1683 3529 1742 3587 ll.
1777 3528 1826 3587 V
1882 3531 2110 3594 solesm.
2129 3533 2174 3603 I,
2211 3540 2246 3595 8
2268 3533 2437 3591 Floro
2457 3532 2686 3591 asserit.
2720 3532 2964 3591 Potiora
2982 3537 3158 3593 sunt:

551 3615 623 3673 ad
655 3632 971 3673 numerum
1000 3613 1250 3672 totidem
1283 3632 1562 3673 sensuum
1596 3614 1829 3694 digesta
1881 3621 2058 3679 Liber
2077 3617 2520 3702 (brevissimus)
2553 3623 2623 3679 de
2652 3622 3011 3680 electionibus
3039 3623 3159 3695 epi-

546 3708 728 3779 atque
742 3702 1037 3778 rhythmis
1050 3703 1639 3778 expressatheotiscis
1651 3704 1826 3787 (vers.
1882 3727 2189 3783 scoporum
2237 3712 2517 3769 collectus
2567 3729 2636 3768 ex
2687 3711 3005 3769 sententiis
3062 3730 3160 3787 pa-

557 3787 817 3874 15000),
852 3791 1014 3851 edita
1039 3791 1295 3868 primum
1329 3793 1469 3850 licet
1501 3792 1701 3853 minus
1733 3796 1824 3854 in·
1884 3803 2043 3858 trum
2095 3793 2168 3881 (c.
2213 3819 2261 3860 a.
2314 3795 2489 3879 420),
2540 3818 2659 3875 quo
2701 3801 2806 3875 jus
2856 3799 3162 3859 electionis

549 3887 718 3958 tegra
761 3881 1079 3956 minusque
1123 3881 1435 3940 emendata
1484 3901 1517 3939 a
1564 3882 1827 3943 Flacio
1884 3889 2124 3964 plenum
2178 3889 2440 3947 vindicat
2489 3888 2797 3961 Ecclesiae,
2861 3889 3164 3964 abjudicat

550 3971 814 4030 Basileae
844 3981 1025 4033 1571.
1066 3970 1312 4029 Secutae
1345 3973 1489 4029 sunt
1519 3970 1669 4031 aliae
1701 3974 1826 4032 edi·
1883 3977 2168 4054 potestati
2200 3978 2468 4047 seculari.
2501 3977 2590 4039 ed.
2622 3979 2780 4036 inter
2811 3995 2988 4053 opera
3005 3979 3160 4053 Ago-

552 4061 741 4119 tiones
758 4057 823 4141 1),
867 4061 930 4118 in
962 4059 1309 4119 Schilter
1341 4060 1509 4123 Thes,
1541 4062 1825 4136 antiquit.
1884 4066 2067 4137 bardi,
2114 4068 2375 4125 insertus
2407 4086 2441 4124 a
2471 4066 2804 4126 Baronio
2835 4066 3086 4142 append.
3116 4068 3160 4126 t.

548 4152 779 4212 teuton.
810 4152 855 4212 t.
885 4151 950 4220 1.,
999 4150 1203 4207 Ulmae
1244 4159 1441 4218 1728;
1488 4150 1709 4210 Kelle
1756 4153 1830 4210 il·
1884 4156 2008 4219 XII,
2091 4156 2412 4213 Annalium
2464 4175 2518 4231 p.
2574 4162 2956 4225 254—-2583
3019 4154 3161 4213 bibl.

552 4238 666 4295 lam
730 4238 921 4297 edidit
982 4238 1336 4298 Ratisbonae
1396 4247 1826 4305 1856—1870
1887 4246 1996 4307 PP.
2019 4245 2381 4321 lugdunensi
2402 4244 2580 4306 t.XV.
2604 4244 2798 4301 —De
2816 4246 3164 4320 expositione

1886 4337 2112 4407 missae,
2165 4352 2269 4392 seu
2315 4333 2386 4391 de
2430 4334 2661 4391 actione
2705 4334 3043 4405 missarum,
3094 4337 3164 4392 ut

634 4432 666 4482 ’ὃ
697 4426 779 4482 Cf.
822 4428 1224 4482 Fabricius
1265 4429 1401 4483 bibl.
1446 4429 1547 4482 lat.
1577 4431 1667 4493 111,
1701 4436 1830 4488 172:
1886 4423 2009 4498 ipse
2056 4424 2092 4485 l.
2138 4422 2462 4497 inscripsit,
2510 4423 2649 4496 quia
2680 4421 2895 4497 incipit
2925 4423 3163 4481 nonnisi

554 4497 617 4588 {3-
646 4497 699 4550 Μ
717 4515 792 4591 ῑξΐ
810 4499 869 4591 {i
887 4517 924 4552 n
943 4500 1104 4591 §118-
1132 4500 1403 4553 deussssche
1421 4500 1611 4571 31081‘·
1634 4502 1831 4582 XKWs
1886 4531 1919 4569 a
1949 4511 2325 4587 praefatione,
2361 4529 2540 4586 quem
2562 4514 2637 4569 tr.
2669 4511 2910 4569 dextere
2942 4512 3162 4587 com'pi-

557 4572 1831 4710 ‡3‡{;;.³13.2.3.;.3‘sazawamss?
1887 4599 2549 4658 1av1textest1m0n1is
2596 4603 2851 4676 patrum·
2899 4619 3162 4676 praeser-

557 4727 682 4761 ner
710 4713 916 4765 Alcuin
944 4732 998 4782 p.
1028 4685 1131 4768 42³2
1158 4731 1209 4765 ss
1246 4735 1256 4772 ;
1285 4713 1329 4766 Ε
1352 4716 1510 4767 bert
1540 4685 1628 4778 fu,
1661 4721 1826 4770 111-
1887 4689 2001 4747 tim
2049 4707 2092 4750 ⁸·
2145 4688 2488 4765 Augustini·
2569 4689 2805 4747 Nititur
2848 4691 3049 4748 ‘mmm
3097 4708 3164 4746 3⁸

566 4786 678 4834 117.
1892 4779 2418 4853 ,expositiuncula,
2466 4782 2535 4836 ut
2580 4778 2708 4854 ipse
2740 4778 2842 4848 ait,
2891 4796 3010 4837 non
3043 4780 3162 4836 tam
