3505 5161
1505 1510 1676 1609 VI.

739 1689 1296 1828 Scriptores
1364 1691 2015 1802 ecelesiastici
2067 1692 2382 1803 seculi
2433 1692 2538 1803 V.

1005 1887 1225 1984 Pars
1289 1888 1554 2007 prior
1596 1889 2187 2007 (401——431).

380 2292 527 2346 127.
561 2284 743 2341 Aetas
788 2302 968 2342 aurea
1011 2282 1342 2361 theologiae
1374 2284 1571 2342 catho-

284 2374 450 2443 licae,
503 2391 658 2448 quae
705 2390 841 2431 cum
885 2390 1043 2432 conc.
1082 2373 1326 2432 nicaeno
1359 2372 1571 2449 coepit,

286 2461 534 2520 duravit
578 2465 641 2519 et
685 2479 795 2537 per
830 2461 940 2520 hoc
972 2462 1257 2521 seculum.
1320 2462 1461 2520 Eam
1510 2465 1573 2520 in

290 2550 439 2610 duas
456 2550 787 2626 partiemur
816 2550 1109 2626 period08‚
1143 2570 1397 2627 quarum
1416 2549 1577 2627 prior

290 2641 363 2698 ad
395 2640 713 2699 concilium
748 2659 937 2716 usque
968 2640 1317 2717 ephesinum
1348 2641 1574 2716 pertin-

291 2730 401 2805 git,
448 2728 624 2804 cujus
671 2729 844 2810 lapsu
879 2729 1135 2806 agitatae
1167 2731 1310 2788 sunt
1340 2733 1573 2789 contro-

290 2818 522 2877 versiae
540 2818 894 2894 praesertim
925 2818 997 2876 de
1030 2817 1226 2896 gratia
1256 2822 1318 2877 et
1337 2821 1575 2894 peccato

293 2907 605 2983 originali3
667 2907 853 2964 altera
914 2907 1341 2984 complectetur
1390 2906 1575 2966 seculi

291 2996 476 3071 hujus
497 2995 816 3070 reliquum,
851 3014 970 3071 quo
997 2998 1091 3056 tot
1116 2997 1387 3055 haereses
1408 3015 1575 3055 exor-

290 3089 388 3142 tae
422 3087 568 3142 sunt
598 3083 1063 3161 christologicae.
1124 3084 1376 3144 Initium
1407 3085 1572 3144 duci-

293 3191 431 3231 mus
476 3193 512 3231 a
548 3175 808 3248 quatuor
838 3174 1087 3233 summis
1118 3174 1393 3250 patribus
1426 3192 1575 3250 quo-

293 3281 431 3320 rum
475 3261 595 3321 duo
629 3261 949 3335 Orientem,
993 3262 1098 3321 alii
1143 3263 1263 3322 duo
1310 3263 1577 3321 illustra-

1630 2303 1966 2361 magnaque
1999 2285 2160 2361 apud
2180 2285 2544 2362 Eutychium
2567 2284 2914 2362 episcopum

1630 2373 2274 2451 eleutheropolitanum
2319 2374 2514 2433 valuit
2544 2375 2912 2436 auctoritate.

1630 2462 1800 2522 Vitae
1831 2463 2144 2522 sanctitate
2189 2465 2251 2522 et
2296 2463 2596 2522 doctrinae
2634 2463 2787 2521 fama
2828 2463 2915 2521 ita

1630 2551 1929 2624 inclaruit,
1965 2553 2035 2611 ut
2065 2552 2129 2612 in
2161 2553 2505 2630 episcopum
2537 2552 2914 2612 Constantiae

1634 2659 1740 2700 seu
1776 2641 2121 2714 salaminae,
2176 2660 2326 2717 quae
2376 2642 2438 2700 in
2491 2642 2668 2719 Cypri
2713 2642 2915 2701 insula

1630 2730 1976 2807 metropolis
2022 2735 2166 2802 erat,
2207 2752 2256 2790 a.
2292 2740 2412 2795 367
2452 2730 2635 2790 fuerit
2665 2731 2912 2790 electus.

1631 2819 2058 2895 Episcopatum
2111 2839 2272 2888 ,non
2323 2820 2520 2878 solum
2568 2819 2725 2877 vitae
2775 2837 2914 2877 con-

1631 2909 1889 2967 versatio
1922 2907 1997 2967 ob
2030 2908 2290 2967 virtutes
2314 2908 2574 2967 reddidit
2595 2907 2913 2979 illustrem,

1634 3016 1842 3056 verum
1873 3000 1934 3056 et
1962 2997 2265 3068 miracula,
2301 3016 2452 3072 quae
2483 2997 2660 3067 DeuS,
2694 2997 2916 3055 honore

1631 3086 1806 3143 illum
1827 3085 2055 3144 afficere
2076 3086 2300 3155 volens,
2335 3086 2466 3161 ipso
2488 3085 2680 3145 adhuc
2709 3103 2914 3160 super·

1633 3175 1774 3233 stite
1807 3177 1868 3232 et
1899 3178 2037 3250 post
2067 3175 2299 3233 obitum
2332 3176 2481 3250 ejus,
2535 3173 2727 3232 edidit
2759 3172 2916 3250 (So-

1601 3282 1999 3330 ;zomenus
2045 3263 2117 3327 H.
2150 3264 2213 3321 Ε.
2245 3263 2374 3334 V11,
2415 3261 2582 3340 27).‘
2645 3260 2717 3320 In
2748 3264 2918 3320 tanta

292 3352 440 3410 runt
473 3351 871 3414 Occidentem.
899 3385 987 3394 ——
1018 3352 1153 3428 Ipso
1199 3352 1444 3410 ineunte
1484 3370 1575 3410 se·
1602 3349 1605 3398 ὲ
1632 3353 1928 3429 dignitate
1975 3351 2371 3412 monasticum
2435 3351 2621 3411 coluit
2671 3351 2916 3410 institu-

295 3441 429 3499 culo
462 3434 648 3523 (403)
693 3439 846 3498 obiit
886 3441 1259 3500 venerandus
1308 3460 1483 3500 senex
1531 3459 1575 3499 s.
1633 3444 1782 3511 tum,
1845 3442 2039 3500 multa
2099 3441 2432 3501 aedificavit
2491 3460 2597 3518 per
2657 3440 2918 3499 insulam

294 3529 788 3605 Epiphanius
851 3547 898 3587 6.
953 3538 1076 3592 315
1129 3513 1606 3605 Eleutheropoli¹

294 3619 358 3676 in
396 3618 627 3676 Judaea
669 3620 866 3678 natus
927 3620 981 3676 A
1021 3620 1345 3694 juventute
1397 3618 1577 3677 sacris

296 3706 578 3765 incubuit
596 3706 790 3764 literis
810 3705 1303 3783 addiscendisque
1333 3707 1577 3785 linguis,
1604 3747 1607 3756 ·

297 3815 554 3870 quarum
631 3813 930 3872 graecam,
1024 3814 1251 3873 syram,
1330 3796 1577 3854 hebrae-

296 3904 422 3955 am,
504 3884 911 3961 aegyptiacam
974 3881 1312 3966 (copticam)
1376 3888 1437 3943 et
1513 3904 1581 3943 ex

294 3977 467 4049 parte
511 3973 695 4032 etiam
741 3973 989 4031 latinam
1036 3974 1310 4033 calluisse
1342 3974 1580 4033 dicitur.

295 4064 349 4120 A
394 4081 437 4120 8.
496 4062 804 4121 Hilarione
851 4063 1134 4121 monacho
1181 4063 1243 4121 in
1291 4063 1581 4122 sanctiore

296 4150 420 4209 vita
467 4151 794 4209 institutus
844 4152 1183 4228 Aegyptum
1235 4152 1385 4210 adiit
1434 4151 1581 4210 cele-

297 4239 643 4315 brioresque
662 4239 873 4298 invisit
891 4241 1186 4299 eremitae.
1223 4240 1581 4299 Adolescens

298 4346 344 4385 6.
381 4338 462 4392 20
512 4347 804 4387 annorum
836 4328 1344 4404 Eleutheropolim
1381 4328 1581 4400 rediit,

299 4421 357 4475 et
380 4419 558 4493 juxta
578 4415 983 4476 Besanducem
1014 4419 1145 4494 ejus
1178 4419 1464 4477 territorii
1494 4418 1584 4477 vi·

299 4524 434 4564 cum
471 4506 907 4565 monasterium
956 4507 1239 4579 condidit,
1287 4507 1448 4583 quod
1492 4507 1585 4564 in·

299 4596 475 4654 terim
505 4596 822 4672 presbyter
852 4596 1161 4655 ordinatus
1199 4606 1277 4659 30
1332 4616 1382 4654 a.
1414 4596 1586 4653 rexit.

1634 3531 1930 3601 coenobia,
1963 3531 2319 3590 monasteria
2347 3531 2715 3589 Palaestinae
2749 3548 2920 3606 saepe

1634 3619 1843 3678 invisit
1873 3623 1935 3678 et
1964 3620 2307 3697 frequentes
2342 3620 2414 3678 ad
2436 3620 2748 3679 monachos
2780 3620 2918 3678 lite-

1636 3726 1733 3766 ras
1798 3708 1978 3771 dedit.
2057 3710 2202 3767 Cum
2265 3709 2560 3786 singulari
2619 3708 2922 3767 frueretur

1636 3797 1795 3872 apud
1817 3797 2058 3872 Cyprios
2090 3797 2462 3867 auctoritate,
2511 3797 2736 3855 factum
2767 3797 2922 3856 forte

1639 3887 1747 3955 est,
1781 3888 1852 3943 ut
1871 3885 2087 3944 Valens
2120 3886 2261 3961 imp.
2293 3887 2528 3944 arianae
2559 3886 2788 3944 haeresi
2819 3904 2922 3961 pe-

1606 3974 1804 4034 nitus
1866 3973 2160 4044 addictuS,
2228 3975 2336 4050 qui
2397 3977 2492 4033 tot
2551 3975 2922 4034 venerandos

1638 4062 1943 4138 praesules
1976 4061 2217 4121 sedibus
2248 4063 2373 4121 suis
2404 4063 2745 4138 pepellerat,
2778 4062 2920 4136 Epi-

1639 4151 1925 4228 phanium
1974 4154 2220 4226 tangere
2265 4169 2384 4210 non
2430 4150 2692 4209 auderet.
2755 4149 2922 4207 Fidei

1639 4240 1763 4299 zelo
1796 4240 2009 4298 ardens
2055 4239 2246 4298 varias
2290 4257 2599 4316 aggressus
2647 4240 2740 4296 est
2784 4238 2923 4296 hae-

1641 4347 1799 4388 reses
1853 4348 1922 4387 ea
1970 4330 2161 4387 aetate
2211 4328 2600 4404 pullulanteS,
2652 4328 2713 4386 et
2762 4326 2923 4402 pacis

1642 4418 1844 4477 studio
1877 4418 1950 4476 ad
1983 4416 2416 4493 componendas
2448 4416 2512 4473 in
2544 4414 2791 4474 ecclesia
2820 4434 2924 4473 an-

1642 4507 1918 4565 tiochena
1961 4506 2171 4565 turbas
2218 4506 2292 4565 ob
2339 4504 2658 4563 Paulinum
2702 4506 2763 4562 et
2791 4504 2925 4561 Fla-

1643 4596 1884 4654 vianum
1924 4596 1995 4654 de
2042 4595 2388 4672 episcopatu
2435 4593 2594 4652 inter
2641 4611 2702 4651 se
2748 4592 2925 4651 dissi·

299 4683 624 4761 Episcopos
644 4685 721 4743 ob
744 4684 1101 4744 Arianorum
1120 4686 1331 4743 turbas
1351 4657 1615 4743 exsules*
1644 4684 1851 4743 dentes
1899 4685 2144 4744 Romam
2207 4684 2280 4742 ad
2331 4681 2624 4760 synodum
2675 4702 2725 4740 a.
2779 4689 2925 4750 382,

304 4790 534 4833 summa
595 4775 949 4850 prosecutus
1023 4775 1116 4833 est
1188 4773 1584 4844 veneratione,

1612 4729 2022 4851 igrandaevus
2074 4773 2235 4844 licet,
2297 4771 2652 4850 properavit.
2729 4770 2929 4828 Nimio
