3505 5161
531 263 688 315 1051
769 248 1132 301 1073—1100.
1162 243 1430 297 Controv.
1456 240 1523 294 de
1553 240 1918 295 eucharistia.
1946 238 2296 297 Deoduinus.
2326 238 2640 302 Albericus,
2667 239 2865 291 Anast.
2981 252 3161 308 1052

519 429 865 507 Berengarii
896 427 1199 486 erroribus
1249 426 1310 484 in
1345 429 1645 485 conventu
1676 425 1804 484 bri·
1866 426 1968 485 xit.
2033 427 2262 485 Pariter
2293 425 2528 502 scripsit
2558 443 2668 501 pro
2702 425 2984 502 Gregorio
3022 423 3165 481 VII.

523 519 759 577 tonensi
805 515 878 594 (a.
934 513 1144 597 1050).
1208 516 1363 574 Hinc
1409 515 1809 592 Berengarius
1865 518 2069 573 contra
2101 515 2419 574 Henricum
2453 516 2549 574 IV.
2585 516 2725 591 imp.
2770 516 2839 574 de
2886 516 3167 572 eloctione·

523 609 727 667 literas
761 606 1041 683 querulas
1082 605 1153 663 ad
1201 624 1338 663 eum
1371 604 1553 673 dedit,
1590 603 1811 679 quibus
1857 606 2151 679 pontificis
2182 607 2430 680 romani,
2475 608 2536 663 et
2567 604 2698 674 alia,
2733 623 2886 681 quae
2920 602 3164 662 inedita

521 697 622 756 ille
653 697 804 756 bene
835 694 1147 771 respondit
1178 691 1360 774 (apud
1394 693 1643 751 Labbe
1677 693 1810 751 coll.
1866 694 2070 752 latent.
2124 693 2372 770 Reliqua
2402 696 2636 752 tantum
2670 698 2817 752 sunt
2860 694 3163 769 prologus

519 804 682 849 cono.
715 785 812 855 IX,
854 780 1338 861 1057—1059).
1371 817 1460 826 —
1494 782 1809 841 Deodui-
1866 784 2011 841 vitae
2042 802 2089 841 s.
2124 783 2506 841 Scholasticae
2551 787 2612 841 et
2644 783 2886 842 homilia
2918 783 2983 840 in
3015 784 3163 855 eius

524 871 1398 955 nus(Theoduinus,Dietwin,
1419 866 1808 951 Theodorich)
1865 872 2095 943 natale3
2169 872 2325 946 apud
2389 872 2529 930 Mai
2594 872 2792 948 Spicil.
2856 891 2999 930 rom.
3072 871 3162 941 V;

519 964 717 1041 patria
749 964 1019 1032 Noricus,
1056 961 1426 1037 propinquus
1446 960 1689 1019 Henrici
1705 959 1811 1021 111.
1868 961 1962 1018 Mi
1985 979 2128 1038 gne
2189 961 2385 1031 LXVI,
2456 971 2836 1031 941—950;
2916 978 3165 1020 necnon

526 1056 683 1129 imp.‚
748 1052 1062 1127 episcopus
1132 1050 1450 1109 leodiensis
1515 1045 1809 1131 (1043-
1865 1052 1979 1109 vita
2012 1070 2061 1111 8.
2096 1047 2446 1132 Dominici1)
2498 1052 2586 1109 ab.
2626 1052 2801 1127 juxta
2834 1050 3042 1109 Soram
3091 1049 3164 1107 in

534 1138 744 1222 1075),
801 1139 1140 1216 ,placidum
1175 1138 1500 1197 leodiensis
1531 1138 1811 1198 ecclesiae
1868 1139 2041 1197 Italia
2073 1135 2135 1220 (†
2176 1135 2370 1221 1031)
2405 1141 2468 1198 in
2488 1144 2616 1201 Act.
2651 1141 2745 1198 SS.
2783 1149 2882 1202 ⁸22.
2916 1139 3056 1198 Jan.
3078 1139 3163 1196 11.

528 1231 735 1290 sidus‘
771 1229 1085 1299 salutatuS,
1121 1228 1366 1304 scripsit
1396 1228 1710 1303 epistolam
1743 1228 1812 1285 de
1870 1238 2239 1297 442—446,
2293 1234 2353 1286 et
2398 1230 2460 1288 in
2510 1231 2639 1288 Act.
2690 1228 3163 1287 Mabillonii

518 1337 761 1396 corpore
824 1326 872 1376 et
947 1319 1226 1394 sanquine
1287 1317 1528 1375 Domini
1606 1319 1814 1375 contra
1867 1317 1964 1386 VI,
2022 1329 2073 1387 1,
2129 1327 2495 1380 356-360,
2558 1320 2628 1376 In
2670 1320 2706 1377 l.
2740 1320 2809 1377 de
2839 1319 3166 1376 dictamine

526 1410 978 1468 Brunonem
1027 1400 1552 1487 andegavenseml)
1605 1411 1666 1464 et
1697 1406 1808 1463 Be·
1867 1408 2025 1482 apud
2086 1406 2381 1465 Rockin
2397 1428 2530 1485 ger
2591 1408 2962 1466 Briefsteller
3024 1404 3163 1464 und

525 1498 868 1574 rengerium
918 1496 992 1554 ad
1041 1496 1367 1554 Henricum
1413 1495 1458 1557 Ι.
1509 1495 1811 1553 Gallorum
1867 1495 2324 1554 Formelbiicber
2369 1496 2470 1555 des
2528 1510 2546 1560 1
2572 1509 2620 1559 1.
2668 1497 2758 1555 bis
2813 1507 2907 1559 14.
2941 1495 2980 1553 J
2984 1496 3164 1554 ahrh.

526 1606 744 1664 regem,
780 1604 888 1662 per
919 1603 1177 1644 errorem
1208 1584 1387 1643 etiam
1411 1583 1524 1642 sub
1546 1582 1813 1642 Durandi
1869 1605 1924 1660 p.
1975 1594 2231 1647 29--46
2278 1586 2624 1644 methodum
2669 1585 2851 1644 tradit
2890 1586 3163 1644 conscri-

529 1675 845 1735 leodiensis
895 1671 956 1755 (†
1014 1669 1207 1755 1024)
1273 1672 1510 1731 nomine
1558 1673 1810 1730 editam:
1867 1674 2045 1732 bendi
2079 1674 2377 1749 epistolas,
2411 1675 2687 1734 Rationes
2709 1693 2846 1734 vero
2867 1676 3163 1743 dictandi,

525 1767 590 1824 in
612 1785 730 1841 qua
748 1784 815 1824 ex
836 1762 1199 1822 testimoniis
1216 1766 1453 1838 patrum
1469 1780 1810 1838 graecorum
1866 1762 1945 1821 ib.
1977 1783 2033 1838 p.
2071 1773 2284 1825 9—28
2332 1764 2448 1839 ipsi
2494 1765 2757 1823 tributae
2801 1764 3166 1839 posterioris

523 1863 589 1913 et
620 1854 964 1923 latinorum,
999 1851 1297 1910 succincte
1316 1851 1574 1926 quidem,
1598 1851 1814 1926 dogma
1867 1852 2148 1911 videntur
2191 1871 2317 1911 esse
2363 1854 2576 1912 aetatis
2624 1858 2685 1911 et
2715 1853 2964 1929 originis
2997 1853 3168 1911 lom-

525 1944 739 2020 probat
771 1941 1145 2001 catholicum.
1210 1940 1296 1998 Ea
1325 1940 1546 2015 passim
1581 1943 1814 2015 prostat
1870 1941 2161 2011 bardicse,
2226 1943 2381 1999 teste
2458 1941 2971 2001 Wattenbach
3036 1943 3169 2012 115,

526 2038 600 2092 ut
644 2033 706 2090 in
737 2032 884 2092 bibl.
916 2031 1026 2092 ΡΡ.
1072 2030 1197 2106 lug.
1240 2028 1449 2099 XVIII,
1488 2038 1811 2097 531-5323
1870 2038 2017 2092 212.
2050 2030 2317 2088 Decessit
2336 2034 2540 2089 noster
2559 2031 2874 2090 cardinalis
2901 2031 3168 2093 1²11ch

531 2121 910 2180 Mabillon
986 2119 1157 2181 Anal.
1233 2117 1330 2189 IV,
1427 2127 1809 2186 395—399;
1874 2128 2056 2182 1088.
2091 2153 2175 2162 -
2211 2120 2265 2176 S.
2298 2116 2837 2201 Anastasius2)
2881 2119 3167 2179 Venetiis

528 2211 623 2268 Mi
638 2229 780 2286 gne
827 2208 1064 2278 CXLVI,
1119 2217 1308 2269 1439.
1357 2242 1445 2251 —
1489 2206 1716 2265 Ibidem
1751 2225 1808 2281 p.
1866 2211 2044 2266 nat-us
2091 2208 2314 2267 relictis
2363 2208 2545 2267 seculi
2594 2209 2962 2267 vanitatibus
3005 2209 3166 2287 rigi-

540 2310 696 2362 1441
741 2317 785 2359 s,
837 2299 1018 2356 habes
1065 2299 1125 2355 et
1155 2297 1469 2372 epistolam
1502 2296 1573 2354 ad
1607 2295 1808 2353 Immi·
1867 2296 2000 2355 dam
2036 2297 2209 2356 duxit
2240 2298 2424 2356 vitam
2470 2299 2780 2374 factusque
2827 2303 2918 2356 est
2948 2317 3164 2356 mona·

525 2408 735 2447 eonem
782 2406 870 2463 ep.
906 2386 1411 2462 paderbonensem
1454 2386 1523 2442 de
1552 2386 1811 2442 miracu·
1867 2386 2013 2444 chus
2034 2386 2430 2445 cluniacensis
2461 2392 2523 2445 et
2541 2387 2803 2457 eremita,
2838 2388 2946 2463 qui
2970 2388 3159 2461 jussu

527 2479 621 2553 lis,
656 2495 808 2553 quae
858 2475 1240 2552 contigerunt
1288 2475 1361 2532 ad
1394 2492 1437 2532 s.
1470 2472 1812 2532 Remacli
1868 2475 2135 2551 Gregorii
2157 2475 2280 2539 VII.
2313 2476 2816 2535 mohammedanis
2849 2478 2914 2534 in
2936 2476 3153 2549 Hispa-

531 2567 889 2644 sepulcrum.
915 2599 998 2609 -—-
1033 2563 1119 2622 Ex
1152 2562 1436 2646 Renalli
1470 2558 1810 2645 (Raynaldi)
1871 2565 1971 2623 nia
1991 2564 2209 2624 Christi
2230 2564 2402 2623 fidem
2425 2565 2793 2640 praedicavit
2814 2561 2879 2649 (†
2907 2575 2995 2628 16.
3016 2564 3144 2625 Oct.

531 2655 805 2734 magistri
867 2654 1317 2713 barcinonensis
1381 2648 1462 2733 (fl.
1523 2647 1718 2733 1089)
1773 2652 1810 2709 1.
1882 2664 2037 2716 1085
2076 2655 2172 2712 vel
2212 2649 2427 2735 1086),
2477 2653 2716 2732 scripsit
2761 2655 3052 2715 eruditam
3083 2659 3150 2712 et

525 2753 732 2804 contro
753 2744 1098 2821 Berenyarii
1117 2761 1342 2800 errores
1359 2742 1689 2818 fragmenta
1706 2759 1811 2799 seu
1867 2743 2212 2802 catholicam
2223 2763 2310 2819 ep.
2324 2744 2717 2803 adGeraldum
2729 2745 3155 2803 velGuilenum

531 2853 740 2893 versus
755 2833 1040 2910 leguntur
1055 2832 1116 2890 in
1140 2831 1516 2908 MignePL.
1541 2830 1809 2898 CXLVII,
1867 2835 1955 2892 ab.
2017 2832 2086 2890 de
2146 2835 2381 2890 veritate
2428 2836 2693 2909 corporis
2742 2841 2793 2892 et
2843 2834 3160 2909 sanquinis

535 2932 903 2986 299—302.
934 2957 1023 2966 ——
1054 2920 1470 2979 Albericus
1504 2920 1570 2982 O.
1593 2920 1645 2977 S.
1666 2920 1810 2977 Ben.
1871 2921 2094 2980 Christi
2125 2921 2384 2993 Domini,
2421 2923 2578 2981 inter
2610 2942 2787 2999 opera
2816 2922 3158 2990 Lanfranci,

531 3014 594 3070 in
626 3011 904 3071 coenobio
931 3009 1294 3080 cassinensi,
1347 3029 1381 3066 a
1431 3007 1728 3083 Stephano
1763 3007 1811 3065 X
1870 3013 1931 3068 et
1961 3011 2026 3067 in
2060 3011 2316 3086 Migne
2362 3011 2424 3070 P.
2457 3012 2517 3068 L.
2551 3011 2789 3074 CXLIX.
2841 3020 3160 3074 433·436.

529 3097 664 3182 (IX)
718 3100 1028 3160 cardinalis
1077 3098 1462 3157 renunciatus
1498 3093 1558 3178 (†
1601 3093 1812 3178 1089),
1881 3133 1956 3141 -
1993 3100 2038 3157 D
2058 3118 2097 3156 u
2117 3099 2408 3159 raudus
2440 3100 2513 3158 ab
2546 3101 2800 3159 infantia
2830 3101 3163 3159 monachus

531 3190 646 3248 sub
680 3190 919 3248 Nicolao
939 3190 1012 3250 II.
1046 3189 1289 3247 Romam
1320 3189 1412 3245 est
1444 3191 1706 3256 vocatuS,
1741 3191 1813 3243 ut
1867 3189 2087 3246 Montis
2121 3206 2166 3246 a.
2201 3189 2546 3248 catharinae
2579 3189 2643 3248 Ο.
2666 3191 2719 3251 S.
2741 3190 2888 3247 Ben.
2919 3190 3162 3265 primus

533 3279 594 3337 in
627 3279 855 3354 synodo
889 3298 1022 3336 cum
1053 3275 1410 3352 Berengario
1459 3275 1811 3351 disputaret.
1870 3277 2049 3335 abbas
2075 3273 2701 3361 troarnensis(1059),
2736 3279 3080 3354 ,religione
3101 3285 3165 3338 et

530 3371 789 3444 Accepta
851 3364 1231 3425 hebdomadis
1293 3365 1479 3422 unius
1528 3365 1722 3440 spatio
1774 3364 1812 3421 l.
1868 3366 2166 3441 sapientia
2185 3368 2558 3442 praecipuae,
2592 3367 2980 3426 ecclesiastici
3014 3387 3164 3427 can·

530 3457 816 3516 adversus
847 3456 1019 3514 illum
1051 3456 1119 3513 de
1148 3472 1384 3529 corpore
1415 3453 1655 3511 Domini
1685 3452 1811 3511 edi·
1868 3458 1969 3513 tus
2001 3458 2066 3513 et
2096 3456 2388 3532 dogmatis
2435 3456 2625 3514 divini
2671 3458 2878 3516 doctor
2908 3458 3164 3532 peritis-

528 3546 623 3604 dit
655 3564 731 3604 SS.
765 3548 1002 3621 patrum
1034 3541 1399 3602 testimoniis
1449 3543 1809 3611 roboratum,
1869 3545 2074 3614 simus,
2111 3544 2225 3602 sibi
2259 3544 2446 3603 durus
2494 3546 2771 3616 carnifex,
2814 3545 2951 3604 aliis
2985 3552 3164 3621 pater

532 3636 596 3693 in
629 3654 745 3709 quo
779 3652 979 3692 omnes
1013 3635 1140 3708 ejus
1171 3632 1527 3690 assertiones
1572 3631 1810 3689 destru-
1869 3627 1929 3713 (†
1969 3645 2065 3695 11.
2116 3633 2281 3691 Febr.
2341 3629 2602 3715 1088),“ι
2668 3635 2908 3710 scripsit
2970 3632 3163 3711 (intra

613 3809 646 3876 ¹)
675 3804 718 3857 Ε
737 3822 774 3857 ιι
793 3822 816 3857 s
832 3820 861 3856 c
879 3804 914 3857 b
931 3803 951 3856 i
967 3820 1003 3857 u
1022 3820 1046 3855 s
1074 3803 1264 3856 Bruno
1291 3800 1677 3871 andegavensi
1698 3800 1812 3870 epi·
1949 3808 1983 3875 ¹)
2029 3803 2217 3873 Hujus
2260 3803 2439 3857 vitam
2485 3804 2682 3859 eodem
2734 3805 2851 3858 fere
2897 3807 3157 3875 tempore

532 3893 739 3946 scopus
765 3878 925 3942 (1047
952 3885 978 3932 †
1007 3880 1089 3931 27.
1118 3876 1265 3942 Aug.
1295 3872 1384 3926 vel
1419 3875 1627 3943 l.Sept.
1659 3877 1811 3942 1081)
1867 3875 2169 3944 descripsit
2211 3873 2244 3927 J
2262 3892 2343 3928 oa
2362 3891 2541 3928 nnes
2580 3877 2704 3946 ejus
2747 3875 3073 3946 discipulus
3099 3883 3157 3930 et

533 3947 893 4018 Berengario.
921 3946 1085 4014 cujus
1112 3950 1249 4009 erat,
1277 3943 1615 4013 discipulus,
1641 3943 1811 3998 initio
1867 3963 2052 4001 comes
2091 3947 2354 4000 assiduus
2388 3946 2448 3999 in
2476 3948 2643 4000 Anal.
2670 3948 2803 4001 boll.
2834 3947 2874 4001 1.
2902 3952 3153 4004 282-298.

534 4019 770 4087 quidem
798 4017 959 4072 favit.
988 4016 1218 4086 Agnitis
1246 4018 1436 4069 tamen
1464 4017 1586 4084 ejus
1613 4015 1812 4068 errori·
1868 4018 2145 4073 Miracula
2162 4034 2307 4086 quae
2325 4017 2535 4073 ibidem
2559 4019 2886 4073 subduntur
2904 4036 2959 4087 p.
2976 4023 3152 4074 298-—

534 4091 655 4154 bus,
684 4093 880 4160 postea
907 4105 1001 4143 eos
1027 4087 1356 4158 reprobavit
1377 4087 1461 4138 ‘in
1487 4104 1589 4140 sua
1614 4086 1686 4139 ad
1715 4086 1812 4140 Be·
1868 4095 1970 4146 322
2016 4089 2230 4161 pariter
2274 4090 2347 4142 ab
2391 4090 2589 4158 aliquo
2614 4090 2807 4144 Sancti
2845 4093 3150 4144 coaetaneo

533 4162 863 4231 rengarium
887 4164 1119 4228 epistola,
1162 4175 1333 4227 quam
1374 4157 1559 4211 edidit
1583 4158 1658 4212 Cl.
1689 4158 1744 4210 M
1764 4174 1814 4211 e·
1869 4161 2103 4216 collecta.
2131 4160 2416 4214 videntur.

535 4251 620 4285 na
637 4233 715 4286 rd
734 4251 766 4285 u
789 4251 813 4284 s
854 4233 915 4285 in
956 4230 1108 4284 notis
1142 4232 1214 4283 ad
1243 4229 1558 4298 Augustini
1585 4231 1640 4284 ll.
1669 4229 1814 4283 duos
1944 4238 1983 4303 ἱ)
2011 4232 2197 4302 Hujus
2214 4232 2397 4286 sancti
2422 4236 2581 4286 vitam
2604 4235 2838 4286 auctore
2865 4232 3068 4287 Galte
3080 4249 3147 4285 ro

535 4305 871 4373 posteriores
889 4321 979 4371 op.
1003 4301 1322 4371 imperfecti
1342 4301 1614 4355 adversus
1629 4300 1662 4354 J
1668 4301 1810 4354 uliu—
1870 4303 2183 4375 (Gualtero)
2212 4303 2387 4356 habes
2421 4303 2480 4358 in
2512 4303 2669 4356 Actis
2709 4303 2766 4355 M
2782 4320 2817 4355 a
2833 4304 2939 4358 bil
2955 4305 2974 4357 l
2990 4321 3021 4357 o
3038 4321 3073 4355 n
3093 4302 3147 4355 ii

535 4394 671 4428 num
689 4393 743 4445 p.
762 4383 880 4439 499,
903 4377 961 4428 et
977 4374 1064 4427 Fr.
1081 4375 1150 4427 de
1177 4373 1224 4426 R
1240 4391 1271 4427 o
1287 4390 1323 4441 y
1341 4389 1368 4425 e
1400 4372 1549 4436 Vita,
1568 4373 1815 4426 haeresis
1873 4376 1963 4438 Vl,
1992 4380 2042 4438 2,
2070 4378 2203 4432 487:
2244 4375 2339 4426 Mi
2361 4394 2398 4444 g
2414 4393 2451 4427 n
2470 4391 2499 4427 e
2526 4374 2588 4427 P.
2616 4375 2675 4427 L.
2703 4373 2940 4436 CXLIX,
2975 4381 3142 4430 423-

531 4451 590 4499 et
652 4447 1008 4516 poenitentia
1071 4444 1430 4516 Berengarii,
1515 4443 1814 4514 Andegavi
1870 4451 1991 4501 434.
2033 4445 2115 4499 Cf.
2161 4445 2306 4499 Hist.
2358 4446 2444 4499 lit.
2494 4446 2645 4506 VlIl,
2695 4450 2991 4503 162-167,
3044 4445 3147 4498 Hic

539 4524 703 4575 1656:
743 4517 970 4586 Migne
1000 4516 1262 4580 CXLVII,
1296 4521 1660 4572 1201—1204.
1693 4518 1814 4586 lpse
1870 4516 2153 4586 distingui
2188 4518 2356 4570 debet
2380 4534 2413 4569 a
2448 4517 2649 4572 Daniel
2691 4516 2736 4570 G
2757 4518 3057 4571 ualtcro
3083 4519 3144 4569 0.

532 4588 996 4642 crediturauctor
1017 4593 1188 4643 collect
1203 4592 1327 4642 'onis
1342 4592 1688 4642 homiliarum
1703 4593 1812 4660 (¹56)
1870 4589 2005 4642 Cist.
2034 4592 2079 4659 (†
2112 4590 2284 4660 1070),
2329 4588 2422 4642 cui
2448 4589 2616 4659 plura
2642 4588 2864 4642 inedita
2892 4588 3148 4642 tribuun-

536 4660 861 4730 praesulum
889 4663 1146 4713 veterum
1174 4659 1473 4725 gallorum,
1515 4674 1660 4728 quae
1688 4677 1814 4728 pro·
1871 4664 1980 4724 tur,
2026 4660 2176 4713 inter
2216 4676 2361 4728 quae
2406 4662 2464 4712 ct
2507 4660 2565 4714 ll.
2592 4668 2623 4713 2
2667 4664 2732 4713 de
2755 4667 3077 4730 conceptione
3098 4662 3143 4712 b.

533 4730 648 4782 diit
674 4731 902 4783 Parisiis
936 4735 1085 4785 1547.
1140 4731 1222 4783 Cf.
1251 4731 1286 4784 S
1305 4734 1414 4783 tre
1433 4732 1513 4784 be
1532 4748 1559 4782 r
1583 4729 1814 4795 KL.1V‚
1872 4736 1945 4786 M.
1987 4735 2041 4783 V.
2070 4733 2266 4785 contra
2296 4730 2432 4784 Nic
2450 4730 2697 4784 olaum
2743 4731 2813 4784 de
2840 4750 2883 4784 s.
2914 4732 3145 4786 Albano.

545 4806 707 4856 1000:
739 4801 882 4852 Hist.
909 4800 994 4854 lit.
1020 4800 1170 4862 VIII,
1198 4807 1460 4856 99—104.
1873 4802 1955 4856 Cf.
1984 4803 2074 4854 Fa
2092 4803 2127 4852 b
2145 4802 2285 4856 rici
2307 4820 2343 4854 ιι
2363 4821 2387 4854 ιι
2416 4802 2483 4865 11,
2516 4806 2631 4856 107.
