<?xml version="1.0" encoding="UTF-8"?>
<!DOCTYPE html PUBLIC "-//W3C//DTD XHTML 1.0 Transitional//EN"
    "http://www.w3.org/TR/xhtml1/DTD/xhtml1-transitional.dtd">
<html xmlns="http://www.w3.org/1999/xhtml" xml:lang="en" lang="en">
 <head>
  <title>
</title>
<meta http-equiv="Content-Type" content="text/html;charset=utf-8" />
  <meta name='ocr-system' content='tesseract 3.04.00' />
  <meta name='ocr-capabilities' content='ocr_page ocr_carea ocr_par ocr_line ocrx_word'/>
</head>
<body>
  <div class='ocr_page' id='page_1' title='image "./nomenclatorlite09hurtgoog_0066.png"; bbox 0 0 3505 5161; ppageno 0'>
   <div class='ocr_carea' id='block_1_1' title="bbox 472 201 3086 274">
    <p class='ocr_par' dir='ltr' id='par_1_1' title="bbox 472 201 3086 274">
     <span class='ocr_line' id='line_1_1' title="bbox 472 201 3086 274; baseline -0.002 -16"><span class='ocrx_word' id='word_1_1' title='bbox 472 220 546 273; x_wconf 74' lang='lat'>91</span> <span class='ocrx_word' id='word_1_2' title='bbox 985 206 1283 259; x_wconf 80' lang='lat'><strong>201—300.</strong></span> <span class='ocrx_word' id='word_1_3' title='bbox 1310 202 1684 274; x_wconf 76' lang='lat' dir='ltr'>Apologetae.</span> <span class='ocrx_word' id='word_1_4' title='bbox 1714 202 1902 271; x_wconf 63' lang='lat' dir='ltr'>Caius,</span> <span class='ocrx_word' id='word_1_5' title='bbox 1929 201 2223 273; x_wconf 86' lang='lat' dir='ltr'>Serapion,</span> <span class='ocrx_word' id='word_1_6' title='bbox 2249 201 2558 256; x_wconf 82' lang='lat' dir='ltr'>Malchion.</span> <span class='ocrx_word' id='word_1_7' title='bbox 3006 218 3086 272; x_wconf 86' lang='lat'>92</span> 
     </span>
    </p>
   </div>
   <div class='ocr_carea' id='block_1_2' title="bbox 471 387 3093 1087">
    <p class='ocr_par' dir='ltr' id='par_1_2' title="bbox 471 387 3093 1087">
     <span class='ocr_line' id='line_1_2' title="bbox 472 387 3087 464; baseline -0.001 -17"><span class='ocrx_word' id='word_1_8' title='bbox 472 390 823 448; x_wconf 89' lang='lat' dir='ltr'>Untersuch.</span> <span class='ocrx_word' id='word_1_9' title='bbox 857 388 959 447; x_wconf 84' lang='lat' dir='ltr'>XX</span> <span class='ocrx_word' id='word_1_10' title='bbox 980 389 1050 446; x_wconf 90' lang='lat' dir='ltr'>N.</span> <span class='ocrx_word' id='word_1_11' title='bbox 1073 389 1136 453; x_wconf 88' lang='lat' dir='ltr'>F.</span> <span class='ocrx_word' id='word_1_12' title='bbox 1156 389 1224 458; x_wconf 87' lang='lat' dir='ltr'>V,</span> <span class='ocrx_word' id='word_1_13' title='bbox 1264 398 1318 459; x_wconf 91' lang='lat'>3,</span> <span class='ocrx_word' id='word_1_14' title='bbox 1360 399 1524 452; x_wconf 84' lang='lat'>1-6</span> <span class='ocrx_word' id='word_1_15' title='bbox 1536 398 1590 450; x_wconf 85' lang='lat'>9.</span> <span class='ocrx_word' id='word_1_16' title='bbox 1622 388 1748 447; x_wconf 88' lang='lat' dir='ltr'>Ali·</span> <span class='ocrx_word' id='word_1_17' title='bbox 1806 389 2015 447; x_wconf 86' lang='lat' dir='ltr'>bracos</span> <span class='ocrx_word' id='word_1_18' title='bbox 2046 388 2233 447; x_wconf 89' lang='lat' dir='ltr'>Paulo</span> <span class='ocrx_word' id='word_1_19' title='bbox 2266 387 2645 464; x_wconf 87' lang='lat' dir='ltr'>abjudicavit.</span> <span class='ocrx_word' id='word_1_20' title='bbox 2710 388 2918 448; x_wconf 84' lang='lat' dir='ltr'>Virum</span> <span class='ocrx_word' id='word_1_21' title='bbox 2951 406 3087 446; x_wconf 88' lang='lat' dir='ltr'>eru-</span> 
     </span>
     <span class='ocr_line' id='line_1_3' title="bbox 471 476 3089 555; baseline -0.002 -16"><span class='ocrx_word' id='word_1_22' title='bbox 471 482 620 554; x_wconf 90' lang='lat' dir='ltr'>quot</span> <span class='ocrx_word' id='word_1_23' title='bbox 650 478 982 555; x_wconf 82' lang='lat' dir='ltr'>fragmenta</span> <span class='ocrx_word' id='word_1_24' title='bbox 1031 478 1417 553; x_wconf 90' lang='lat' dir='ltr'>epistolarum</span> <span class='ocrx_word' id='word_1_25' title='bbox 1464 477 1560 536; x_wconf 88' lang='lat' dir='ltr'>vel</span> <span class='ocrx_word' id='word_1_26' title='bbox 1605 477 1751 535; x_wconf 90' lang='lat' dir='ltr'>scri·</span> <span class='ocrx_word' id='word_1_27' title='bbox 1808 478 2004 536; x_wconf 90' lang='lat' dir='ltr'>ditum</span> <span class='ocrx_word' id='word_1_28' title='bbox 2032 476 2222 536; x_wconf 88' lang='lat' dir='ltr'>fuisse</span> <span class='ocrx_word' id='word_1_29' title='bbox 2252 476 2514 552; x_wconf 85' lang='lat' dir='ltr'>clarique</span> <span class='ocrx_word' id='word_1_30' title='bbox 2552 477 2812 536; x_wconf 88' lang='lat' dir='ltr'>nominis</span> <span class='ocrx_word' id='word_1_31' title='bbox 2844 476 2982 536; x_wconf 88' lang='lat' dir='ltr'>inde</span> <span class='ocrx_word' id='word_1_32' title='bbox 3015 476 3089 535; x_wconf 89' lang='lat' dir='ltr'>li·</span> 
     </span>
     <span class='ocr_line' id='line_1_4' title="bbox 471 564 3090 644; baseline -0.002 -16"><span class='ocrx_word' id='word_1_33' title='bbox 471 572 711 644; x_wconf 90' lang='lat' dir='ltr'>ptorum</span> <span class='ocrx_word' id='word_1_34' title='bbox 734 585 781 627; x_wconf 85' lang='lat' dir='ltr'>s.</span> <span class='ocrx_word' id='word_1_35' title='bbox 804 566 1029 625; x_wconf 88' lang='lat' dir='ltr'>Irenaei</span> <span class='ocrx_word' id='word_1_36' title='bbox 1063 567 1391 625; x_wconf 86' lang='lat' dir='ltr'>asservavit</span> <span class='ocrx_word' id='word_1_37' title='bbox 1420 565 1595 625; x_wconf 93' lang='lat' dir='ltr'>nobis</span> <span class='ocrx_word' id='word_1_38' title='bbox 1616 566 1751 624; x_wconf 86' lang='lat' dir='ltr'>Eu·</span> <span class='ocrx_word' id='word_1_39' title='bbox 1810 568 1971 641; x_wconf 88' lang='lat' dir='ltr'>quet,</span> <span class='ocrx_word' id='word_1_40' title='bbox 2025 566 2184 642; x_wconf 90' lang='lat' dir='ltr'>quod</span> <span class='ocrx_word' id='word_1_41' title='bbox 2247 565 2568 641; x_wconf 79' lang='lat' dir='ltr'><strong>scriptores</strong></span> <span class='ocrx_word' id='word_1_42' title='bbox 2626 566 2983 625; x_wconf 77' lang='lat' dir='ltr'>recentiores</span> <span class='ocrx_word' id='word_1_43' title='bbox 3032 564 3090 624; x_wconf 89' lang='lat' dir='ltr'>ei</span> 
     </span>
     <span class='ocr_line' id='line_1_5' title="bbox 473 654 3090 731; baseline -0.002 -14"><span class='ocrx_word' id='word_1_44' title='bbox 473 657 748 717; x_wconf 80' lang='lat' dir='ltr'>sebius</span> <span class='ocrx_word' id='word_1_45' title='bbox 781 656 845 714; x_wconf 91' lang='lat' dir='ltr'>in</span> <span class='ocrx_word' id='word_1_46' title='bbox 879 673 988 714; x_wconf 90' lang='lat' dir='ltr'>sua</span> <span class='ocrx_word' id='word_1_47' title='bbox 1018 654 1090 713; x_wconf 89' lang='lat' dir='ltr'>H.</span> <span class='ocrx_word' id='word_1_48' title='bbox 1111 656 1176 713; x_wconf 90' lang='lat' dir='ltr'>E.</span> <span class='ocrx_word' id='word_1_49' title='bbox 1195 656 1261 723; x_wconf 87' lang='lat' dir='ltr'>V,</span> <span class='ocrx_word' id='word_1_50' title='bbox 1288 664 1388 718; x_wconf 85' lang='grc'><strong>20.</strong></span> <span class='ocrx_word' id='word_1_51' title='bbox 1414 665 1512 718; x_wconf 84' lang='grc'><strong>24.</strong></span> <span class='ocrx_word' id='word_1_52' title='bbox 1540 664 1618 719; x_wconf 86' lang='grc'>26</span> <span class='ocrx_word' id='word_1_53' title='bbox 1642 657 1754 716; x_wconf 91' lang='lat' dir='ltr'>etc.</span> <span class='ocrx_word' id='word_1_54' title='bbox 1811 658 2169 731; x_wconf 90' lang='lat' dir='ltr'>supponant,</span> <span class='ocrx_word' id='word_1_55' title='bbox 2223 654 2324 713; x_wconf 88' lang='lat' dir='ltr'>sed</span> <span class='ocrx_word' id='word_1_56' title='bbox 2357 654 2671 725; x_wconf 82' lang='lat' dir='ltr'>immerite,</span> <span class='ocrx_word' id='word_1_57' title='bbox 2718 659 2791 713; x_wconf 92' lang='lat' dir='ltr'>ut</span> <span class='ocrx_word' id='word_1_58' title='bbox 2833 654 3090 724; x_wconf 85' lang='lat' dir='ltr'>videtur,</span> 
     </span>
     <span class='ocr_line' id='line_1_6' title="bbox 473 737 3093 824; baseline -0.002 -20"><span class='ocrx_word' id='word_1_59' title='bbox 473 780 560 792; x_wconf 93' lang='lat'>-—-</span> <span class='ocrx_word' id='word_1_60' title='bbox 592 748 724 805; x_wconf 88' lang='lat' dir='ltr'>Non</span> <span class='ocrx_word' id='word_1_61' title='bbox 756 744 979 803; x_wconf 87' lang='lat' dir='ltr'>desunt</span> <span class='ocrx_word' id='word_1_62' title='bbox 1025 745 1131 820; x_wconf 91' lang='lat' dir='ltr'>qui</span> <span class='ocrx_word' id='word_1_63' title='bbox 1174 748 1377 803; x_wconf 90' lang='lat' dir='ltr'>sancto</span> <span class='ocrx_word' id='word_1_64' title='bbox 1409 747 1613 803; x_wconf 88' lang='lat' dir='ltr'>nostro</span> <span class='ocrx_word' id='word_1_65' title='bbox 1644 744 1755 802; x_wconf 89' lang='lat' dir='ltr'>tri·</span> <span class='ocrx_word' id='word_1_66' title='bbox 1809 746 1907 803; x_wconf 90' lang='lat' dir='ltr'>vel</span> <span class='ocrx_word' id='word_1_67' title='bbox 1924 744 2439 819; x_wconf 76' lang='lat' dir='ltr'>Philosophumena</span> <span class='ocrx_word' id='word_1_68' title='bbox 2462 737 2760 824; x_wconf 88' lang='lat' dir='ltr'>(cf.supra</span> <span class='ocrx_word' id='word_1_69' title='bbox 2776 764 2831 819; x_wconf 89' lang='lat' dir='ltr'>p.</span> <span class='ocrx_word' id='word_1_70' title='bbox 2852 740 3093 823; x_wconf 85' lang='lat' dir='ltr'>65),vel</span> 
     </span>
     <span class='ocr_line' id='line_1_7' title="bbox 472 826 3091 918; baseline -0.002 -24"><span class='ocrx_word' id='word_1_71' title='bbox 472 829 725 918; x_wconf 90' lang='lat' dir='ltr'>buant¹)</span> <span class='ocrx_word' id='word_1_72' title='bbox 816 834 1278 909; x_wconf 84' lang='lat' dir='ltr'>pulcherrimam</span> <span class='ocrx_word' id='word_1_73' title='bbox 1374 833 1752 892; x_wconf 83' lang='lat' dir='ltr'>ecclesiarum</span> <span class='ocrx_word' id='word_1_74' title='bbox 1806 834 2202 911; x_wconf 63' lang='lat' dir='ltr'>fragmentum</span> <span class='ocrx_word' id='word_1_75' title='bbox 2234 836 2724 907; x_wconf 72' lang='lat' dir='ltr'><strong><em>muratorianam,</em></strong></span> <span class='ocrx_word' id='word_1_76' title='bbox 2773 830 2855 911; x_wconf 89' lang='lat' dir='ltr'>(p.</span> <span class='ocrx_word' id='word_1_77' title='bbox 2891 841 2970 895; x_wconf 89' lang='lat'>22</span> <span class='ocrx_word' id='word_1_78' title='bbox 2995 826 3091 915; x_wconf 72' lang='lat' dir='ltr'>a),</span> 
     </span>
     <span class='ocr_line' id='line_1_8' title="bbox 474 922 3092 999; baseline -0.002 -15"><span class='ocrx_word' id='word_1_79' title='bbox 474 923 816 984; x_wconf 79' lang='lat' dir='ltr'>viennensis</span> <span class='ocrx_word' id='word_1_80' title='bbox 849 926 912 981; x_wconf 89' lang='lat' dir='ltr'>et</span> <span class='ocrx_word' id='word_1_81' title='bbox 937 922 1335 999; x_wconf 87' lang='lat' dir='ltr'>lugdunensis</span> <span class='ocrx_word' id='word_1_82' title='bbox 1364 923 1436 980; x_wconf 80' lang='lat' dir='ltr'>dc</span> <span class='ocrx_word' id='word_1_83' title='bbox 1467 923 1757 998; x_wconf 80' lang='lat' dir='ltr'>martyrio</span> <span class='ocrx_word' id='word_1_84' title='bbox 1813 922 1908 980; x_wconf 89' lang='lat' dir='ltr'>vel</span> <span class='ocrx_word' id='word_1_85' title='bbox 1939 923 1978 980; x_wconf 92' lang='lat' dir='ltr'>l.</span> <span class='ocrx_word' id='word_1_86' title='bbox 2010 923 2080 981; x_wconf 79' lang='lat' dir='ltr'>de</span> <span class='ocrx_word' id='word_1_87' title='bbox 2110 923 2368 980; x_wconf 76' lang='lat' dir='ltr'>universi</span> <span class='ocrx_word' id='word_1_88' title='bbox 2417 929 2653 998; x_wconf 75' lang='lat' dir='ltr'>natura,</span> <span class='ocrx_word' id='word_1_89' title='bbox 2701 923 2799 980; x_wconf 90' lang='lat' dir='ltr'>vel</span> <span class='ocrx_word' id='word_1_90' title='bbox 2834 940 3092 997; x_wconf 78' lang='lat' dir='ltr'>parvum</span> 
     </span>
     <span class='ocr_line' id='line_1_9' title="bbox 474 1010 2381 1087; baseline -0.002 -16"><span class='ocrx_word' id='word_1_91' title='bbox 474 1034 519 1073; x_wconf 75' lang='lat' dir='ltr'>a.</span> <span class='ocrx_word' id='word_1_92' title='bbox 553 1013 783 1072; x_wconf 78' lang='lat' dir='ltr'>Pothini</span> <span class='ocrx_word' id='word_1_93' title='bbox 813 1031 898 1087; x_wconf 82' lang='lat' dir='ltr'>ep.</span> <span class='ocrx_word' id='word_1_94' title='bbox 951 1015 1014 1070; x_wconf 88' lang='lat' dir='ltr'>et</span> <span class='ocrx_word' id='word_1_95' title='bbox 1057 1012 1311 1071; x_wconf 88' lang='lat' dir='ltr'>aliorum</span> <span class='ocrx_word' id='word_1_96' title='bbox 1359 1010 1758 1087; x_wconf 88' lang='lat' dir='ltr'>plurimorum</span> <span class='ocrx_word' id='word_1_97' title='bbox 1815 1011 2241 1087; x_wconf 79' lang='lat' dir='ltr'>Labyrinthum</span> <span class='ocrx_word' id='word_1_98' title='bbox 2272 1014 2381 1070; x_wconf 88' lang='lat' dir='ltr'>etc.</span> 
     </span>
    </p>
   </div>
   <div class='ocr_carea' id='block_1_3' title="bbox 358 1100 1756 1179">
    <p class='ocr_par' dir='ltr' id='par_1_3' title="bbox 358 1100 1756 1179">
     <span class='ocr_line' id='line_1_10' title="bbox 358 1100 1756 1179; baseline -0.004 -16"><span class='ocrx_word' id='word_1_99' title='bbox 358 1148 359 1151; x_wconf 17' lang='grc' dir='ltr'>η</span> <span class='ocrx_word' id='word_1_100' title='bbox 476 1102 808 1179; x_wconf 88' lang='lat' dir='ltr'>epistolam,</span> <span class='ocrx_word' id='word_1_101' title='bbox 850 1119 1031 1177; x_wconf 90' lang='lat' dir='ltr'>quam</span> <span class='ocrx_word' id='word_1_102' title='bbox 1062 1100 1234 1159; x_wconf 89' lang='lat' dir='ltr'>nobis</span> <span class='ocrx_word' id='word_1_103' title='bbox 1267 1100 1594 1159; x_wconf 78' lang='lat' dir='ltr'>asservavit</span> <span class='ocrx_word' id='word_1_104' title='bbox 1622 1100 1756 1158; x_wconf 86' lang='lat' dir='ltr'>Eu-</span> 
     </span>
    </p>
   </div>
   <div class='ocr_carea' id='block_1_4' title="bbox 466 1188 3112 4056">
    <p class='ocr_par' dir='ltr' id='par_1_4' title="bbox 466 1188 3112 4056">
     <span class='ocr_line' id='line_1_11' title="bbox 476 1188 3094 1265; baseline -0.001 -15"><span class='ocrx_word' id='word_1_105' title='bbox 476 1192 677 1251; x_wconf 84' lang='lat' dir='ltr'>sebius</span> <span class='ocrx_word' id='word_1_106' title='bbox 709 1190 780 1248; x_wconf 89' lang='grc' dir='ltr'><strong>Η.</strong></span> <span class='ocrx_word' id='word_1_107' title='bbox 814 1189 879 1252; x_wconf 85' lang='grc' dir='ltr'><strong>Ε.</strong></span> <span class='ocrx_word' id='word_1_108' title='bbox 912 1190 951 1253; x_wconf 91' lang='lat' dir='ltr'>l.</span> <span class='ocrx_word' id='word_1_109' title='bbox 984 1189 1052 1251; x_wconf 90' lang='lat' dir='ltr'>V.</span> <span class='ocrx_word' id='word_1_110' title='bbox 1085 1208 1132 1254; x_wconf 90' lang='lat' dir='ltr'>c.</span> <span class='ocrx_word' id='word_1_111' title='bbox 1162 1201 1183 1252; x_wconf 92' lang='lat'>1</span> <span class='ocrx_word' id='word_1_112' title='bbox 1216 1207 1291 1248; x_wconf 89' lang='lat' dir='ltr'>ss.</span> <span class='ocrx_word' id='word_1_113' title='bbox 1324 1189 1469 1249; x_wconf 87' lang='lat' dir='ltr'>Eam</span> <span class='ocrx_word' id='word_1_114' title='bbox 1498 1188 1759 1265; x_wconf 88' lang='lat' dir='ltr'>reperies</span> <span class='ocrx_word' id='word_1_115' title='bbox 1908 1199 2007 1253; x_wconf 84' lang='lat'>45.</span> <span class='ocrx_word' id='word_1_116' title='bbox 2058 1190 2274 1249; x_wconf 90' lang='lat' dir='ltr'>Contra</span> <span class='ocrx_word' id='word_1_117' title='bbox 2337 1189 2863 1248; x_wconf 87' lang='lat' dir='ltr'>Montanistas</span> <span class='ocrx_word' id='word_1_118' title='bbox 2924 1208 3094 1264; x_wconf 84' lang='lat' dir='ltr'>prae·</span> 
     </span>
     <span class='ocr_line' id='line_1_12' title="bbox 466 1277 3097 1357; baseline -0 -19"><span class='ocrx_word' id='word_1_119' title='bbox 466 1281 636 1357; x_wconf 88' lang='lat' dir='ltr'>inter</span> <span class='ocrx_word' id='word_1_120' title='bbox 667 1278 957 1354; x_wconf 80' lang='lat' dir='ltr'>opuscula</span> <span class='ocrx_word' id='word_1_121' title='bbox 987 1278 1088 1340; x_wconf 88' lang='lat' dir='ltr'>SS.</span> <span class='ocrx_word' id='word_1_122' title='bbox 1122 1279 1233 1342; x_wconf 88' lang='grc' dir='ltr'><strong>ΡΡ.</strong></span> <span class='ocrx_word' id='word_1_123' title='bbox 1268 1278 1489 1337; x_wconf 86' lang='lat' dir='ltr'>selecta</span> <span class='ocrx_word' id='word_1_124' title='bbox 1516 1298 1550 1335; x_wconf 87' lang='lat' dir='ltr'>a</span> <span class='ocrx_word' id='word_1_125' title='bbox 1583 1277 1759 1336; x_wconf 90' lang='lat' dir='ltr'>nobis</span> <span class='ocrx_word' id='word_1_126' title='bbox 1815 1283 1978 1337; x_wconf 89' lang='lat' dir='ltr'>terea</span> <span class='ocrx_word' id='word_1_127' title='bbox 2005 1278 2302 1356; x_wconf 87' lang='lat' dir='ltr'>pugnavit</span> <span class='ocrx_word' id='word_1_128' title='bbox 2335 1278 2730 1354; x_wconf 83' lang='lat' dir='ltr'>Serapion,</span> <span class='ocrx_word' id='word_1_129' title='bbox 2764 1278 2869 1353; x_wconf 89' lang='lat' dir='ltr'>qui</span> <span class='ocrx_word' id='word_1_130' title='bbox 2901 1277 3097 1337; x_wconf 89' lang='lat' dir='ltr'>unde-</span> 
     </span>
     <span class='ocr_line' id='line_1_13' title="bbox 477 1366 3098 1444; baseline -0 -16"><span class='ocrx_word' id='word_1_131' title='bbox 477 1369 639 1428; x_wconf 87' lang='lat' dir='ltr'>edita</span> <span class='ocrx_word' id='word_1_132' title='bbox 668 1367 827 1438; x_wconf 84' lang='lat' dir='ltr'>XIII,</span> <span class='ocrx_word' id='word_1_133' title='bbox 864 1377 1186 1432; x_wconf 82' lang='lat'>86-114,</span> <span class='ocrx_word' id='word_1_134' title='bbox 1234 1368 1424 1443; x_wconf 89' lang='lat' dir='ltr'>Opera</span> <span class='ocrx_word' id='word_1_135' title='bbox 1454 1366 1761 1443; x_wconf 89' lang='lat' dir='ltr'>deperdita</span> <span class='ocrx_word' id='word_1_136' title='bbox 1816 1368 1966 1427; x_wconf 90' lang='lat' dir='ltr'>cimo</span> <span class='ocrx_word' id='word_1_137' title='bbox 2001 1368 2303 1427; x_wconf 88' lang='lat' dir='ltr'>Commodi</span> <span class='ocrx_word' id='word_1_138' title='bbox 2333 1368 2475 1444; x_wconf 90' lang='lat' dir='ltr'>imp.</span> <span class='ocrx_word' id='word_1_139' title='bbox 2512 1387 2563 1426; x_wconf 89' lang='lat' dir='ltr'>a.</span> <span class='ocrx_word' id='word_1_140' title='bbox 2585 1367 2936 1427; x_wconf 87' lang='lat' dir='ltr'>Antiochiae</span> <span class='ocrx_word' id='word_1_141' title='bbox 2969 1367 3098 1444; x_wconf 89' lang='lat' dir='ltr'>epi-</span> 
     </span>
     <span class='ocr_line' id='line_1_14' title="bbox 477 1452 3098 1538; baseline -0.001 -21"><span class='ocrx_word' id='word_1_142' title='bbox 477 1460 745 1518; x_wconf 90' lang='lat' dir='ltr'>recenset</span> <span class='ocrx_word' id='word_1_143' title='bbox 776 1458 829 1515; x_wconf 82' lang='lat' dir='ltr'>K</span> <span class='ocrx_word' id='word_1_144' title='bbox 848 1464 936 1517; x_wconf 77' lang='lat' dir='ltr'>rii</span> <span class='ocrx_word' id='word_1_145' title='bbox 951 1476 1085 1534; x_wconf 89' lang='lat' dir='ltr'>ger</span> <span class='ocrx_word' id='word_1_146' title='bbox 1116 1453 1149 1523; x_wconf 66' lang='grc' dir='ltr'>ἓ</span> <span class='ocrx_word' id='word_1_147' title='bbox 1184 1466 1217 1521; x_wconf 87' lang='grc'>5</span> <span class='ocrx_word' id='word_1_148' title='bbox 1233 1467 1284 1519; x_wconf 83' lang='grc'><strong>2.</strong></span> <span class='ocrx_word' id='word_1_149' title='bbox 1502 1484 1505 1493; x_wconf 56' lang='lat'>&gt;</span> <span class='ocrx_word' id='word_1_150' title='bbox 1817 1476 2031 1533; x_wconf 89' lang='lat' dir='ltr'>scopus</span> <span class='ocrx_word' id='word_1_151' title='bbox 2045 1457 2355 1516; x_wconf 88' lang='lat' dir='ltr'>ordinatus</span> <span class='ocrx_word' id='word_1_152' title='bbox 2372 1453 2445 1537; x_wconf 91' lang='lat' dir='ltr'>(c.</span> <span class='ocrx_word' id='word_1_153' title='bbox 2466 1466 2719 1520; x_wconf 87' lang='grc'><strong>190-2</strong></span> <span class='ocrx_word' id='word_1_154' title='bbox 2731 1452 2838 1538; x_wconf 88' lang='grc'>03)</span> <span class='ocrx_word' id='word_1_155' title='bbox 2856 1457 3098 1533; x_wconf 80' lang='lat' dir='ltr'>scripsit</span> 
     </span>
     <span class='ocr_line' id='line_1_15' title="bbox 1816 1545 3100 1622; baseline 0 -18"><span class='ocrx_word' id='word_1_156' title='bbox 1816 1546 2127 1622; x_wconf 86' lang='lat' dir='ltr'>epistolam</span> <span class='ocrx_word' id='word_1_157' title='bbox 2158 1546 2230 1604; x_wconf 86' lang='lat' dir='ltr'>ad</span> <span class='ocrx_word' id='word_1_158' title='bbox 2262 1546 2531 1606; x_wconf 89' lang='lat' dir='ltr'>Caricum</span> <span class='ocrx_word' id='word_1_159' title='bbox 2562 1549 2625 1604; x_wconf 91' lang='lat' dir='ltr'>et</span> <span class='ocrx_word' id='word_1_160' title='bbox 2654 1546 2953 1616; x_wconf 88' lang='lat' dir='ltr'>Pontium,</span> <span class='ocrx_word' id='word_1_161' title='bbox 2999 1545 3100 1605; x_wconf 91' lang='lat' dir='ltr'>cui</span> 
     </span>
     <span class='ocr_line' id='line_1_16' title="bbox 574 1632 3098 1712; baseline -0.002 -14"><span class='ocrx_word' id='word_1_162' title='bbox 574 1644 674 1698; x_wconf 83' lang='lat'>44.</span> <span class='ocrx_word' id='word_1_163' title='bbox 704 1636 990 1712; x_wconf 84' lang='lat' dir='ltr'>Magistro</span> <span class='ocrx_word' id='word_1_164' title='bbox 1011 1635 1365 1709; x_wconf 83' lang='lat' dir='ltr'>subjicimus</span> <span class='ocrx_word' id='word_1_165' title='bbox 1397 1632 1759 1710; x_wconf 87' lang='lat' dir='ltr'>discipulum</span> <span class='ocrx_word' id='word_1_166' title='bbox 1816 1655 1910 1711; x_wconf 91' lang='lat' dir='ltr'>ep.</span> <span class='ocrx_word' id='word_1_167' title='bbox 1942 1634 2045 1693; x_wconf 88' lang='lat' dir='ltr'>alii</span> <span class='ocrx_word' id='word_1_168' title='bbox 2080 1635 2483 1710; x_wconf 73' lang='lat' dir='ltr'>subscripsere</span> <span class='ocrx_word' id='word_1_169' title='bbox 2528 1634 2806 1711; x_wconf 87' lang='lat' dir='ltr'>episcopi.</span> <span class='ocrx_word' id='word_1_170' title='bbox 2872 1635 3098 1704; x_wconf 87' lang='lat' dir='ltr'>‚Porro</span> 
     </span>
     <span class='ocr_line' id='line_1_17' title="bbox 479 1718 3098 1805; baseline 0 -22"><span class='ocrx_word' id='word_1_171' title='bbox 479 1720 823 1805; x_wconf 76' lang='lat' dir='ltr'>Cajum2),</span> <span class='ocrx_word' id='word_1_172' title='bbox 858 1725 1053 1782; x_wconf 87' lang='lat' dir='ltr'>virum</span> <span class='ocrx_word' id='word_1_173' title='bbox 1076 1723 1564 1782; x_wconf 90' lang='lat' dir='ltr'>dissertissimum</span> <span class='ocrx_word' id='word_1_174' title='bbox 1601 1718 1674 1804; x_wconf 83' lang='lat' dir='ltr'>(E</span> <span class='ocrx_word' id='word_1_175' title='bbox 1692 1742 1762 1781; x_wconf 88' lang='lat' dir='ltr'>u·</span> <span class='ocrx_word' id='word_1_176' title='bbox 1818 1723 2172 1799; x_wconf 87' lang='lat' dir='ltr'>Serapionis,</span> <span class='ocrx_word' id='word_1_177' title='bbox 2224 1724 2435 1783; x_wconf 89' lang='lat' dir='ltr'>scribit</span> <span class='ocrx_word' id='word_1_178' title='bbox 2477 1725 2868 1783; x_wconf 86' lang='lat' dir='ltr'>Eusebius</span> <span class='ocrx_word' id='word_1_179' title='bbox 2913 1724 2985 1782; x_wconf 88' lang='grc' dir='ltr'><strong>Η.</strong></span> <span class='ocrx_word' id='word_1_180' title='bbox 3033 1724 3098 1785; x_wconf 87' lang='grc' dir='ltr'><strong>Ε.</strong></span> 
     </span>
     <span class='ocr_line' id='line_1_18' title="bbox 487 1810 3100 1895; baseline -0.001 -23"><span class='ocrx_word' id='word_1_181' title='bbox 487 1814 754 1872; x_wconf 88' lang='lat' dir='ltr'>sebius</span> <span class='ocrx_word' id='word_1_182' title='bbox 800 1814 872 1873; x_wconf 87' lang='lat' dir='ltr'>H.</span> <span class='ocrx_word' id='word_1_183' title='bbox 905 1812 970 1875; x_wconf 87' lang='lat' dir='ltr'>E.</span> <span class='ocrx_word' id='word_1_184' title='bbox 1001 1812 1100 1883; x_wconf 90' lang='lat' dir='ltr'>VI,</span> <span class='ocrx_word' id='word_1_185' title='bbox 1145 1810 1274 1895; x_wconf 85' lang='lat'>20),</span> <span class='ocrx_word' id='word_1_186' title='bbox 1322 1812 1395 1871; x_wconf 89' lang='lat' dir='ltr'>de</span> <span class='ocrx_word' id='word_1_187' title='bbox 1441 1830 1561 1887; x_wconf 90' lang='lat' dir='ltr'>quo</span> <span class='ocrx_word' id='word_1_188' title='bbox 1592 1811 1762 1871; x_wconf 90' lang='lat' dir='ltr'>Hie·</span> <span class='ocrx_word' id='word_1_189' title='bbox 1817 1812 1915 1883; x_wconf 90' lang='lat' dir='ltr'>VI,</span> <span class='ocrx_word' id='word_1_190' title='bbox 1960 1822 2055 1883; x_wconf 85' lang='lat'>12,</span> <span class='ocrx_word' id='word_1_191' title='bbox 2106 1813 2299 1871; x_wconf 88' lang='lat' dir='ltr'>multa</span> <span class='ocrx_word' id='word_1_192' title='bbox 2347 1813 2588 1888; x_wconf 90' lang='lat' dir='ltr'>quidem</span> <span class='ocrx_word' id='word_1_193' title='bbox 2638 1813 2755 1871; x_wconf 90' lang='lat' dir='ltr'>alia</span> <span class='ocrx_word' id='word_1_194' title='bbox 2799 1813 3100 1872; x_wconf 88' lang='lat' dir='ltr'>doctrinae</span> 
     </span>
     <span class='ocr_line' id='line_1_19' title="bbox 478 1901 3100 1978; baseline -0 -18"><span class='ocrx_word' id='word_1_195' title='bbox 478 1921 609 1961; x_wconf 91' lang='lat' dir='ltr'>ron</span> <span class='ocrx_word' id='word_1_196' title='bbox 626 1919 842 1978; x_wconf 82' lang='lat' dir='ltr'>ymus</span> <span class='ocrx_word' id='word_1_197' title='bbox 875 1919 921 1959; x_wconf 92' lang='lat' dir='ltr'>c.</span> <span class='ocrx_word' id='word_1_198' title='bbox 957 1911 1037 1964; x_wconf 87' lang='grc'>59</span> <span class='ocrx_word' id='word_1_199' title='bbox 1060 1904 1383 1977; x_wconf 87' lang='lat' dir='ltr'>praeeunte</span> <span class='ocrx_word' id='word_1_200' title='bbox 1401 1901 1607 1960; x_wconf 86' lang='lat' dir='ltr'>eodem</span> <span class='ocrx_word' id='word_1_201' title='bbox 1628 1901 1762 1959; x_wconf 89' lang='lat' dir='ltr'>Eu·</span> <span class='ocrx_word' id='word_1_202' title='bbox 1817 1906 2204 1961; x_wconf 87' lang='lat' dir='ltr'>monumenta</span> <span class='ocrx_word' id='word_1_203' title='bbox 2233 1919 2416 1977; x_wconf 88' lang='lat' dir='ltr'>penes</span> <span class='ocrx_word' id='word_1_204' title='bbox 2461 1903 2610 1961; x_wconf 91' lang='lat' dir='ltr'>alios</span> <span class='ocrx_word' id='word_1_205' title='bbox 2648 1905 2880 1961; x_wconf 82' lang='lat' dir='ltr'>exstare</span> <span class='ocrx_word' id='word_1_206' title='bbox 2911 1902 3100 1961; x_wconf 89' lang='lat' dir='ltr'>credi-</span> 
     </span>
     <span class='ocr_line' id='line_1_20' title="bbox 481 1989 3102 2061; baseline -0.001 -11"><span class='ocrx_word' id='word_1_207' title='bbox 481 1992 698 2050; x_wconf 90' lang='lat' dir='ltr'>sebio</span> <span class='ocrx_word' id='word_1_208' title='bbox 744 1990 817 2051; x_wconf 89' lang='grc' dir='ltr'><strong>Η.</strong></span> <span class='ocrx_word' id='word_1_209' title='bbox 848 1991 920 2049; x_wconf 88' lang='grc' dir='ltr'>Η.</span> <span class='ocrx_word' id='word_1_210' title='bbox 953 1990 1029 2061; x_wconf 92' lang='lat'>11,</span> <span class='ocrx_word' id='word_1_211' title='bbox 1069 1999 1167 2061; x_wconf 86' lang='lat'>25,</span> <span class='ocrx_word' id='word_1_212' title='bbox 1214 1991 1415 2059; x_wconf 84' lang='lat' dir='ltr'>refert,</span> <span class='ocrx_word' id='word_1_213' title='bbox 1464 2008 1601 2051; x_wconf 88' lang='lat' dir='ltr'>eum</span> <span class='ocrx_word' id='word_1_214' title='bbox 1647 1989 1763 2048; x_wconf 88' lang='lat' dir='ltr'>sub</span> <span class='ocrx_word' id='word_1_215' title='bbox 1816 1991 1938 2050; x_wconf 89' lang='lat' dir='ltr'>bile</span> <span class='ocrx_word' id='word_1_216' title='bbox 1969 1993 2076 2053; x_wconf 89' lang='lat' dir='ltr'>est.</span> <span class='ocrx_word' id='word_1_217' title='bbox 2140 1990 2224 2049; x_wconf 84' lang='lat' dir='ltr'>Ea</span> <span class='ocrx_word' id='word_1_218' title='bbox 2272 1994 2474 2050; x_wconf 87' lang='lat' dir='ltr'>tamen</span> <span class='ocrx_word' id='word_1_219' title='bbox 2522 1991 2597 2050; x_wconf 90' lang='lat' dir='ltr'>ad</span> <span class='ocrx_word' id='word_1_220' title='bbox 2646 2009 2757 2050; x_wconf 94' lang='lat' dir='ltr'>nos</span> <span class='ocrx_word' id='word_1_221' title='bbox 2790 1991 3102 2050; x_wconf 78' lang='lat' dir='ltr'>dumtaxat</span> 
     </span>
     <span class='ocr_line' id='line_1_21' title="bbox 482 2079 3102 2156; baseline -0.001 -17"><span class='ocrx_word' id='word_1_222' title='bbox 482 2079 811 2156; x_wconf 82' lang='lat' dir='ltr'>Zephyrino</span> <span class='ocrx_word' id='word_1_223' title='bbox 886 2097 1161 2138; x_wconf 88' lang='lat' dir='ltr'>romanae</span> <span class='ocrx_word' id='word_1_224' title='bbox 1236 2080 1408 2137; x_wconf 89' lang='lat' dir='ltr'>urbis</span> <span class='ocrx_word' id='word_1_225' title='bbox 1482 2079 1761 2154; x_wconf 91' lang='lat' dir='ltr'>episcopo</span> <span class='ocrx_word' id='word_1_226' title='bbox 1816 2082 2237 2155; x_wconf 86' lang='lat' dir='ltr'>pervenerunt,</span> <span class='ocrx_word' id='word_1_227' title='bbox 2285 2099 2436 2156; x_wconf 89' lang='lat' dir='ltr'>quae</span> <span class='ocrx_word' id='word_1_228' title='bbox 2468 2080 2709 2156; x_wconf 87' lang='lat' dir='ltr'>scripsit</span> <span class='ocrx_word' id='word_1_229' title='bbox 2750 2080 2838 2153; x_wconf 32' lang='lat' dir='ltr'>ad,</span> <span class='ocrx_word' id='word_1_230' title='bbox 2858 2079 3102 2139; x_wconf 90' lang='lat' dir='ltr'>Domni-</span> 
     </span>
     <span class='ocr_line' id='line_1_22' title="bbox 481 2168 3100 2245; baseline 0 -18"><span class='ocrx_word' id='word_1_231' title='bbox 481 2168 946 2245; x_wconf 86' lang='lat' dir='ltr'>disputationem</span> <span class='ocrx_word' id='word_1_232' title='bbox 1035 2169 1316 2229; x_wconf 87' lang='lat' dir='ltr'>adversus</span> <span class='ocrx_word' id='word_1_233' title='bbox 1401 2168 1626 2227; x_wconf 90' lang='lat' dir='ltr'>Procl</span> <span class='ocrx_word' id='word_1_234' title='bbox 1646 2187 1760 2226; x_wconf 87' lang='lat' dir='ltr'>um</span> <span class='ocrx_word' id='word_1_235' title='bbox 1817 2189 1961 2228; x_wconf 89' lang='lat' dir='ltr'>num</span> <span class='ocrx_word' id='word_1_236' title='bbox 1995 2169 2310 2243; x_wconf 86' lang='lat' dir='ltr'>quendam,</span> <span class='ocrx_word' id='word_1_237' title='bbox 2343 2169 2450 2244; x_wconf 90' lang='lat' dir='ltr'>qui</span> <span class='ocrx_word' id='word_1_238' title='bbox 2483 2169 2916 2244; x_wconf 84' lang='lat' dir='ltr'>persecutionis</span> <span class='ocrx_word' id='word_1_239' title='bbox 2947 2171 3100 2228; x_wconf 92' lang='lat' dir='ltr'>tem-</span> 
     </span>
     <span class='ocr_line' id='line_1_23' title="bbox 482 2256 3099 2333; baseline 0 -18"><span class='ocrx_word' id='word_1_240' title='bbox 482 2256 749 2315; x_wconf 85' lang='lat' dir='ltr'>Montani</span> <span class='ocrx_word' id='word_1_241' title='bbox 810 2259 1161 2315; x_wconf 80' lang='lat' dir='ltr'>sectatorem</span> <span class='ocrx_word' id='word_1_242' title='bbox 1223 2256 1396 2316; x_wconf 72' lang='lat' dir='ltr'>valde</span> <span class='ocrx_word' id='word_1_243' title='bbox 1459 2258 1758 2333; x_wconf 84' lang='lat' dir='ltr'>insignem</span> <span class='ocrx_word' id='word_1_244' title='bbox 1817 2277 1961 2333; x_wconf 91' lang='lat' dir='ltr'>pore</span> <span class='ocrx_word' id='word_1_245' title='bbox 1992 2278 2026 2316; x_wconf 88' lang='lat' dir='ltr'>a</span> <span class='ocrx_word' id='word_1_246' title='bbox 2056 2257 2169 2316; x_wconf 85' lang='lat' dir='ltr'>fide</span> <span class='ocrx_word' id='word_1_247' title='bbox 2202 2258 2424 2316; x_wconf 86' lang='lat' dir='ltr'>Christi</span> <span class='ocrx_word' id='word_1_248' title='bbox 2474 2259 2547 2316; x_wconf 88' lang='lat' dir='ltr'>ad</span> <span class='ocrx_word' id='word_1_249' title='bbox 2579 2258 2617 2316; x_wconf 85' lang='lat' dir='ltr'><strong>J</strong></span> <span class='ocrx_word' id='word_1_250' title='bbox 2623 2260 2945 2317; x_wconf 87' lang='lat' dir='ltr'>udaeorum</span> <span class='ocrx_word' id='word_1_251' title='bbox 2997 2276 3099 2316; x_wconf 90' lang='lat' dir='ltr'>su-</span> 
     </span>
     <span class='ocr_line' id='line_1_24' title="bbox 480 2346 3103 2421; baseline 0 -17"><span class='ocrx_word' id='word_1_252' title='bbox 480 2346 776 2415; x_wconf 84' lang='lat' dir='ltr'>habuisse,</span> <span class='ocrx_word' id='word_1_253' title='bbox 826 2346 888 2403; x_wconf 90' lang='lat' dir='ltr'>in</span> <span class='ocrx_word' id='word_1_254' title='bbox 925 2364 1043 2420; x_wconf 90' lang='lat' dir='ltr'>qua</span> <span class='ocrx_word' id='word_1_255' title='bbox 1092 2365 1229 2405; x_wconf 91' lang='lat' dir='ltr'>eum</span> <span class='ocrx_word' id='word_1_256' title='bbox 1276 2346 1635 2405; x_wconf 84' lang='lat' dir='ltr'>temeritatis</span> <span class='ocrx_word' id='word_1_257' title='bbox 1668 2365 1761 2403; x_wconf 88' lang='lat' dir='ltr'>ar·</span> <span class='ocrx_word' id='word_1_258' title='bbox 1816 2347 2228 2421; x_wconf 86' lang='lat' dir='ltr'>perstitionem</span> <span class='ocrx_word' id='word_1_259' title='bbox 2261 2346 2591 2406; x_wconf 89' lang='lat' dir='ltr'>desciverat</span> <span class='ocrx_word' id='word_1_260' title='bbox 2623 2392 2636 2404; x_wconf 92' lang='lat'><strong>.</strong></span> <span class='ocrx_word' id='word_1_261' title='bbox 2668 2391 2682 2405; x_wconf 90' lang='lat'><strong>.</strong></span> <span class='ocrx_word' id='word_1_262' title='bbox 2714 2389 2730 2405; x_wconf 92' lang='lat'><strong>.</strong></span> <span class='ocrx_word' id='word_1_263' title='bbox 2773 2346 2923 2406; x_wconf 86' lang='lat' dir='ltr'>aliae</span> <span class='ocrx_word' id='word_1_264' title='bbox 2953 2365 3103 2421; x_wconf 88' lang='lat' dir='ltr'>quo-</span> 
     </span>
     <span class='ocr_line' id='line_1_25' title="bbox 480 2434 3102 2513; baseline -0 -19"><span class='ocrx_word' id='word_1_265' title='bbox 480 2436 617 2513; x_wconf 86' lang='lat' dir='ltr'>guit</span> <span class='ocrx_word' id='word_1_266' title='bbox 648 2453 828 2510; x_wconf 90' lang='lat' dir='ltr'>super</span> <span class='ocrx_word' id='word_1_267' title='bbox 847 2453 1002 2492; x_wconf 91' lang='lat' dir='ltr'>nova</span> <span class='ocrx_word' id='word_1_268' title='bbox 1035 2435 1345 2511; x_wconf 87' lang='lat' dir='ltr'>prophetia</span> <span class='ocrx_word' id='word_1_269' title='bbox 1376 2434 1759 2503; x_wconf 86' lang='lat' dir='ltr'>defendenda,</span> <span class='ocrx_word' id='word_1_270' title='bbox 1816 2455 1934 2511; x_wconf 88' lang='lat' dir='ltr'>que</span> <span class='ocrx_word' id='word_1_271' title='bbox 1965 2436 2038 2495; x_wconf 88' lang='lat' dir='ltr'>ad</span> <span class='ocrx_word' id='word_1_272' title='bbox 2070 2436 2217 2497; x_wconf 89' lang='lat' dir='ltr'>alios</span> <span class='ocrx_word' id='word_1_273' title='bbox 2248 2436 2553 2511; x_wconf 87' lang='lat' dir='ltr'>epistolae.</span> <span class='ocrx_word' id='word_1_274' title='bbox 2616 2437 2928 2494; x_wconf 87' lang='lat' dir='ltr'>Praeterea</span> <span class='ocrx_word' id='word_1_275' title='bbox 2957 2435 2996 2497; x_wconf 91' lang='lat' dir='ltr'>l.</span> <span class='ocrx_word' id='word_1_276' title='bbox 3027 2434 3102 2493; x_wconf 89' lang='lat' dir='ltr'>de</span> 
     </span>
     <span class='ocr_line' id='line_1_26' title="bbox 480 2523 3104 2602; baseline -0 -18"><span class='ocrx_word' id='word_1_277' title='bbox 480 2524 790 2602; x_wconf 80' lang='lat' dir='ltr'>opiniones</span> <span class='ocrx_word' id='word_1_278' title='bbox 840 2523 1020 2582; x_wconf 87' lang='lat' dir='ltr'>etiam</span> <span class='ocrx_word' id='word_1_279' title='bbox 1070 2524 1428 2583; x_wconf 85' lang='lat' dir='ltr'>chiliasticas</span> <span class='ocrx_word' id='word_1_280' title='bbox 1482 2523 1764 2599; x_wconf 83' lang='lat' dir='ltr'>reprobat</span> <span class='ocrx_word' id='word_1_281' title='bbox 1819 2525 2143 2602; x_wconf 83' lang='lat' dir='ltr'>Evangelio</span> <span class='ocrx_word' id='word_1_282' title='bbox 2176 2524 2359 2595; x_wconf 89' lang='lat' dir='ltr'>Petri,</span> <span class='ocrx_word' id='word_1_283' title='bbox 2393 2543 2545 2600; x_wconf 88' lang='lat' dir='ltr'>quae</span> <span class='ocrx_word' id='word_1_284' title='bbox 2577 2525 2638 2583; x_wconf 91' lang='lat' dir='ltr'>in</span> <span class='ocrx_word' id='word_1_285' title='bbox 2672 2543 2741 2584; x_wconf 89' lang='lat' dir='ltr'>eo</span> <span class='ocrx_word' id='word_1_286' title='bbox 2763 2524 2912 2586; x_wconf 85' lang='lat' dir='ltr'>falsa</span> <span class='ocrx_word' id='word_1_287' title='bbox 2931 2528 3104 2584; x_wconf 86' lang='lat' dir='ltr'>erant</span> 
     </span>
     <span class='ocr_line' id='line_1_27' title="bbox 480 2613 3105 2692; baseline -0 -19"><span class='ocrx_word' id='word_1_288' title='bbox 480 2613 1679 2689; x_wconf 74' lang='lat' dir='ltr'>atquepraeclarumproferttestimonium</span> <span class='ocrx_word' id='word_1_289' title='bbox 1692 2614 1763 2672; x_wconf 91' lang='lat' dir='ltr'>de</span> <span class='ocrx_word' id='word_1_290' title='bbox 1818 2633 2164 2692; x_wconf 85' lang='lat' dir='ltr'>coarguens.</span> <span class='ocrx_word' id='word_1_291' title='bbox 2198 2614 2385 2683; x_wconf 85' lang='lat' dir='ltr'>Quem</span> <span class='ocrx_word' id='word_1_292' title='bbox 2417 2614 2661 2690; x_wconf 88' lang='lat' dir='ltr'>quidem</span> <span class='ocrx_word' id='word_1_293' title='bbox 2693 2615 2731 2677; x_wconf 92' lang='lat' dir='ltr'>l.</span> <span class='ocrx_word' id='word_1_294' title='bbox 2765 2613 3105 2691; x_wconf 87' lang='lat' dir='ltr'>composuit</span> 
     </span>
     <span class='ocr_line' id='line_1_28' title="bbox 486 2702 3104 2781; baseline 0 -20"><span class='ocrx_word' id='word_1_295' title='bbox 486 2703 772 2779; x_wconf 86' lang='lat' dir='ltr'>sepulcris</span> <span class='ocrx_word' id='word_1_296' title='bbox 803 2722 894 2778; x_wconf 88' lang='lat' dir='ltr'>ap.</span> <span class='ocrx_word' id='word_1_297' title='bbox 929 2704 1092 2762; x_wconf 84' lang='lat' dir='ltr'>Petri</span> <span class='ocrx_word' id='word_1_298' title='bbox 1126 2705 1187 2761; x_wconf 89' lang='lat' dir='ltr'>et</span> <span class='ocrx_word' id='word_1_299' title='bbox 1220 2702 1410 2776; x_wconf 78' lang='lat' dir='ltr'>Pauli,</span> <span class='ocrx_word' id='word_1_300' title='bbox 1464 2721 1615 2778; x_wconf 89' lang='lat' dir='ltr'>quae</span> <span class='ocrx_word' id='word_1_301' title='bbox 1647 2703 1762 2760; x_wconf 86' lang='lat' dir='ltr'>Ro·</span> <span class='ocrx_word' id='word_1_302' title='bbox 1817 2704 1881 2762; x_wconf 94' lang='lat' dir='ltr'>in</span> <span class='ocrx_word' id='word_1_303' title='bbox 1931 2704 2183 2781; x_wconf 81' lang='lat' dir='ltr'>gratiam</span> <span class='ocrx_word' id='word_1_304' title='bbox 2246 2704 2617 2779; x_wconf 89' lang='lat' dir='ltr'>quorundam</span> <span class='ocrx_word' id='word_1_305' title='bbox 2663 2723 2732 2762; x_wconf 86' lang='lat' dir='ltr'>ex</span> <span class='ocrx_word' id='word_1_306' title='bbox 2778 2703 3104 2762; x_wconf 86' lang='lat' dir='ltr'>Rhossensi</span> 
     </span>
     <span class='ocr_line' id='line_1_29' title="bbox 484 2785 3103 2872; baseline 0 -21"><span class='ocrx_word' id='word_1_307' title='bbox 484 2810 612 2851; x_wconf 89' lang='lat' dir='ltr'>mae</span> <span class='ocrx_word' id='word_1_308' title='bbox 644 2792 996 2850; x_wconf 87' lang='lat' dir='ltr'>visebantur</span> <span class='ocrx_word' id='word_1_309' title='bbox 1027 2792 1210 2868; x_wconf 89' lang='lat' dir='ltr'>(apud</span> <span class='ocrx_word' id='word_1_310' title='bbox 1235 2791 1563 2851; x_wconf 87' lang='lat' dir='ltr'>Eusebium</span> <span class='ocrx_word' id='word_1_311' title='bbox 1595 2791 1632 2854; x_wconf 94' lang='lat' dir='ltr'>l.</span> <span class='ocrx_word' id='word_1_312' title='bbox 1665 2785 1762 2872; x_wconf 89' lang='lat' dir='ltr'>c.).</span> <span class='ocrx_word' id='word_1_313' title='bbox 1819 2793 2106 2866; x_wconf 85' lang='lat' dir='ltr'>paroecia,</span> <span class='ocrx_word' id='word_1_314' title='bbox 2140 2792 2247 2867; x_wconf 91' lang='lat' dir='ltr'>qui</span> <span class='ocrx_word' id='word_1_315' title='bbox 2279 2793 2581 2851; x_wconf 83' lang='lat' dir='ltr'>occasione</span> <span class='ocrx_word' id='word_1_316' title='bbox 2607 2792 2776 2851; x_wconf 87' lang='lat' dir='ltr'>illius</span> <span class='ocrx_word' id='word_1_317' title='bbox 2806 2792 3103 2869; x_wconf 85' lang='lat' dir='ltr'>evangelii</span> 
     </span>
     <span class='ocr_line' id='line_1_30' title="bbox 486 2880 3103 2957; baseline 0.001 -19"><span class='ocrx_word' id='word_1_318' title='bbox 486 2881 655 2939; x_wconf 87' lang='lat' dir='ltr'>Nihil</span> <span class='ocrx_word' id='word_1_319' title='bbox 685 2883 989 2956; x_wconf 87' lang='lat' dir='ltr'>praeterea</span> <span class='ocrx_word' id='word_1_320' title='bbox 1020 2881 1094 2940; x_wconf 90' lang='lat' dir='ltr'>de</span> <span class='ocrx_word' id='word_1_321' title='bbox 1124 2882 1255 2956; x_wconf 92' lang='lat' dir='ltr'>ipso</span> <span class='ocrx_word' id='word_1_322' title='bbox 1272 2881 1512 2951; x_wconf 67' lang='lat' dir='ltr'>scimm,</span> <span class='ocrx_word' id='word_1_323' title='bbox 1545 2881 1763 2957; x_wconf 86' lang='lat' dir='ltr'>vixque</span> <span class='ocrx_word' id='word_1_324' title='bbox 1819 2880 1893 2938; x_wconf 87' lang='lat' dir='ltr'>ad</span> <span class='ocrx_word' id='word_1_325' title='bbox 1927 2880 2259 2940; x_wconf 90' lang='lat' dir='ltr'>doctrinam</span> <span class='ocrx_word' id='word_1_326' title='bbox 2293 2901 2327 2939; x_wconf 88' lang='lat' dir='ltr'>a</span> <span class='ocrx_word' id='word_1_327' title='bbox 2357 2884 2518 2940; x_wconf 88' lang='lat' dir='ltr'>recta</span> <span class='ocrx_word' id='word_1_328' title='bbox 2567 2881 2682 2939; x_wconf 88' lang='lat' dir='ltr'>fide</span> <span class='ocrx_word' id='word_1_329' title='bbox 2714 2882 2966 2940; x_wconf 85' lang='lat' dir='ltr'>alienam</span> <span class='ocrx_word' id='word_1_330' title='bbox 2999 2881 3103 2940; x_wconf 86' lang='lat' dir='ltr'>de-</span> 
     </span>
     <span class='ocr_line' id='line_1_31' title="bbox 482 2965 3104 3052; baseline -0 -23"><span class='ocrx_word' id='word_1_331' title='bbox 482 2970 687 3046; x_wconf 88' lang='lat' dir='ltr'>aliqua</span> <span class='ocrx_word' id='word_1_332' title='bbox 707 2971 1067 3046; x_wconf 89' lang='lat' dir='ltr'>scriptorum</span> <span class='ocrx_word' id='word_1_333' title='bbox 1087 2970 1420 3046; x_wconf 85' lang='lat' dir='ltr'>fragmenta</span> <span class='ocrx_word' id='word_1_334' title='bbox 1439 2973 1767 3044; x_wconf 81' lang='lat' dir='ltr'>supersunt</span> <span class='ocrx_word' id='word_1_335' title='bbox 1819 2965 2266 3052; x_wconf 72' lang='lat' dir='ltr'>clinaverantl).</span> <span class='ocrx_word' id='word_1_336' title='bbox 2283 2978 2310 3008; x_wconf 81' lang='lat'>‘</span> <span class='ocrx_word' id='word_1_337' title='bbox 2372 2971 2566 3029; x_wconf 88' lang='lat' dir='ltr'>Pauca</span> <span class='ocrx_word' id='word_1_338' title='bbox 2595 2971 2927 3047; x_wconf 79' lang='lat' dir='ltr'>fragmenta</span> <span class='ocrx_word' id='word_1_339' title='bbox 2958 2970 3104 3029; x_wconf 89' lang='lat' dir='ltr'>scri·</span> 
     </span>
     <span class='ocr_line' id='line_1_32' title="bbox 482 3058 3105 3134; baseline -0 -17"><span class='ocrx_word' id='word_1_340' title='bbox 482 3077 667 3134; x_wconf 85' lang='lat' dir='ltr'>penes</span> <span class='ocrx_word' id='word_1_341' title='bbox 700 3058 952 3117; x_wconf 86' lang='lat' dir='ltr'>Routh</span> <span class='ocrx_word' id='word_1_342' title='bbox 985 3059 1275 3134; x_wconf 89' lang='lat' dir='ltr'>reliquiae</span> <span class='ocrx_word' id='word_1_343' title='bbox 1296 3059 1473 3130; x_wconf 80' lang='lat' dir='ltr'>s.H²,</span> <span class='ocrx_word' id='word_1_344' title='bbox 1501 3068 1763 3128; x_wconf 81' lang='lat'>123-583</span> <span class='ocrx_word' id='word_1_345' title='bbox 1820 3062 2060 3134; x_wconf 89' lang='lat' dir='ltr'>ptorum</span> <span class='ocrx_word' id='word_1_346' title='bbox 2136 3061 2265 3133; x_wconf 88' lang='lat' dir='ltr'>ejus</span> <span class='ocrx_word' id='word_1_347' title='bbox 2326 3059 2572 3119; x_wconf 87' lang='lat' dir='ltr'>collecta</span> <span class='ocrx_word' id='word_1_348' title='bbox 2631 3060 2891 3134; x_wconf 89' lang='lat' dir='ltr'>reperies</span> <span class='ocrx_word' id='word_1_349' title='bbox 2942 3059 3105 3134; x_wconf 89' lang='lat' dir='ltr'>apud</span> 
     </span>
     <span class='ocr_line' id='line_1_33' title="bbox 485 3147 3104 3226; baseline 0.001 -20"><span class='ocrx_word' id='word_1_350' title='bbox 485 3148 732 3224; x_wconf 84' lang='lat' dir='ltr'>Migne</span> <span class='ocrx_word' id='word_1_351' title='bbox 778 3149 995 3214; x_wconf 80' lang='lat' dir='ltr'>Patrol,</span> <span class='ocrx_word' id='word_1_352' title='bbox 1043 3168 1130 3226; x_wconf 85' lang='lat' dir='ltr'>gr.</span> <span class='ocrx_word' id='word_1_353' title='bbox 1175 3149 1243 3218; x_wconf 84' lang='lat' dir='ltr'>X,</span> <span class='ocrx_word' id='word_1_354' title='bbox 1294 3158 1574 3211; x_wconf 85' lang='lat'><strong>25—36.</strong></span> <span class='ocrx_word' id='word_1_355' title='bbox 1636 3148 1688 3205; x_wconf 88' lang='lat' dir='ltr'>A</span> <span class='ocrx_word' id='word_1_356' title='bbox 1721 3166 1768 3209; x_wconf 89' lang='lat' dir='ltr'>s.</span> <span class='ocrx_word' id='word_1_357' title='bbox 1823 3149 2071 3207; x_wconf 84' lang='lat' dir='ltr'>Routh</span> <span class='ocrx_word' id='word_1_358' title='bbox 2147 3148 2455 3223; x_wconf 87' lang='lat' dir='ltr'>Reliquiae</span> <span class='ocrx_word' id='word_1_359' title='bbox 2514 3168 2559 3206; x_wconf 84' lang='lat'>8.</span> <span class='ocrx_word' id='word_1_360' title='bbox 2620 3147 2701 3218; x_wconf 77' lang='lat'>1²,</span> <span class='ocrx_word' id='word_1_361' title='bbox 2779 3157 3104 3217; x_wconf 79' lang='lat'>447-62‚</span> 
     </span>
     <span class='ocr_line' id='line_1_34' title="bbox 486 3236 2791 3314; baseline 0 -19"><span class='ocrx_word' id='word_1_362' title='bbox 486 3237 919 3313; x_wconf 82' lang='lat' dir='ltr'>Hippolyto</span> <span class='ocrx_word' id='word_1_363' title='bbox 1008 3237 1396 3314; x_wconf 83' lang='lat' dir='ltr'>impugnatus</span> <span class='ocrx_word' id='word_1_364' title='bbox 1473 3236 1593 3294; x_wconf 83' lang='lat' dir='ltr'>fuit</span> <span class='ocrx_word' id='word_1_365' title='bbox 1669 3236 1767 3313; x_wconf 82' lang='lat' dir='ltr'>(cf.</span> <span class='ocrx_word' id='word_1_366' title='bbox 1823 3237 2076 3313; x_wconf 83' lang='lat' dir='ltr'>Migne</span> <span class='ocrx_word' id='word_1_367' title='bbox 2109 3237 2170 3298; x_wconf 90' lang='lat' dir='ltr'>P.</span> <span class='ocrx_word' id='word_1_368' title='bbox 2202 3257 2294 3312; x_wconf 80' lang='lat' dir='ltr'>gr.</span> <span class='ocrx_word' id='word_1_369' title='bbox 2323 3237 2389 3306; x_wconf 89' lang='lat' dir='ltr'>V,</span> <span class='ocrx_word' id='word_1_370' title='bbox 2432 3245 2791 3304; x_wconf 78' lang='lat'>1371—-76,</span> 
     </span>
     <span class='ocr_line' id='line_1_35' title="bbox 487 3325 1767 3403; baseline 0 -20"><span class='ocrx_word' id='word_1_371' title='bbox 487 3346 542 3400; x_wconf 85' lang='lat' dir='ltr'>p.</span> <span class='ocrx_word' id='word_1_372' title='bbox 594 3325 720 3402; x_wconf 83' lang='lat'>64),</span> <span class='ocrx_word' id='word_1_373' title='bbox 772 3326 933 3401; x_wconf 90' lang='lat' dir='ltr'>quod</span> <span class='ocrx_word' id='word_1_374' title='bbox 979 3326 1381 3403; x_wconf 82' lang='lat' dir='ltr'>Apocalypsin</span> <span class='ocrx_word' id='word_1_375' title='bbox 1425 3342 1470 3386; x_wconf 92' lang='lat' dir='ltr'>s.</span> <span class='ocrx_word' id='word_1_376' title='bbox 1516 3325 1767 3384; x_wconf 88' lang='lat' dir='ltr'>Joannis</span> 
     </span>
     <span class='ocr_line' id='line_1_36' title="bbox 484 3409 3108 3495; baseline 0 -24"><span class='ocrx_word' id='word_1_377' title='bbox 484 3414 764 3472; x_wconf 88' lang='lat' dir='ltr'>Cerintho</span> <span class='ocrx_word' id='word_1_378' title='bbox 795 3409 1162 3495; x_wconf 65' lang='lat' dir='ltr'>tribueritss).</span> <span class='ocrx_word' id='word_1_379' title='bbox 1195 3413 1525 3489; x_wconf 87' lang='lat' dir='ltr'>Epistolam</span> <span class='ocrx_word' id='word_1_380' title='bbox 1546 3414 1618 3471; x_wconf 89' lang='lat' dir='ltr'>ad</span> <span class='ocrx_word' id='word_1_381' title='bbox 1651 3414 1768 3471; x_wconf 89' lang='lat' dir='ltr'>He·</span> <span class='ocrx_word' id='word_1_382' title='bbox 1918 3425 2016 3476; x_wconf 85' lang='lat'>46.</span> <span class='ocrx_word' id='word_1_383' title='bbox 2052 3415 2502 3485; x_wconf 83' lang='lat' dir='ltr'>,Malchion,</span> <span class='ocrx_word' id='word_1_384' title='bbox 2525 3414 2980 3474; x_wconf 81' lang='lat' dir='ltr'>dissertissimus</span> <span class='ocrx_word' id='word_1_385' title='bbox 3001 3432 3108 3472; x_wconf 89' lang='lat' dir='ltr'>an·</span> 
     </span>
     <span class='ocr_line' id='line_1_37' title="bbox 1823 3503 3109 3581; baseline 0.001 -21"><span class='ocrx_word' id='word_1_386' title='bbox 1823 3503 2131 3562; x_wconf 84' lang='lat' dir='ltr'>tiochenae</span> <span class='ocrx_word' id='word_1_387' title='bbox 2178 3504 2455 3562; x_wconf 89' lang='lat' dir='ltr'>ecclesiae</span> <span class='ocrx_word' id='word_1_388' title='bbox 2503 3505 2833 3581; x_wconf 78' lang='lat' dir='ltr'>presbyter,</span> <span class='ocrx_word' id='word_1_389' title='bbox 2884 3504 3109 3579; x_wconf 87' lang='lat' dir='ltr'>quippe</span> 
     </span>
     <span class='ocr_line' id='line_1_38' title="bbox 565 3592 3110 3690; baseline 0 -18"><span class='ocrx_word' id='word_1_390' title='bbox 565 3622 600 3690; x_wconf 75' lang='grc' dir='ltr'>ι)</span> <span class='ocrx_word' id='word_1_391' title='bbox 629 3618 712 3674; x_wconf 81' lang='lat' dir='ltr'>cf.</span> <span class='ocrx_word' id='word_1_392' title='bbox 742 3619 885 3672; x_wconf 71' lang='lat' dir='ltr'>nist.</span> <span class='ocrx_word' id='word_1_393' title='bbox 928 3619 1014 3673; x_wconf 73' lang='lat' dir='ltr'>ut.</span> <span class='ocrx_word' id='word_1_394' title='bbox 1044 3621 1081 3673; x_wconf 91' lang='lat'>1.</span> <span class='ocrx_word' id='word_1_395' title='bbox 1109 3638 1155 3673; x_wconf 73' lang='grc' dir='ltr'><strong>ο.</strong></span> <span class='ocrx_word' id='word_1_396' title='bbox 1184 3640 1239 3690; x_wconf 79' lang='lat' dir='ltr'>p.</span> <span class='ocrx_word' id='word_1_397' title='bbox 1268 3625 1531 3676; x_wconf 79' lang='lat'><strong>290-94.</strong></span> <span class='ocrx_word' id='word_1_398' title='bbox 1584 3621 1770 3689; x_wconf 77' lang='lat' dir='ltr'>opera</span> <span class='ocrx_word' id='word_1_399' title='bbox 1828 3592 1934 3666; x_wconf 80' lang='lat' dir='ltr'>qui</span> <span class='ocrx_word' id='word_1_400' title='bbox 1966 3592 2030 3652; x_wconf 65' lang='lat'>5¹1</span> <span class='ocrx_word' id='word_1_401' title='bbox 2060 3593 2262 3651; x_wconf 78' lang='lat' dir='ltr'>eadem</span> <span class='ocrx_word' id='word_1_402' title='bbox 2311 3594 2460 3651; x_wconf 82' lang='lat' dir='ltr'>urbe</span> <span class='ocrx_word' id='word_1_403' title='bbox 2505 3593 2862 3652; x_wconf 75' lang='lat' dir='ltr'>rhetoricam</span> <span class='ocrx_word' id='word_1_404' title='bbox 2892 3593 3110 3651; x_wconf 64' lang='lat' dir='ltr'>fl0r211·</span> 
     </span>
     <span class='ocr_line' id='line_1_39' title="bbox 484 3681 3110 3759; baseline 0 -17"><span class='ocrx_word' id='word_1_405' title='bbox 484 3689 784 3759; x_wconf 86' lang='lat' dir='ltr'>deperdita</span> <span class='ocrx_word' id='word_1_406' title='bbox 813 3691 1030 3744; x_wconf 80' lang='lat' dir='ltr'>Irenaei</span> <span class='ocrx_word' id='word_1_407' title='bbox 1055 3694 1310 3745; x_wconf 82' lang='lat' dir='ltr'>recenset</span> <span class='ocrx_word' id='word_1_408' title='bbox 1350 3691 1700 3744; x_wconf 72' lang='lat' dir='ltr'>Har-nack</span> <span class='ocrx_word' id='word_1_409' title='bbox 1727 3692 1770 3756; x_wconf 90' lang='grc' dir='ltr'>Ι,</span> <span class='ocrx_word' id='word_1_410' title='bbox 1826 3681 2053 3739; x_wconf 66' lang='lat' dir='ltr'>tissime</span> <span class='ocrx_word' id='word_1_411' title='bbox 2103 3682 2404 3753; x_wconf 76' lang='lat' dir='ltr'>docuerat,</span> <span class='ocrx_word' id='word_1_412' title='bbox 2454 3682 2733 3740; x_wconf 76' lang='lat' dir='ltr'>adversus</span> <span class='ocrx_word' id='word_1_413' title='bbox 2784 3681 3110 3739; x_wconf 77' lang='lat' dir='ltr'>Paulum</span> 
     </span>
     <span class='ocr_line' id='line_1_40' title="bbox 480 3766 3112 3846; baseline 0 -18"><span class='ocrx_word' id='word_1_414' title='bbox 480 3766 790 3841; x_wconf 53' lang='lat'>263—288.</span> <span class='ocrx_word' id='word_1_415' title='bbox 830 3832 840 3842; x_wconf 68' lang='grc'>,</span> <span class='ocrx_word' id='word_1_416' title='bbox 1829 3773 2291 3841; x_wconf 87' lang='lat' dir='ltr'>samosatenum,</span> <span class='ocrx_word' id='word_1_417' title='bbox 2339 3771 2467 3846; x_wconf 85' lang='lat' dir='ltr'>qui,</span> <span class='ocrx_word' id='word_1_418' title='bbox 2509 3771 2893 3829; x_wconf 87' lang='lat' dir='ltr'>antiochenae</span> <span class='ocrx_word' id='word_1_419' title='bbox 2924 3769 3112 3829; x_wconf 81' lang='lat' dir='ltr'>eccle-</span> 
     </span>
     <span class='ocr_line' id='line_1_41' title="bbox 564 3832 3112 3936; baseline 0.001 -22"><span class='ocrx_word' id='word_1_420' title='bbox 564 3837 602 3904; x_wconf 50' lang='grc'>2)</span> <span class='ocrx_word' id='word_1_421' title='bbox 631 3832 775 3915; x_wconf 58' lang='lat' dir='ltr'>Hm:</span> <span class='ocrx_word' id='word_1_422' title='bbox 801 3834 887 3888; x_wconf 61' lang='grc' dir='ltr'>Μ·</span> <span class='ocrx_word' id='word_1_423' title='bbox 916 3832 985 3886; x_wconf 66' lang='lat' dir='ltr'>de</span> <span class='ocrx_word' id='word_1_424' title='bbox 1013 3833 1070 3914; x_wconf 55' lang='lat' dir='ltr'>If*</span> <span class='ocrx_word' id='word_1_425' title='bbox 1097 3832 1138 3885; x_wconf 76' lang='lat' dir='ltr'><strong>F</strong></span> <span class='ocrx_word' id='word_1_426' title='bbox 1142 3851 1185 3915; x_wconf 59' lang='lat'>²1·</span> <span class='ocrx_word' id='word_1_427' title='bbox 1215 3834 1255 3914; x_wconf 67' lang='lat'>13</span> <span class='ocrx_word' id='word_1_428' title='bbox 1282 3853 1338 3904; x_wconf 87' lang='lat' dir='ltr'>P·</span> <span class='ocrx_word' id='word_1_429' title='bbox 1366 3840 1471 3890; x_wconf 83' lang='lat'>356</span> <span class='ocrx_word' id='word_1_430' title='bbox 1496 3851 1567 3887; x_wconf 76' lang='lat'>⁸⁸·</span> <span class='ocrx_word' id='word_1_431' title='bbox 1595 3850 1664 3887; x_wconf 72' lang='lat'>‘³¹</span> <span class='ocrx_word' id='word_1_432' title='bbox 1686 3850 1770 3914; x_wconf 71' lang='lat'>‘³⁰2</span> <span class='ocrx_word' id='word_1_433' title='bbox 1829 3858 1950 3917; x_wconf 83' lang='lat' dir='ltr'>siae</span> <span class='ocrx_word' id='word_1_434' title='bbox 2002 3862 2334 3936; x_wconf 89' lang='lat' dir='ltr'>episcopus,</span> <span class='ocrx_word' id='word_1_435' title='bbox 2379 3860 2591 3936; x_wconf 87' lang='lat' dir='ltr'>dogma</span> <span class='ocrx_word' id='word_1_436' title='bbox 2631 3861 2971 3918; x_wconf 83' lang='lat' dir='ltr'>Artemonis</span> <span class='ocrx_word' id='word_1_437' title='bbox 3018 3859 3112 3917; x_wconf 91' lang='lat' dir='ltr'>in-</span> 
     </span>
     <span class='ocr_line' id='line_1_42' title="bbox 493 3902 3112 4008; baseline 0.002 -53"><span class='ocrx_word' id='word_1_438' title='bbox 493 3902 647 3985; x_wconf 68' lang='lat' dir='ltr'>quod</span> <span class='ocrx_word' id='word_1_439' title='bbox 676 3902 846 3984; x_wconf 57' lang='lat' dir='ltr'>Cadus</span> <span class='ocrx_word' id='word_1_440' title='bbox 889 3904 1070 3986; x_wconf 61' lang='lat' dir='ltr'>fuerit</span> <span class='ocrx_word' id='word_1_441' title='bbox 1109 3904 1428 3985; x_wconf 78' lang='lat' dir='ltr'>discipulus</span> <span class='ocrx_word' id='word_1_442' title='bbox 1467 3923 1510 3959; x_wconf 91' lang='lat' dir='ltr'>s.</span> <span class='ocrx_word' id='word_1_443' title='bbox 1552 3907 1772 3958; x_wconf 72' lang='lat' dir='ltr'>irenaei</span> <span class='ocrx_word' id='word_1_444' title='bbox 1831 3950 2130 4007; x_wconf 59' lang='lat' dir='ltr'><strong>Staummt</strong></span> <span class='ocrx_word' id='word_1_445' title='bbox 2180 3968 2210 4008; x_wconf 72' lang='lat' dir='ltr'>e</span> <span class='ocrx_word' id='word_1_446' title='bbox 2289 3949 2300 3961; x_wconf 89' lang='lat'><strong>.</strong></span> <span class='ocrx_word' id='word_1_447' title='bbox 2354 3949 2366 3961; x_wconf 96' lang='lat'><strong>.</strong></span> <span class='ocrx_word' id='word_1_448' title='bbox 2449 3949 2541 4007; x_wconf 54' lang='lat' dir='ltr'>ffb</span> <span class='ocrx_word' id='word_1_449' title='bbox 2717 3951 2779 4007; x_wconf 59' lang='lat' dir='ltr'>ta</span> <span class='ocrx_word' id='word_1_450' title='bbox 2813 3948 2849 3960; x_wconf 94' lang='grc'>..</span> <span class='ocrx_word' id='word_1_451' title='bbox 2905 3948 2962 4006; x_wconf 68' lang='lat' dir='ltr'>d.</span> <span class='ocrx_word' id='word_1_452' title='bbox 3086 3981 3112 3993; x_wconf 53' lang='grc'>-</span> 
     </span>
     <span class='ocr_line' id='line_1_43' title="bbox 485 3965 3084 4056; baseline -0.001 -30"><span class='ocrx_word' id='word_1_453' title='bbox 485 3977 727 4056; x_wconf 68' lang='lat' dir='ltr'>conjicit</span> <span class='ocrx_word' id='word_1_454' title='bbox 750 3990 878 4030; x_wconf 88' lang='lat' dir='ltr'>eum</span> <span class='ocrx_word' id='word_1_455' title='bbox 906 3980 1142 4029; x_wconf 78' lang='lat' dir='ltr'>natione</span> <span class='ocrx_word' id='word_1_456' title='bbox 1183 3975 1358 4029; x_wconf 78' lang='lat' dir='ltr'>fuisse</span> <span class='ocrx_word' id='word_1_457' title='bbox 1394 3977 1628 4046; x_wconf 82' lang='lat' dir='ltr'>gallum,</span> <span class='ocrx_word' id='word_1_458' title='bbox 1657 3993 1772 4044; x_wconf 80' lang='lat' dir='ltr'>qua¹</span> <span class='ocrx_word' id='word_1_459' title='bbox 2133 3994 2145 4019; x_wconf 69' lang='grc' dir='ltr'><strong>ν</strong></span> <span class='ocrx_word' id='word_1_460' title='bbox 2214 3967 2447 4024; x_wconf 68' lang='grc' dir='ltr'><strong>ΧΟΨῑθΠ</strong></span> <span class='ocrx_word' id='word_1_461' title='bbox 2479 3969 2502 4007; x_wconf 73' lang='lat'>¹</span> <span class='ocrx_word' id='word_1_462' title='bbox 2545 3966 2617 4007; x_wconf 63' lang='grc' dir='ltr'>ΠΒ</span> <span class='ocrx_word' id='word_1_463' title='bbox 2636 3967 2714 4007; x_wconf 79' lang='lat'>¹¹0</span> <span class='ocrx_word' id='word_1_464' title='bbox 2780 3965 2888 4006; x_wconf 67' lang='grc' dir='ltr'>ΓΗΒ</span> <span class='ocrx_word' id='word_1_465' title='bbox 2945 3966 3084 4025; x_wconf 70' lang='lat'>¹89⁰</span> 
     </span>
    </p>
   </div>
   <div class='ocr_carea' id='block_1_5' title="bbox 488 4037 3112 4116">
    <p class='ocr_par' dir='ltr' id='par_1_5' title="bbox 488 4037 3112 4116">
     <span class='ocr_line' id='line_1_44' title="bbox 488 4037 3112 4116; baseline -0.001 -18"><span class='ocrx_word' id='word_1_466' title='bbox 488 4045 552 4098; x_wconf 90' lang='lat' dir='ltr'>in</span> <span class='ocrx_word' id='word_1_467' title='bbox 578 4045 849 4116; x_wconf 80' lang='lat' dir='ltr'>opinione</span> <span class='ocrx_word' id='word_1_468' title='bbox 890 4064 1008 4101; x_wconf 90' lang='lat' dir='ltr'>non</span> <span class='ocrx_word' id='word_1_469' title='bbox 1049 4046 1279 4100; x_wconf 87' lang='lat' dir='ltr'>videtur</span> <span class='ocrx_word' id='word_1_470' title='bbox 1324 4048 1535 4101; x_wconf 82' lang='lat' dir='ltr'>multos</span> <span class='ocrx_word' id='word_1_471' title='bbox 1561 4048 1773 4101; x_wconf 88' lang='lat' dir='ltr'>habere</span> <span class='ocrx_word' id='word_1_472' title='bbox 1829 4037 1995 4108; x_wconf 72' lang='lat' dir='ltr'>tavit,</span> <span class='ocrx_word' id='word_1_473' title='bbox 2060 4038 2166 4113; x_wconf 89' lang='lat' dir='ltr'>qui</span> <span class='ocrx_word' id='word_1_474' title='bbox 2217 4038 2489 4114; x_wconf 71' lang='lat' dir='ltr'>dialogus</span> <span class='ocrx_word' id='word_1_475' title='bbox 2533 4056 2727 4112; x_wconf 86' lang='lat' dir='ltr'>usque</span> <span class='ocrx_word' id='word_1_476' title='bbox 2792 4037 2961 4097; x_wconf 88' lang='lat' dir='ltr'>hodie</span> <span class='ocrx_word' id='word_1_477' title='bbox 3011 4055 3112 4095; x_wconf 83' lang='lat' dir='ltr'>ex—</span> 
     </span>
    </p>
   </div>
   <div class='ocr_carea' id='block_1_6' title="bbox 486 4117 3114 4296">
    <p class='ocr_par' dir='ltr' id='par_1_6' title="bbox 486 4117 3114 4296">
     <span class='ocr_line' id='line_1_45' title="bbox 486 4117 3114 4187; baseline 0 -3"><span class='ocrx_word' id='word_1_478' title='bbox 486 4134 775 4184; x_wconf 69' lang='lat' dir='ltr'>⁸e&lt;l1¹acess·</span> <span class='ocrx_word' id='word_1_479' title='bbox 828 4117 912 4172; x_wconf 79' lang='lat' dir='ltr'>Cf·</span> <span class='ocrx_word' id='word_1_480' title='bbox 960 4118 1031 4171; x_wconf 71' lang='lat' dir='ltr'>de</span> <span class='ocrx_word' id='word_1_481' title='bbox 1083 4135 1147 4171; x_wconf 67' lang='grc' dir='ltr'>ΕΟ</span> <span class='ocrx_word' id='word_1_482' title='bbox 1198 4118 1490 4187; x_wconf 79' lang='lat' dir='ltr'>Koenig</span> <span class='ocrx_word' id='word_1_483' title='bbox 1540 4118 1652 4171; x_wconf 57' lang='grc' dir='ltr'>ΚΒ·</span> <span class='ocrx_word' id='word_1_484' title='bbox 1704 4120 1773 4182; x_wconf 64' lang='lat'>1¹,</span> <span class='ocrx_word' id='word_1_485' title='bbox 1831 4129 1950 4183; x_wconf 79' lang='lat' dir='ltr'>stat</span> <span class='ocrx_word' id='word_1_486' title='bbox 1982 4168 1997 4184; x_wconf 88' lang='lat'><strong>.</strong></span> <span class='ocrx_word' id='word_1_487' title='bbox 2030 4174 2044 4187; x_wconf 88' lang='lat'><strong>.</strong></span> <span class='ocrx_word' id='word_1_488' title='bbox 2077 4171 2089 4184; x_wconf 91' lang='lat'><strong>.</strong></span> <span class='ocrx_word' id='word_1_489' title='bbox 2122 4127 2355 4185; x_wconf 86' lang='lat' dir='ltr'>Floruit</span> <span class='ocrx_word' id='word_1_490' title='bbox 2387 4127 2502 4185; x_wconf 88' lang='lat' dir='ltr'>sub</span> <span class='ocrx_word' id='word_1_491' title='bbox 2534 4125 2776 4185; x_wconf 87' lang='lat' dir='ltr'>Claudio</span> <span class='ocrx_word' id='word_1_492' title='bbox 2821 4131 2885 4185; x_wconf 92' lang='lat' dir='ltr'>et</span> <span class='ocrx_word' id='word_1_493' title='bbox 2921 4128 3114 4185; x_wconf 87' lang='lat' dir='ltr'>Aure-</span> 
     </span>
     <span class='ocr_line' id='line_1_46' title="bbox 494 4188 3113 4296; baseline 0 -54"><span class='ocrx_word' id='word_1_494' title='bbox 494 4195 663 4248; x_wconf 77' lang='lat'>1684:</span> <span class='ocrx_word' id='word_1_495' title='bbox 691 4189 887 4243; x_wconf 84' lang='lat' dir='ltr'>Zahn</span> <span class='ocrx_word' id='word_1_496' title='bbox 915 4188 1117 4243; x_wconf 85' lang='lat' dir='ltr'>Gesch.</span> <span class='ocrx_word' id='word_1_497' title='bbox 1144 4190 1243 4242; x_wconf 89' lang='lat' dir='ltr'>des</span> <span class='ocrx_word' id='word_1_498' title='bbox 1269 4192 1512 4243; x_wconf 82' lang='lat' dir='ltr'>neutest.</span> <span class='ocrx_word' id='word_1_499' title='bbox 1539 4190 1774 4242; x_wconf 85' lang='lat' dir='ltr'>Kanons</span> <span class='ocrx_word' id='word_1_500' title='bbox 1831 4215 1988 4272; x_wconf 62' lang='lat' dir='ltr'>liano</span> <span class='ocrx_word' id='word_1_501' title='bbox 2043 4210 2108 4296; x_wconf 70' lang='lat'>(†</span> <span class='ocrx_word' id='word_1_502' title='bbox 2161 4214 2371 4293; x_wconf 42' lang='lat'><strong>2752&lt;</strong></span> <span class='ocrx_word' id='word_1_503' title='bbox 2437 4217 2530 4273; x_wconf 56' lang='lat' dir='ltr'>Ita</span> <span class='ocrx_word' id='word_1_504' title='bbox 2590 4215 3113 4291; x_wconf 66' lang='lat' dir='ltr'><strong>Hieronymus</strong></span> 
     </span>
    </p>
   </div>
   <div class='ocr_carea' id='block_1_7' title="bbox 482 4260 3119 4829">
    <p class='ocr_par' dir='ltr' id='par_1_7' title="bbox 482 4260 3119 4829">
     <span class='ocr_line' id='line_1_47' title="bbox 494 4260 2679 4324; baseline 0.002 -13"><span class='ocrx_word' id='word_1_505' title='bbox 494 4260 1676 4324; x_wconf 71' lang='lat' dir='ltr'>11.9s5-991;Harnaok1‚601—603.</span> <span class='ocrx_word' id='word_1_506' title='bbox 2667 4305 2679 4316; x_wconf 90' lang='lat'><strong>.</strong></span> 
     </span>
     <span class='ocr_line' id='line_1_48' title="bbox 564 4303 3114 4406; baseline 0.002 -22"><span class='ocrx_word' id='word_1_507' title='bbox 564 4338 605 4400; x_wconf 84' lang='lat'>³)</span> <span class='ocrx_word' id='word_1_508' title='bbox 634 4331 715 4384; x_wconf 84' lang='lat' dir='ltr'>cf.</span> <span class='ocrx_word' id='word_1_509' title='bbox 743 4333 813 4384; x_wconf 89' lang='lat' dir='ltr'>de</span> <span class='ocrx_word' id='word_1_510' title='bbox 839 4331 1178 4400; x_wconf 79' lang='lat' dir='ltr'>fragmentis</span> <span class='ocrx_word' id='word_1_511' title='bbox 1204 4331 1354 4385; x_wconf 86' lang='lat' dir='ltr'>circa</span> <span class='ocrx_word' id='word_1_512' title='bbox 1380 4332 1528 4386; x_wconf 87' lang='lat' dir='ltr'>hanc</span> <span class='ocrx_word' id='word_1_513' title='bbox 1555 4335 1775 4387; x_wconf 84' lang='lat' dir='ltr'>contro·</span> <span class='ocrx_word' id='word_1_514' title='bbox 1833 4323 1880 4365; x_wconf 68' lang='grc' dir='ltr'>Ο·</span> <span class='ocrx_word' id='word_1_515' title='bbox 1916 4312 1985 4366; x_wconf 80' lang='lat'>71</span> <span class='ocrx_word' id='word_1_516' title='bbox 2026 4308 2350 4404; x_wconf 57' lang='lat' dir='ltr'>Prffleunte</span> <span class='ocrx_word' id='word_1_517' title='bbox 2396 4304 2542 4404; x_wconf 46' lang='lat' dir='ltr'>Eu}</span> <span class='ocrx_word' id='word_1_518' title='bbox 2562 4304 2685 4406; x_wconf 43' lang='lat'>{1³¹</span> <span class='ocrx_word' id='word_1_519' title='bbox 2703 4322 2735 4362; x_wconf 88' lang='lat'><strong>⁰</strong></span> <span class='ocrx_word' id='word_1_520' title='bbox 2781 4305 2862 4405; x_wconf 52' lang='lat' dir='ltr'>H.</span> <span class='ocrx_word' id='word_1_521' title='bbox 2885 4304 2951 4365; x_wconf 80' lang='lat' dir='ltr'>E·</span> <span class='ocrx_word' id='word_1_522' title='bbox 2981 4303 3114 4372; x_wconf 69' lang='lat' dir='ltr'>VII’</span> 
     </span>
     <span class='ocr_line' id='line_1_49' title="bbox 492 4392 3116 4473; baseline -0.001 -21"><span class='ocrx_word' id='word_1_523' title='bbox 492 4401 733 4456; x_wconf 84' lang='lat' dir='ltr'>versiam</span> <span class='ocrx_word' id='word_1_524' title='bbox 760 4418 794 4453; x_wconf 87' lang='lat' dir='ltr'>a</span> <span class='ocrx_word' id='word_1_525' title='bbox 835 4403 883 4455; x_wconf 80' lang='lat' dir='ltr'>G</span> <span class='ocrx_word' id='word_1_526' title='bbox 902 4420 949 4455; x_wconf 80' lang='lat' dir='ltr'><strong>w</strong></span> <span class='ocrx_word' id='word_1_527' title='bbox 968 4420 1005 4470; x_wconf 86' lang='lat' dir='ltr'><strong>y</strong></span> <span class='ocrx_word' id='word_1_528' title='bbox 1024 4421 1059 4455; x_wconf 91' lang='lat' dir='ltr'>n</span> <span class='ocrx_word' id='word_1_529' title='bbox 1076 4420 1115 4455; x_wconf 90' lang='lat' dir='ltr'>n</span> <span class='ocrx_word' id='word_1_530' title='bbox 1154 4403 1394 4473; x_wconf 82' lang='lat' dir='ltr'>repertis</span> <span class='ocrx_word' id='word_1_531' title='bbox 1434 4407 1492 4458; x_wconf 88' lang='lat' dir='ltr'>et</span> <span class='ocrx_word' id='word_1_532' title='bbox 1518 4403 1688 4457; x_wconf 85' lang='lat' dir='ltr'>editis</span> <span class='ocrx_word' id='word_1_533' title='bbox 1713 4403 1776 4456; x_wconf 88' lang='lat' dir='ltr'>in</span> <span class='ocrx_word' id='word_1_534' title='bbox 1837 4402 1936 4455; x_wconf 80' lang='lat'>29.</span> <span class='ocrx_word' id='word_1_535' title='bbox 1969 4392 2254 4468; x_wconf 79' lang='lat' dir='ltr'>Dialogus</span> <span class='ocrx_word' id='word_1_536' title='bbox 2287 4412 2425 4453; x_wconf 90' lang='lat' dir='ltr'>vero</span> <span class='ocrx_word' id='word_1_537' title='bbox 2457 4394 2552 4451; x_wconf 80' lang='lat' dir='ltr'>hic</span> <span class='ocrx_word' id='word_1_538' title='bbox 2576 4412 2699 4468; x_wconf 82' lang='lat' dir='ltr'>Jam</span> <span class='ocrx_word' id='word_1_539' title='bbox 2716 4395 2914 4469; x_wconf 79' lang='lat' dir='ltr'>periit.</span> <span class='ocrx_word' id='word_1_540' title='bbox 2934 4392 3116 4469; x_wconf 83' lang='lat' dir='ltr'>Frag-</span> 
     </span>
     <span class='ocr_line' id='line_1_50' title="bbox 493 4471 1776 4545; baseline 0.002 -21"><span class='ocrx_word' id='word_1_541' title='bbox 493 4471 842 4542; x_wconf 74' lang='lat' dir='ltr'>Hippolytus</span> <span class='ocrx_word' id='word_1_542' title='bbox 881 4474 997 4526; x_wconf 84' lang='lat' dir='ltr'>and</span> <span class='ocrx_word' id='word_1_543' title='bbox 1041 4473 1129 4527; x_wconf 88' lang='lat' dir='ltr'>his</span> <span class='ocrx_word' id='word_1_544' title='bbox 1160 4474 1382 4536; x_wconf 82' lang='lat' dir='ltr'>„Heads</span> <span class='ocrx_word' id='word_1_545' title='bbox 1419 4474 1651 4545; x_wconf 81' lang='lat' dir='ltr'>against</span> <span class='ocrx_word' id='word_1_546' title='bbox 1677 4473 1776 4529; x_wconf 82' lang='lat' dir='ltr'>Ca·</span> 
     </span>
     <span class='ocr_line' id='line_1_51' title="bbox 482 4543 1776 4617; baseline 0.007 -22"><span class='ocrx_word' id='word_1_547' title='bbox 482 4545 584 4610; x_wconf 80' lang='lat' dir='ltr'>jus</span> <span class='ocrx_word' id='word_1_548' title='bbox 603 4557 646 4596; x_wconf 78' lang='lat'>:⁶⁴</span> <span class='ocrx_word' id='word_1_549' title='bbox 694 4543 1085 4599; x_wconf 84' lang='lat' dir='ltr'>Hermathena</span> <span class='ocrx_word' id='word_1_550' title='bbox 1112 4545 1189 4599; x_wconf 87' lang='lat' dir='ltr'>v1</span> <span class='ocrx_word' id='word_1_551' title='bbox 1215 4550 1398 4617; x_wconf 85' lang='grc'>(1888)</span> <span class='ocrx_word' id='word_1_552' title='bbox 1426 4566 1483 4617; x_wconf 90' lang='lat' dir='ltr'>p.</span> <span class='ocrx_word' id='word_1_553' title='bbox 1510 4549 1776 4604; x_wconf 82' lang='lat'>397-418;</span> 
     </span>
     <span class='ocr_line' id='line_1_52' title="bbox 496 4614 3119 4687; baseline 0.001 -20"><span class='ocrx_word' id='word_1_554' title='bbox 496 4614 607 4684; x_wconf 86' lang='lat' dir='ltr'>Hip</span> <span class='ocrx_word' id='word_1_555' title='bbox 652 4614 844 4683; x_wconf 80' lang='lat' dir='ltr'>olytus</span> <span class='ocrx_word' id='word_1_556' title='bbox 870 4634 944 4670; x_wconf 90' lang='lat' dir='ltr'>on</span> <span class='ocrx_word' id='word_1_557' title='bbox 973 4621 1040 4674; x_wconf 85' lang='lat' dir='ltr'>st.</span> <span class='ocrx_word' id='word_1_558' title='bbox 1065 4617 1269 4671; x_wconf 82' lang='lat' dir='ltr'>Matth.</span> <span class='ocrx_word' id='word_1_559' title='bbox 1296 4624 1385 4678; x_wconf 81' lang='lat'>24,</span> <span class='ocrx_word' id='word_1_560' title='bbox 1418 4622 1619 4674; x_wconf 78' lang='lat'>15——22</span> <span class='ocrx_word' id='word_1_561' title='bbox 1642 4616 1778 4670; x_wconf 86' lang='lat' dir='ltr'>Her·</span> <span class='ocrx_word' id='word_1_562' title='bbox 1833 4615 2428 4687; x_wconf 81' lang='lat' dir='ltr'>polytus-Fragmente</span> <span class='ocrx_word' id='word_1_563' title='bbox 2453 4616 2533 4672; x_wconf 89' lang='lat' dir='ltr'>im</span> <span class='ocrx_word' id='word_1_564' title='bbox 2553 4616 2725 4670; x_wconf 81' lang='lat' dir='ltr'>Texte</span> <span class='ocrx_word' id='word_1_565' title='bbox 2749 4614 2868 4671; x_wconf 86' lang='lat' dir='ltr'>und</span> <span class='ocrx_word' id='word_1_566' title='bbox 2894 4614 3119 4670; x_wconf 74' lang='lat' dir='ltr'>UnterS.</span> 
     </span>
     <span class='ocr_line' id='line_1_53' title="bbox 494 4687 2522 4758; baseline 0.001 -21"><span class='ocrx_word' id='word_1_567' title='bbox 494 4689 612 4739; x_wconf 85' lang='lat' dir='ltr'>mat</span> <span class='ocrx_word' id='word_1_568' title='bbox 654 4702 764 4740; x_wconf 79' lang='lat' dir='ltr'>ena</span> <span class='ocrx_word' id='word_1_569' title='bbox 778 4688 1083 4758; x_wconf 65' lang='lat' dir='ltr'>vnoseo)</span> <span class='ocrx_word' id='word_1_570' title='bbox 1118 4693 1413 4744; x_wconf 76' lang='lat'><strong>137—·140.</strong></span> <span class='ocrx_word' id='word_1_571' title='bbox 1435 4687 1515 4743; x_wconf 85' lang='lat' dir='ltr'>cf.</span> <span class='ocrx_word' id='word_1_572' title='bbox 1535 4687 1779 4742; x_wconf 82' lang='lat' dir='ltr'>A.Har·</span> <span class='ocrx_word' id='word_1_573' title='bbox 1841 4693 1991 4743; x_wconf 84' lang='lat'><strong>1898.</strong></span> <span class='ocrx_word' id='word_1_574' title='bbox 2021 4687 2195 4752; x_wconf 63' lang='lat' dir='ltr'>V1‚,3‚</span> <span class='ocrx_word' id='word_1_575' title='bbox 2227 4694 2522 4744; x_wconf 81' lang='lat'><strong>121-133.</strong></span> 
     </span>
     <span class='ocr_line' id='line_1_54' title="bbox 492 4756 3047 4829; baseline 0.002 -21"><span class='ocrx_word' id='word_1_576' title='bbox 492 4775 529 4807; x_wconf 86' lang='lat' dir='ltr'>n</span> <span class='ocrx_word' id='word_1_577' title='bbox 545 4774 574 4809; x_wconf 82' lang='lat' dir='ltr'>a</span> <span class='ocrx_word' id='word_1_578' title='bbox 595 4774 623 4810; x_wconf 91' lang='lat' dir='ltr'>c</span> <span class='ocrx_word' id='word_1_579' title='bbox 641 4757 679 4810; x_wconf 83' lang='lat' dir='ltr'><strong>k</strong></span> <span class='ocrx_word' id='word_1_580' title='bbox 707 4757 810 4811; x_wconf 89' lang='lat' dir='ltr'>Die</span> <span class='ocrx_word' id='word_1_581' title='bbox 846 4759 1248 4826; x_wconf 68' lang='lat' dir='ltr'>Guynn&#39;sclien</span> <span class='ocrx_word' id='word_1_582' title='bbox 1271 4759 1461 4826; x_wconf 78' lang='lat' dir='ltr'>Cajus·</span> <span class='ocrx_word' id='word_1_583' title='bbox 1501 4759 1621 4813; x_wconf 85' lang='lat' dir='ltr'>und</span> <span class='ocrx_word' id='word_1_584' title='bbox 1644 4759 1780 4829; x_wconf 89' lang='lat' dir='ltr'>Hip·</span> <span class='ocrx_word' id='word_1_585' title='bbox 1915 4761 1950 4828; x_wconf 85' lang='lat'>¹)</span> <span class='ocrx_word' id='word_1_586' title='bbox 1979 4758 2061 4813; x_wconf 82' lang='lat' dir='ltr'>Cf.</span> <span class='ocrx_word' id='word_1_587' title='bbox 2093 4759 2133 4810; x_wconf 87' lang='lat' dir='ltr'>B</span> <span class='ocrx_word' id='word_1_588' title='bbox 2152 4777 2186 4813; x_wconf 81' lang='lat' dir='ltr'>a</span> <span class='ocrx_word' id='word_1_589' title='bbox 2201 4776 2230 4811; x_wconf 90' lang='lat' dir='ltr'>r</span> <span class='ocrx_word' id='word_1_590' title='bbox 2245 4756 2282 4811; x_wconf 86' lang='lat' dir='ltr'>d</span> <span class='ocrx_word' id='word_1_591' title='bbox 2299 4775 2378 4812; x_wconf 87' lang='lat' dir='ltr'>en</span> <span class='ocrx_word' id='word_1_592' title='bbox 2394 4760 2434 4812; x_wconf 92' lang='lat' dir='ltr'>h</span> <span class='ocrx_word' id='word_1_593' title='bbox 2450 4777 2479 4813; x_wconf 89' lang='lat' dir='ltr'>e</span> <span class='ocrx_word' id='word_1_594' title='bbox 2496 4777 2547 4812; x_wconf 85' lang='lat' dir='ltr'>vv</span> <span class='ocrx_word' id='word_1_595' title='bbox 2564 4775 2592 4811; x_wconf 87' lang='lat' dir='ltr'>e</span> <span class='ocrx_word' id='word_1_596' title='bbox 2609 4777 2636 4811; x_wconf 88' lang='lat' dir='ltr'>r</span> <span class='ocrx_word' id='word_1_597' title='bbox 2661 4758 2776 4812; x_wconf 85' lang='lat' dir='ltr'>KL.</span> <span class='ocrx_word' id='word_1_598' title='bbox 2801 4759 2896 4825; x_wconf 87' lang='lat' dir='ltr'>XI,</span> <span class='ocrx_word' id='word_1_599' title='bbox 2925 4760 3047 4816; x_wconf 80' lang='lat'><strong>178.</strong></span> 
     </span>
    </p>
   </div>
   <div class='ocr_carea' id='block_1_8' title="bbox 488 3554 805 3562">
    <p class='ocr_par' dir='ltr' id='par_1_8' title="bbox 488 3554 805 3562">
     <span class='ocr_line' id='line_1_55' title="bbox 488 3554 805 3562; baseline 0 1599"><span class='ocrx_word' id='word_1_600' title='bbox 488 3554 805 3562; x_wconf 95' lang='lat' dir='ltr'> </span> 
     </span>
    </p>
   </div>
   <div class='ocr_carea' id='block_1_9' title="bbox 1837 4532 2150 4541">
    <p class='ocr_par' dir='ltr' id='par_1_9' title="bbox 1837 4532 2150 4541">
     <span class='ocr_line' id='line_1_56' title="bbox 1837 4532 2150 4541; baseline 0 620"><span class='ocrx_word' id='word_1_601' title='bbox 1837 4532 2150 4541; x_wconf 95' lang='lat' dir='ltr'> </span> 
     </span>
    </p>
   </div>
  </div>
 </body>
</html>
