3505 5161
899 231 1099 286 Florus
1126 231 1305 302 lugd.,
1334 231 1763 303 Berengaudus,
1790 231 2039 301 Cyrillus
2064 236 2124 287 et
2149 232 2493 287 MethodiuS.
2741 292 2748 299 ,
2862 248 2985 302 830

390 249 513 303 829

372 420 567 493 verba,
615 436 767 493 quae
815 418 960 476 satis
1005 418 1300 493 simplicia
1338 421 1500 489 sunt,
1548 417 1651 476 sed
1708 420 1850 497 ptis,
1871 438 2023 495 quae
2042 421 2172 495 ejus
2194 419 2667 495 archiepiscopus
2687 418 2988 495 Remigius

372 509 574 585 potius
607 507 799 582 ipsius
829 507 1104 583 mysterii
1133 507 1422 566 rationem
1463 510 1526 567 et
1556 526 1649 565 ac·
1707 510 1817 568 hac
1834 509 1898 569 in
1918 527 2097 567 causa
2128 508 2461 583 composuit
2491 504 2588 590 (cf.
2618 528 2675 584 p.
2712 504 2882 587 809).
2903 541 2989 549 —

371 598 594 657 tionem
616 615 905 672 exponere
936 599 998 655 et
1026 598 1452 667 commendare,
1485 598 1650 655 vide·
1708 598 2492 675 Inopusculodecausafidei
2514 595 2774 678 (Migne
2795 597 2986 666 CXIX,

373 688 513 746 licet
574 706 693 762 qua
752 685 867 744 fide
929 686 1364 757 celebrandum,
1428 689 1653 762 quanta
1714 686 1999 763 80—94)
2058 687 2240 746 refert
2295 690 2466 764 gesta
2509 687 2574 744 in
2628 686 2989 745 Amalarium

372 778 593 853 pietate
655 776 737 835 sit
795 775 1337 851 amplectendum.⁴
1422 775 1654 834 Prodiit
1710 778 1783 835 de
1799 777 1978 836 variis
2000 776 2299 836 erroribus
2318 779 2661 835 accusatum
2683 776 2748 833 in
2763 775 2988 852 synodo

372 866 633 942 primum
664 865 907 923 Parisiis
948 874 1112 927 1548
1147 865 1238 924 ed.
1269 865 1512 939 optima,
1551 863 1654 923 sed
1708 866 1991 925 carisiaca
2040 885 2090 927 a.
2126 874 2271 934 838,
2335 884 2455 941 qua
2499 865 2586 923 de.
2619 884 2683 924 re
2725 866 2840 941 jam
2888 882 2990 923 su-

374 955 542 1015 valde
593 974 740 1024 rara,
808 953 945 1012 dein
1007 971 1144 1012 cum
1191 954 1439 1023 lacuni8‚
1503 971 1652 1029 quas
1708 974 1882 1030 prap.
1898 966 2019 1018 767
2037 955 2269 1033 egimus
2285 953 2350 1031 ¹)
2362 956 2708 1030 Sequuntur
2721 956 2990 1013 carmina

374 1044 674 1121 supplevit
694 1044 1011 1118 Despont
1032 1043 1251 1103 inbibl.
1265 1043 1377 1105 ΡΡ.
1391 1043 1514 1119 lug.
1532 1043 1651 1112 XV,
1709 1039 1859 1126 (cur.
1892 1045 2325 1103 Diimmler
2310 1063 2373 1102 in
2395 1044 2520 1104 Me.
2540 1046 2696 1120 poet.
2720 1062 2842 1106 aev.
2876 1061 2987 1102 car.

378 1142 664 1197 62-83·
717 1131 1013 1208 integrius
1047 1132 1222 1208 longe
1267 1135 1330 1190 et
1376 1132 1651 1191 emenda·
1708 1134 1784 1202 ΙΙ,
1823 1129 2219 1216 507-566).
2253 1133 2410 1192 inter
2441 1151 2593 1209 quae
2611 1133 2835 1191 eminet
2863 1150 2989 1191 car-

372 1223 493 1281 tius
538 1223 601 1279 in
647 1223 920 1279 veterum
952 1220 1150 1296 script.
1201 1223 1263 1279 et
1312 1240 1468 1281 mon.
1520 1221 1651 1279 coll.

372 1312 459 1371 ed.
482 1312 824 1368 Martene
852 1308 951 1380 IX,
990 1313 1464 1380 579—6413et
1493 1310 1654 1370 inter

371 1418 570 1477 opusc.
603 1399 701 1459 SS.
736 1398 847 1456 ΡΡ.
892 1417 927 1456 a
970 1398 1142 1469 nobis
1188 1398 1351 1457 edita
1394 1399 1649 1468 XXXIX,

378 1503 398 1551 l
420 1499 499 1551 24
514 1497 742 1550 -274,
764 1521 849 1530 —
870 1486 1122 1562 Scripsit
1152 1487 1292 1546 stilo
1320 1488 1529 1547 acerbo
1550 1489 1651 1547 ad·

372 1596 576 1637 versus
629 1576 1007 1636 Amalarii
1068 1576 1368 1651 quondam
1431 1577 1651 1655 lugdu-

371 1667 572 1726 nensis
619 1665 1021 1742 chorepiscopi
1068 1665 1247 1724 nimis
1307 1667 1650 1743 allegoricas

370 1757 595 1815 rituum
630 1758 844 1814 missae
889 1755 1285 1829 expositiones
1315 1756 1652 1832 opiniones-

370 1865 487 1922 que
518 1845 832 1921 epistolam
862 1843 936 1902 ad
968 1844 1161 1903 varios
1194 1862 1284 1920 ep.
1316 1846 1386 1903 de
1415 1862 1653 1919 corpore

372 1934 587 1994 Christi
617 1936 933 2009 tripartito,
970 1951 1189 2008 easque
1219 1934 1397 1992 etiam
1430 1934 1653 1993 detulit

372 2023 733 2082 damnandas
765 2022 839 2081 ad
871 2023 1019 2081 duas
1040 2023 1299 2098 synodos
1317 2023 1649 2083 Theodonis

372 2113 563 2172 Villae
594 2117 656 2171 et
687 2112 1050 2181 Curisiacum,
1074 2114 1145 2170 ut
1176 2129 1355 2188 supra
1388 2112 1649 2172 diximus

372 2198 456 2281 (1).
479 2197 648 2283 766).
696 2200 892 2259 Habes
924 2201 1067 2259 haec
1096 2201 1211 2258 tria
1243 2200 1462 2277 scripta
1491 2201 1650 2277 apud

373 2293 711 2349 Martene
742 2291 779 2348 1.
813 2307 860 2350 c.
899 2290 995 2359 IX,
1033 2291 1648 2355 641—668.—-No-

372 2381 530 2438 mine
548 2379 824 2439 ecclesiae
842 2378 1235 2456 lugdunensis
1255 2379 1447 2438 edidit
1477 2381 1514 2442 l.
1547 2379 1649 2438 ad-

372 2487 580 2527 versus
596 2469 688 2528 Jo.
706 2468 895 2527 Scotti
926 2468 1054 2526 Eri
1071 2486 1308 2544 genae
1351 2468 1649 2529 definitio·

371 2576 475 2618 nes
506 2554 648 2641 (19)
699 2559 768 2616 de
808 2558 1337 2632 praedestinatione
1380 2566 1430 2617 et
1468 2577 1646 2634 prae·

370 2650 605 2707 scientia
668 2647 871 2707 divina
939 2651 1002 2706 et
1069 2647 1144 2706 de
1205 2665 1345 2706 vera
1405 2648 1649 2708 humani

370 2738 604 2797 arbitrii
639 2737 930 2797 libertate.
994 2736 1065 2795 In
1108 2736 1362 2795 eundem
1409 2755 1650 2796 sensum

371 2845 503 2885 cum
536 2826 861 2885 Prudentio
893 2825 1151 2884 trecensi
1183 2825 1482 2900 duplicem
1514 2830 1648 2884 tue-

370 2920 473 2975 tur
503 2915 1118 2991 praedestinationem.
1169 2915 1346 2974 Liber
1376 2915 1524 2975 bene
1557 2918 1651 2973 est

370 3005 646 3081 scriptus,
698 3005 1007 3062 accuratus
1052 3006 1114 3061 et
1157 3004 1504 3063 melioribus
1552 3023 1647 3063 ac·

368 3097 661 3165 censetur,
673 3094 776 3168 qui
796 3096 1000 3152 contra
1020 3091 1287 3152 Scottum
1300 3093 1647 3168 prodierint.

372 3183 705 3242 Praeiverat
749 3182 841 3240 illi
875 3181 1077 3239 Sermo
1108 3182 1306 3241 brevis
1339 3200 1446 3241 seu
1477 3182 1648 3240 libel·

369 3272 466 3331 lus
513 3272 793 3331 adversus
829 3269 1138 3346 cujusdam
1188 3271 1498 3330 vanissimi
1544 3271 1646 3329 ho·

368 3361 567 3429 minis,
613 3361 719 3437 qui
764 3359 1220 3436 cognominatur
1249 3359 1508 3419 Joannes
1556 3361 1645 3417 in-

368 3451 558 3526 eptias
600 3453 662 3508 et
692 3467 919 3508 errores
950 3450 1558 3524 &praedestinatione
1589 3453 1651 3507 et

1708 1241 1846 1281 men
1878 1223 1947 1280 de
1976 1224 2251 1281 divisione
2282 1224 2514 1298 imperii
2558 1226 2693 1297 post
2738 1224 2987 1280 mortem

1706 1311 2042 1371 Ludovici
2028 1331 2186 1387 imp„
2225 1329 2419 1386 eaque
2450 1310 2717 1388 produnt
2745 1310 2990 1388 genium

1710 1401 2042 1475 poeticum3
2089 1402 2346 1477 capitula
2378 1419 2446 1459 ex
2494 1401 2623 1477 lege
2670 1404 2730 1459 et
2767 1418 2990 1458 canone

1707 1490 1950 1549 collecta
1992 1493 2055 1548 et
2101 1490 2217 1548 alia
2261 1489 2551 1565 quaedam
2584 1489 2830 1548 minoris
2863 1506 2986 1546 mo·

1708 1576 1978 1659 menti2).
2057 1580 2208 1638 Eum
2254 1578 2653 1654 composuisse
2695 1584 2986 1653 martyro-

1707 1670 1920 1746 loyium
1965 1670 2225 1726 testatur
2269 1666 2670 1729 Usuardus
2716 1668 2846 1741 ejus
2892 1684 2988 1724 ae·

1708 1756 1935 1832 qualis:
1968 1756 2184 1833 adjecit
2216 1755 2340 1815 scil.
2373 1755 2662 1832 quasdam
2694 1759 2987 1831 martyro-

1706 1846 1869 1923 logio
1920 1864 2054 1906 ven.
2105 1845 2300 1904 Bedae
2351 1842 2448 1925 (cf.
2498 1844 2750 1922 Migne
2795 1842 2986 1913 XCIV,

1710 1944 1833 1998 799
1869 1931 1942 2016 S.)
1982 1935 2243 2006 notitias,
2290 1953 2437 2010 quas
2483 1935 2784 2011 assignare
2831 1932 2987 1991 diffi-

1706 2022 1820 2083 cile
1863 2020 2034 2105 estss).
2101 2024 2267 2083 Obiit
2309 2023 2518 2083 Florus
2558 2041 2604 2085 c.
2636 2042 2688 2086 a.
2723 2031 2867 2086 860.
2901 2055 2986 2065 -

1705 2114 2096 2189 Apocalypsin
2145 2113 2421 2189 exposuit
2451 2113 2590 2171 stilo
2620 2130 2771 2187 puro
2802 2115 2864 2170 et
2893 2110 2985 2169 ni-

1706 2201 1834 2261 tido
1882 2202 1955 2261 ad
2002 2204 2227 2279 septem
2275 2222 2401 2261 eam
2433 2201 2706 2279 redigens
2737 2200 2988 2260 visiones

1705 2290 2270 2368 Berengaudus
2317 2286 2798 2372 (Bernegandus)
2833 2290 2897 2348 Ο.
2931 2290 2989 2350 S.

1705 2381 1850 2443 Ben.
1902 2380 1964 2439 in
2013 2380 2376 2440 monasterio
2428 2380 2579 2439 forte
2627 2378 2986 2449 ferarriensi,

1707 2469 2038 2545 discipulus
2069 2469 2315 2529 celebris
2347 2469 2501 2545 Lupi
2540 2469 2804 2539 abbatis;
2850 2486 2987 2544 pro-

1705 2558 1818 2618 diit
1862 2558 2104 2619 Parisiis
2159 2568 2342 2629 1554,
2395 2561 2457 2618 et
2504 2558 2641 2617 dein
2690 2559 2989 2634 comparet

1704 2649 1864 2707 inter
1893 2667 2070 2725 opera
2102 2667 2147 2712 s,
2193 2648 2615 2717 Ambrosii,
2665 2648 2873 2707 saltem
2921 2647 2986 2705 in

1704 2737 2046 2814 appendice,
2093 2738 2180 2796 ita
2222 2738 2287 2795 in
2329 2737 2580 2814 Migne
2610 2736 2673 2797 P.
2705 2736 2769 2794 L.
2801 2734 2983 2806 XVII,

1710 2835 2076 2890 765—970.
2153 2827 2306 2885 Eum
2368 2826 2571 2902 magni
2632 2825 2774 2884 fecit
2835 2826 2982 2883 Bos-

1705 2921 1934 2986 suetus‚
1969 2916 2074 2991 qui
2107 2915 2171 2973 in
2198 2915 2507 2974 nonnullis
2528 2933 2664 2973 eum
2695 2916 2787 2973 est
2818 2931 2983 2972 secu-

1705 3008 1808 3062 tus
1841 3023 2030 3080 eoque
2062 3023 2229 3063 usus.
2277 3004 2508 3062 Floruit
2538 3004 2722 3062 altero
2755 3021 2866 3062 sec.
2887 3002 2983 3060 IX.

1704 3093 1965 3152 dimidio,

1798 3281 1944 3334 454.
1978 3272 2036 3330 S.
2071 3272 2439 3347 Scripturam
2472 3271 2535 3329 in
2568 3271 2835 3347 linguam
2866 3272 2982 3328 sla-

1704 3361 1887 3418 vicam
1905 3365 2133 3420 vertere
2155 3364 2478 3435 coeperunt
2499 3357 2685 3442 (sicut
2712 3365 2769 3418 et
2801 3360 2985 3418 libros

1705 3443 2045 3530 liturgicos)
2092 3470 2140 3508 a.
2191 3459 2313 3512 862
2364 3467 2441 3508 se.
2497 3449 2846 3524 Cyrillus
2896 3445 2986 3531 (in

370 3539 758 3614 praescientia
798 3538 1002 3596 divina
1032 3541 1094 3595 et
1125 3537 1196 3596 de
1228 3558 1368 3597 vera
1405 3538 1649 3597 humani
1702 3538 2001 3612 baptismo
2034 3539 2459 3598 Constantinus
2492 3537 2714 3618 dictus)
2747 3542 2809 3596 et
2840 3539 2984 3596 Me-

369 3628 600 3686 arbitrii
621 3628 913 3697 libertate,
947 3627 1012 3685 in
1043 3645 1162 3702 quo
1191 3626 1403 3686 durius
1434 3627 1647 3686 nonni-

371 3717 455 3775 hil
485 3717 558 3775 de
580 3716 987 3776 Gotteschalco
1008 3716 1216 3774 scribit
1234 3736 1411 3792 quam
1444 3720 1651 3791 postea

368 3807 498 3882 ejus
543 3806 1019 3882 archiepiscopus
1067 3805 1371 3882 Remigius
1387 3802 1455 3888 1).
1535 3806 1649 3865 Sed

362 3895 485 3970 jam
538 3895 838 3953 Hincmari
888 3898 1155 3970 tempore
1218 3895 1437 3972 duplex
1487 3895 1638 3971 lege·

370 3984 549 4042 batur
578 3984 746 4042 illius
778 3983 1043 4043 recensio
1074 3984 1346 4042 nonnihil
1392 3984 1465 4042 ab
1497 3983 1647 4042 invi·

372 4090 495 4131 cem
542 4073 835 4133 differens.
899 4073 1232 4147 Utrumque
1278 4074 1499 4132 librum
1547 4073 1646 4131 ha·

369 4161 475 4220 bes
519 4162 679 4239 apud
710 4162 1078 4239 Mauguin
1123 4163 1188 4220 in
1233 4180 1342 4221 sua
1381 4163 1515 4220 coll.
1548 4181 1646 4220 ve-

370 4255 564 4310 terum
598 4256 924 4322 auctorum,
972 4252 1077 4326 qui
1124 4252 1494 4328 scripserunt
1538 4268 1648 4311 sec.

370 4340 465 4403 IX.
501 4342 572 4399 de
604 4340 1141 4416 praedestinatione
1173 4344 1282 4399 etc.
1311 4352 1362 4410 1,
1388 4350 1643 4403 21—27

370 4431 432 4487 et
465 4439 846 4499 575-5483
882 4429 943 4487 in
976 4429 1119 4490 bibl.
1141 4429 1251 4489 ΡΡ.
1271 4433 1314 4488 t.
1335 4430 1455 4489 XV.
1502 4430 1646 4488 Pro·

370 4517 653 4577 habiliter
683 4523 908 4595 partem
944 4518 1121 4577 etiam
1155 4519 1365 4578 habuit
1409 4520 1474 4578 in
1506 4519 1647 4577 scri-

373 4805 399 4860 ἓ
425 4727 529 4850 4·ἒο
552 4724 632 4777 Cf.
701 4724 747 4776 H
766 4741 794 4779 e
814 4726 961 4780 fele
1026 4725 1510 4798 Conciliengesch.
1578 4729 1648 4780 lV

463 4821 492 4850 ι)
534 4838 546 4850 .

1703 3627 2030 3685 thodius
2076 3628 2269 3704 patria
2298 3627 2832 3697 Thessalonienses,
2881 3646 2985 3702 par

1704 3716 2140 3775 nobilissimum
2173 3716 2446 3786 fratrum,
2495 3717 2744 3792 apostoli
2786 3717 2983 3791 gentis

1705 3805 2014 3864 Slavorum
2075 3825 2180 3881 per
2240 3806 2614 3864 vastissimos
2672 3802 2983 3886 tractus4),

1784 4013 1820 4081 ¹)
1848 4010 1928 4063 Cf.
1957 4011 2027 4063 de
2054 4012 2161 4064 hac
2187 4012 2570 4065 controversia
2617 4011 2723 4064 Ad.
2752 4011 2884 4064 Fra
2904 4029 2938 4062 n
2957 4028 2983 4062 z

1704 4081 1799 4135 die
1814 4083 1988 4135 Messe
2001 4082 2078 4134 im
2093 4082 2405 4136 deutschen
2419 4082 2984 4137 Mittelalter2.Abth.

1704 4160 1756 4209 3.
1784 4154 2031 4208 Abschn.
2058 4173 2114 4224 p.
2141 4159 2441 4210 351-399.

1777 4229 1820 4296 )
1850 4225 1933 4279 Cf
1961 4225 2106 4282 Hist.
2135 4225 2221 4279 lit.
2248 4224 2315 4289 V,
2345 4232 2514 4281 213-
2525 4232 2655 4283 240:
2707 4224 2986 4278 Streber

1706 4296 1814 4350 KL
1847 4298 1942 4361 Vl,
1975 4305 2356 4357 1581—1584;
2385 4296 2613 4350 Ebert
2641 4297 2706 4359 ΙΙ,
2734 4301 2857 4350 ‘268-
2863 4297 2984 4349 273.

1779 4373 1820 4438 ⁸)
1872 4338 1954 4422 Cf’.
2006 4368 2388 4423 doctissimam
2440 4367 2573 4421 diss.
2623 4368 2854 4419 auctore
2905 4365 2981 4417 du

1704 4440 1739 4493 S
1758 4439 1894 4495 olli
1914 4456 1987 4494 er
2027 4440 2394 4508 praemissam
2435 4440 2520 4497 ed
2549 4453 2683 4492 suae
2712 4437 2984 4504 Martyro-

1705 4510 1847 4581 logii
1874 4511 2138 4566 Usuardi.

1777 4586 1820 4653 ⁴)
1850 4583 1930 4636 Cf.
1949 4583 2283 4653 praesertim
2311 4583 2366 4636 M
2383 4599 2416 4635 a
2433 4601 2460 4635 r
2476 4581 2536 4635 ti
2552 4600 2589 4634 n
2607 4597 2638 4633 o
2657 4598 2690 4632 v
2717 4580 2778 4633 in
2793 4579 2982 4631 annal.

1706 4654 1842 4708 eccl.
1869 4671 2054 4725 graec.
2070 4655 2209 4712 ad5.
2226 4655 2360 4719 Jul„
2388 4654 2449 4707 in
2469 4654 2625 4706 Actis
2640 4651 2733 4705 SS.
2751 4657 2799 4707 9.
2817 4650 2982 4705 Mart

1708 4726 1774 4789 ΙΙ,
1801 4731 1928 4781 13-
1941 4733 2035 4782 26:
2079 4727 2390 4800 Borowy
2429 4723 2732 4787 KL.V‚111
2779 4729 2911 4778 1295
2918 4754 2984 4762 -

1710 4805 1847 4855 1300
1873 4797 2129 4865 aliosque
2158 4802 2416 4852 auctores
2441 4797 2597 4867 apud
2640 4795 2691 4847 N
2709 4793 2845 4848 ille
2864 4812 2888 4846 s
2922 4794 2985 4846 in
