3505 5161
500 252 582 305 ⁴³7

506 285 539 304 —l

1105 236 1399 289 101-200.
1452 232 1805 303 Apologetae
1833 229 2151 286 christiani.
2205 229 2504 292 Aristides,

3038 246 3116 300 28

502 421 665 496 saph,
716 438 869 496 quae
919 419 1077 478 inter
1126 437 1304 492 opera
1334 437 1380 477 s.
1410 417 1504 477 Jo.
1538 418 1781 476 Damas·
1836 417 2056 493 oppido
2107 417 2338 477 Sichem
2375 413 2637 499 (Flaviae
2669 414 2975 491 Neapolis)
3016 415 3118 474 Sa-

496 510 630 569 ceni
663 512 913 584 prostat,
947 510 1009 566 et
1038 510 1210 583 cujus
1241 510 1475 567 textum
1505 524 1782 583 graecum
1836 507 2052 567 mariae
2085 509 2265 582 atque
2296 527 2331 565 a
2363 507 2554 583 prima
2573 508 2764 564 aetate
2794 505 3116 581 gentilium

504 598 778 658 exhibuit
821 596 1305 657 Boissonade
1351 596 1414 655 in
1460 595 1780 655 Anecdotis
1836 595 2140 654 erroribus
2172 596 2292 655 fuit
2323 594 2674 671 implicitus.
2708 594 3117 670 Philosophiae

498 688 745 765 graecia,
811 686 1056 745 Parisiis
1126 694 1291 749 1832
1356 686 1454 756 IV,
1508 693 1629 747 239
1684 701 1780 753 ss.,

502 776 660 853 apud
692 777 951 853 Migne
984 776 1046 838 P.
1063 776 1127 840 G.
1145 774 1337 843 XCVI,
1368 783 1782 838 859—1215.

502 865 732 924 Prodiit
774 865 927 924 illud
973 865 1375 941 fragmentum
1421 884 1456 923 a
1500 863 1779 922 Mechita·

502 955 667 1014 ristis
702 957 1003 1030 repertum
1042 953 1304 1012 Venetiis
1349 962 1545 1021 1878;
1587 952 1780 1027 adjec-

498 1047 631 1102 tum
681 1045 774 1102 est
818 1042 980 1101 aliud
1022 1043 1378 1118 opusculum
1422 1043 1492 1100 de
1538 1042 1784 1099 latronis

1837 684 2036 744 studio
2068 704 2244 759 quam
2279 686 2530 744 maxime
2550 684 2773 743 exarsit
2801 684 3115 759 variasque

1840 774 2070 833 scholas
2102 774 2540 851 philosophicas
2573 774 2993 850 frequentavit,
3028 777 3117 832 at-

1837 882 1953 938 que
1986 862 2144 938 apud
2177 864 2508 939 platonicos
2554 862 2793 922 demum
2839 863 3119 922 substitit

1836 970 2042 1010 eorum
2087 950 2324 1027 placitis
2356 953 2527 1011 valde
2559 952 2905 1013 delectatus,
2945 951 3116 1011 Senis

1835 1041 2144 1115 cujusdam
2191 1042 2547 1101 venerabilis
2593 1041 2887 1116 colloquio
2920 1060 2951 1100 e
2984 1042 3117 1100 Pla-

496 1133 751 1192 clamore
782 1135 843 1191 et
875 1131 1146 1191 Crucifixi
1178 1131 1597 1206 responsione:
1643 1130 1782 1188 hinc
1834 1130 1995 1189 tonis
2026 1131 2238 1189 castris
2270 1131 2565 1208 gradatim
2586 1130 2879 1189 adductus
2912 1135 3021 1200 est,
3048 1135 3119 1190 ut

503 1221 858 1281 inscribitur
887 1220 1102 1280 editio:
1145 1221 1206 1279 S.
1243 1222 1533 1279 Aristidis
1563 1236 1781 1277 sermo-

499 1330 602 1369 nes
633 1312 782 1369 duo:
814 1329 1024 1369 verum
1071 1310 1222 1369 alter
1268 1309 1364 1367 hic
1415 1327 1609 1368 sermo
1643 1308 1782 1384 plu-

503 1400 674 1458 ribus
696 1400 839 1458 viris
860 1399 1114 1458 eruditis
1135 1397 1377 1469 dubius,
1412 1398 1548 1457 aliis
1568 1398 1782 1475 genui-

501 1506 619 1547 nus
651 1490 907 1550 videtur.
942 1488 1145 1547 Versio
1178 1488 1362 1546 latina
1380 1489 1575 1546 exstat
1600 1487 1781 1544 etiam

503 1577 663 1653 apud
697 1578 918 1635 Pitra
948 1577 1230 1636 Analecta
1261 1594 1425 1635 sacra
1443 1576 1539 1646 IV,
1565 1584 1776 1637 282—

502 1676 628 1730 286
682 1668 907 1744 (textus
959 1683 1236 1725 armenus
1287 1684 1420 1724 cum
1451 1667 1784 1742 fragmento

496 1755 788 1832 epistolae
832 1755 912 1813 ib.
949 1766 1111 1818 6·-—1
1133 1751 1225 1834 1);
1271 1754 1602 1814 versionem
1648 1773 1782 1830 ger—

502 1844 789 1903 manicam
840 1844 1166 1920 interprete
1217 1844 1394 1902 Sass
1412 1861 1444 1901 e
1494 1842 1674 1902 habes
1721 1843 1783 1900 in

502 1932 784 1992 Zeitschr.
816 1933 913 1992 fiir
941 1932 998 1992 k.
1019 1933 1219 1992 Theol.
1250 1941 1412 1995 1879
1435 1931 1540 1999 ΠΙ,
1566 1941 1783 1995 612-

505 2023 937 2091 618001.816;
971 2022 1277 2097 Himpel
1309 2021 1783 2090 Theol.Qtlschr.

498 2110 813 2188 Tilbingen
853 2119 1040 2173 1880.
1071 2111 1249 2180 LXII,
1306 2119 1626 2179 109-27,
1677 2110 1783 2186 qui

501 2200 685 2276 hujus
746 2202 1021 2275 opusculi
1082 2200 1514 2276 genuinitatem
1579 2202 1787 2258 tuetur

502 2289 619 2347 ΚΒ.
669 2290 747 2359 12,
797 2298 978 2352 1298.
1041 2289 1126 2347 De
1159 2290 1426 2349 versione
1458 2289 1685 2365 syriaca
1714 2289 1785 2347 cf.

501 2378 898 2437 Robinson
967 2378 1085 2436 The
1144 2379 1402 2456 Apoloqy
1462 2380 1532 2451 of
1570 2379 1645 2436 A.
1709 2397 1785 2437 on

503 2467 708 2526 behalf
732 2467 798 2526 of
821 2468 922 2526 the
955 2466 1284 2526 Christiana
1331 2467 1486 2526 from
1517 2486 1551 2524 a
1583 2467 1786 2543 Syriac

502 2555 601 2615 MS
607 2601 811 2619 .....
843 2557 1039 2616 edited
1086 2556 1234 2616 with
1265 2576 1341 2617 an
1373 2555 1784 2616 introduction

501 2647 617 2704 and
650 2646 1005 2705 translation
1037 2648 1118 2722 by
1148 2646 1203 2705 J.
1237 2646 1459 2705 Rendel
1491 2646 1783 2705 HarriS.

502 2735 665 2793 With
690 2755 765 2793 an
785 2735 1099 2811 Appendix
1118 2735 1466 2811 containing
1495 2735 1596 2792 the
1620 2737 1784 2794 main

501 2824 736 2899 portion
784 2824 852 2883 of
891 2825 993 2884 the
1033 2824 1287 2901 original
1320 2824 1511 2884 Greek
1542 2827 1672 2883 text
1700 2825 1783 2900 by

493 2913 557 2970 J.
589 2914 896 2989 Armitage
927 2914 1012 2989 R„
1047 2914 1396 2991 Cambridge
1437 2923 1622 2984 18913
1660 2932 1781 2990 quo

500 3002 565 3060 in
598 3020 689 3078 op.
720 3002 920 3062 omnia
951 3003 1205 3074 exhibet,
1226 3003 1627 3080 fragmentum
1654 3002 1780 3061 scil.

501 3110 827 3162 armenum,
862 3094 1092 3151 textum
1125 3110 1399 3169 graecum
1447 3095 1508 3151 et
1557 3093 1782 3150 versio-

500 3199 637 3239 nem
686 3181 1002 3258 syriacam:
1066 3200 1218 3256 quae
1266 3184 1467 3240 tamen
1510 3182 1669 3240 inter
1720 3200 1784 3240 se

502 3270 646 3328 satis
660 3270 905 3329 variant.
917 3270 1266 3330 Versionem
1277 3270 1675 3346 germanicam
1684 3289 1783 3329 ex-

501 3357 672 3417 hibet
717 3359 1011 3418 Schbnf
1019 3358 1236 3418 elder
1284 3359 1482 3418 Theol.
1528 3359 1782 3427 Qtlschr.

508 3456 695 3509 1892.
714 3448 964 3519 LXXIV,
988 3457 1354 3510 531-557.
1388 3447 1557 3515 Quod
1580 3452 1782 3507 autem

496 3536 805 3611 apologiae
836 3539 1089 3595 aetatem
1123 3537 1358 3606 attinet,
1409 3555 1529 3596 non
1561 3536 1783 3595 desunt

498 3624 616 3682 viri
661 3625 869 3696 critici,
919 3625 1024 3701 qui
1070 3624 1143 3683 ab
1190 3625 1435 3684 Eusebii
1486 3627 1784 3685 sententia

496 3713 859 3772 dissentiant
889 3717 1286 3790 censeantque
1331 3733 1460 3773 eam
1505 3733 1628 3773 non
1661 3715 1780 3773 Ha-

493 3803 726 3875 driano,
762 3803 864 3862 sed
888 3803 1190 3862 Antonino
1213 3803 1318 3862 Pio
1351 3799 1505 3886 (138
1521 3838 1590 3849 —
1606 3815 1633 3867 1
1650 3799 1778 3884 61),

500 3892 652 3949 forte
685 3892 798 3950 sub
818 3892 992 3951 initio
1025 3892 1292 3968 ejusdem
1324 3893 1560 3969 imperii
1593 3893 1781 3952 fuisse

492 3981 758 4039 oblatam
773 3976 838 4062 ¹).

596 4169 619 4220 1
644 4167 695 4220 2.
729 4158 1090 4234 Praecipuus
1138 4161 1319 4236 hujus
1366 4161 1551 4220 seculi
1584 4162 1780 4237 apolo-

492 4248 639 4324 geta
686 4252 779 4306 est
827 4247 867 4306 J
882 4248 1207 4308 ustinus
1255 4249 1644 4326 philosophus
1719 4254 1782 4310 et

502 4338 743 4410 martyr.
807 4337 999 4396 Natus
1051 4341 1145 4397 est
1192 4339 1367 4398 initio
1429 4357 1541 4402 sec.
1588 4340 1666 4404 H.
1716 4341 1780 4400 in

576 4511 614 4577 ²)
644 4505 725 4562 Cf.
752 4507 823 4562 de
848 4507 937 4561 his
964 4508 1227 4563 omnibus
1252 4513 1514 4564 accurate
1541 4510 1781 4564 referen-

1838 1237 1884 1277 s.
1931 1219 2272 1295 Scripturae
2318 1220 2572 1280 lectione
2618 1223 2679 1278 et
2729 1219 3117 1279 meditatione

1836 1326 2038 1366 veram
2087 1308 2444 1368 christianae
2495 1309 2633 1368 fidei
2677 1309 3119 1386 philosophiam

1838 1396 1919 1457 sit
1950 1398 2274 1473 amplexus.
2334 1398 2523 1457 Pallio
2569 1398 2974 1474 philosophico
3024 1418 3116 1457 re-

1836 1488 2001 1545 tento
2081 1487 2346 1546 diversas
2421 1487 2763 1564 peragravit
2822 1490 3116 1563 regiones,

1838 1576 2195 1651 Aegyptum,
2248 1576 2452 1635 Asiam
2501 1579 2562 1635 et
2591 1576 2824 1634 Italiam
2869 1581 2931 1636 et
2978 1578 3118 1636 ubi-

1838 1682 2092 1740 cumque
2110 1665 2516 1741 apostolorum
2534 1665 2862 1741 discipulos
2896 1683 2961 1724 ac
2982 1684 3116 1726 suc-

1838 1771 2100 1812 cessores
2131 1758 2344 1813 nactus
2376 1758 2550 1825 esset,
2598 1755 2672 1814 ab
2713 1755 2790 1814 iis
2822 1756 3012 1814 multa
3043 1755 3117 1814 de

1838 1842 2068 1902 Christo
2119 1843 2518 1920 institutaque
2581 1845 2656 1902 ab
2710 1862 2778 1903 eo
2829 1844 3118 1920 religione

1840 1932 2173 1991 sciscitatus
2252 1936 2360 2004 est,
2429 1938 2491 1993 et
2552 1934 2750 1992 oblata
2817 1934 3119 1993 occasione

1837 2019 2084 2079 verbum
2146 2022 2253 2081 Dei
2315 2022 2653 2098 praedicare
2713 2040 2833 2081 non
2896 2023 3117 2086 omisit.

1838 2109 2015 2168 Plura
2046 2112 2400 2188 conscripsit
2418 2112 2721 2171 volumina
2737 2113 2810 2170 ad
2843 2111 3119 2170 christia-

1840 2218 1974 2257 nam
2008 2199 2180 2263 fidem
2202 2201 2604 2275 exponendam
2638 2200 2944 2276 magisque
2975 2220 3116 2276 pro-

1841 2289 2185 2364 pagandam,
2204 2293 2266 2349 et
2279 2291 2351 2348 ad
2369 2290 2640 2366 gentiles,
2665 2289 2919 2367 judaeos
2936 2295 3118 2364 atque

1840 2376 2162 2437 haereticos
2223 2379 2596 2441 refellendos,
2674 2381 2916 2438 Romam
2977 2398 3117 2454 pro-

1838 2466 2030 2524 fectus
2094 2467 2354 2527 scholam
2418 2468 2636 2527 ibidem
2691 2468 2943 2544 aperuit.
3006 2468 3119 2528 Hic

1838 2555 2205 2616 Crescentem
2238 2558 2511 2634 cynicum
2543 2575 2862 2636 aggressus
2900 2559 2994 2617 est
3024 2560 3117 2616 at·

1838 2663 1953 2721 que
1995 2646 2367 2723 ignorantiae
2412 2655 2946 2723 corruptor-umque
2991 2665 3118 2707 mo-

1837 2753 1972 2792 rum
2021 2735 2360 2813 redarguit:
2424 2738 2553 2812 ejus
2603 2738 2756 2795 forte
2804 2736 3005 2795 studio
3055 2742 3120 2795 et

1837 2822 2077 2884 insidiis
2108 2828 2423 2885 accusatus
2442 2823 2502 2904 ¹),
2551 2824 2710 2901 quod
2743 2825 3117 2885 Christianus

1837 2916 2013 2983 esset,
2078 2933 2185 2989 pro
2248 2914 2480 2974 Christo
2544 2916 2894 2990 sanguinem
2955 2914 3118 2974 fudit

1839 3001 2021 3080 (intra
2070 3024 2119 3062 a.
2178 2998 2568 3083 163—167).
2631 3004 2811 3062 Plura
2871 3003 3119 3080 reliquit

1837 3092 2076 3168 egregia
2137 3093 2376 3168 scripta,
2441 3093 2599 3152 inter
2648 3111 2799 3168 quae
2850 3093 3118 3152 eminent

1838 3179 2009 3239 binae
2043 3181 2180 3239 fidei
2212 3180 2569 3241 christianae
2609 3183 2921 3257 apoloqiae,
2965 3200 3116 3258 quas

1837 3288 1972 3328 cum
2021 3271 2323 3329 Antonino
2373 3271 2479 3328 Pio
2529 3273 2803 3348 Augusto
2864 3272 3117 3347 ejusque

1836 3357 1976 3417 filiis
2010 3360 2200 3417 Marco
2233 3359 2472 3418 Aurelio
2504 3365 2566 3418 et
2596 3360 2775 3419 Lucio
2809 3360 2974 3429 Vero,
3022 3378 3118 3418 se-

1835 3448 2009 3506 natui
2039 3448 2319 3525 omnique
2370 3449 2592 3524 populo
2641 3467 2882 3507 romano
2915 3468 3116 3524 porre-

1835 3535 2022 3596 xisset
2082 3537 2448 3612 eandemque
2510 3537 2681 3596 fidem
2751 3538 3115 3613 disputando

1837 3629 2078 3685 strenue
2124 3632 2578 3703 propugnasset,
2631 3627 2910 3698 obtinuit,
2962 3630 3033 3685 ut
3083 3646 3118 3685 a

1838 3714 2306 3774 Christianorum
2323 3715 2497 3775 caede
2512 3716 2753 3791 publico
2772 3716 3116 3792 principum

1837 3803 2031 3863 edicto
2094 3809 2493 3879 temperatum
2543 3805 2743 3864 fuerit.
2806 3805 2877 3863 In
2925 3805 3116 3881 priori

1836 3888 1908 3971 (c.
1944 3913 1993 3951 a.
2035 3893 2405 3970 152—153)
2452 3893 2626 3953 initio
2660 3894 2959 3970 improbat
2988 3913 3115 3953 mo-

1916 4086 1949 4148 1)
1979 4082 2058 4136 Cf.
2088 4086 2183 4137 Ac
2201 4085 2270 4135 ta
2313 4086 2555 4152 (graeca)
2597 4100 2666 4139 ss.
2692 4081 2726 4134 J
2731 4081 2910 4135 ustini
2948 4087 3007 4136 et
3030 4100 3114 4136 so-

1836 4153 2071 4217 ciorum,
2113 4169 2260 4222 quae
2305 4171 2339 4206 a
2384 4153 2669 4223 plerisque
2715 4153 2926 4207 criticis
2971 4156 3037 4207 ut
3079 4172 3115 4208 a

1834 4224 2255 4294 Lightfoot,
2332 4225 2696 4286 Harnack,
2775 4224 3112 4279 Ehrhard

1836 4297 1923 4366 (ΙΙ,
1955 4299 2077 4368 576)
2124 4295 2379 4366 genuina.
2424 4297 2709 4350 hibentur
2752 4302 2925 4365 atque
2970 4296 3113 4350 adeo

1834 4385 1943 4425 sec.
1994 4368 2063 4424 11.
2114 4384 2231 4420 esse
2282 4372 2600 4430 censentur,
2665 4367 2926 4434 quamvis
2967 4366 3113 4421 forte

1835 4440 2116 4508 quaedam
2163 4440 2432 4509 temporis
2462 4441 2625 4520 lapsu
2652 4438 2851 4491 addita
2877 4437 3112 4502 fuerint,

1835 4511 1988 4577 quod
2005 4515 2195 4564 tamen
2211 4513 2468 4564 auctores
2490 4513 2582 4566 cit.
2601 4512 2828 4578 negant.
2847 4509 3114 4579 Reperies

494 4582 614 4630 tem
638 4578 979 4632 Ehrhard
1005 4579 1074 4642 ΙΙ,
1093 4582 1595 4650 202—212,etjam
1610 4585 1781 4635 antea
1833 4581 1934 4637 illa
1960 4582 2021 4634 in
2049 4584 2173 4636 Act.
2201 4581 2293 4635 SS.
2322 4581 2456 4637 Jun.
2487 4581 2524 4644 Ι,
2555 4589 2621 4635 20
2649 4599 2720 4640 a.;
2763 4579 2825 4634 in
2864 4581 2950 4639 ed.
2978 4598 3114 4652 opp.

498 4649 562 4702 in
589 4649 820 4703 Literar.
863 4651 1233 4706 Handweiser
1277 4661 1411 4710 1892
1439 4655 1542 4708 col.
1572 4661 1778 4713 9-16;
1832 4652 2077 4712 Justini;
2106 4652 2336 4722 Migne
2355 4652 2414 4704 P.
2436 4652 2500 4706 G.
2523 4651 2616 4715 v1‚
2645 4654 2991 4709 1565-1572
3009 4655 3115 4708 col.

500 4728 742 4780 49-54;
789 4722 1137 4776 Harnack
1182 4723 1325 4777 Text
1367 4743 1422 4778 u.
1472 4724 1603 4780 Unt.
1645 4725 1686 4788 I,
1734 4735 1778 4781 1.

502 4800 813 4854 loo-1153
842 4793 1270 4866 Realeucyclop.
1302 4796 1397 4859 11⁸,
1425 4800 1509 4851 46.

1838 4727 1973 4780 1795
2025 4742 2098 4782 s.;
2149 4723 2323 4778 Otto
2363 4741 2513 4795 corp.
2560 4724 2712 4794 apol.
2752 4722 2947 4779 christ.
2987 4723 3114 4785 111⁸,

1835 4799 2130 4853 266—279.
