3505 5161
361 243 400 294 9
1084 267 1088 271 ⁴
1154 220 1406 276 Didache
1434 220 1736 276 duodecim
1763 223 2175 293 apostolorum.
2896 240 2972 295 10

359 429 496 469 mox
527 429 582 473 n.
614 427 766 484 seq.;
834 409 1184 486 Liturqiam,
1235 426 1386 483 quae
1432 428 1476 471 s.
1511 408 1638 468 Cle·
1694 428 1845 487 quae
1878 409 2248 485 disciplinam
2279 410 2342 466 et
2364 408 2850 467 constitutionem
2869 408 2977 468 Ec-

356 499 550 558 menti
596 518 630 556 a
673 498 955 573 jacobitis
1003 498 1311 569 asseritur,
1358 498 1640 558 exhibent
1694 499 1906 559 clasiae
1938 501 2226 575 spectant.
2289 498 2535 575 Propter
2580 515 2868 557 summam
2904 499 2977 557 li-

359 587 668 647 Renaud
688 589 765 645 ot
806 587 1033 664 Liturg.
1066 587 1277 646 orient.
1310 587 1443 646 coll.
1473 588 1639 647 Pari·
1693 589 1840 648 belli
1873 588 2317 664 antiquitatem,
2351 586 2691 662 argumenti
2713 605 2976 648 momen-

357 677 465 736 siis
508 687 692 739 1716.
723 677 799 747 ΙΙ,
843 685 1218 743 186-201;
1252 676 1502 753 Migne
1533 697 1638 754 pa-
1693 681 1844 747 tum,
1910 677 2038 735 stili
2092 675 2540 752 simplicitatem
2590 694 2723 735 mox
2770 694 2837 735 ac
2883 696 2976 736 re-

350 767 493 827 trol.
538 785 625 843 gr.
658 765 733 834 11,
772 774 1140 834 603-616,
1186 766 1252 824 in
1298 767 1471 842 cujus
1516 770 1560 827 t.
1596 768 1637 824 Ι.
1694 771 1930 843 pertum
1947 766 2081 837 mit,
2101 764 2447 841 saepissime
2466 764 2694 839 prodiit
2714 768 2776 824 et
2796 766 2974 825 innu-

354 860 416 914 et
446 855 523 913 11.
555 859 791 930 praeter
807 854 1072 929 plurium
1093 854 1546 915 dissertationes
1565 855 1638 914 de
1694 857 1875 915 meris
1938 854 2247 930 doctisque
2310 852 2839 928 disquisitionibus
2903 854 2975 914 de

355 945 482 1003 vita
513 950 573 1003 et
603 944 847 1019 scriptis
881 961 926 1002 s.
960 943 1296 1014 Clementia,
1344 943 1465 1007 fere
1515 963 1637 1003 om·
1695 950 1951 1013 auctore,
2002 944 2248 1021 originis
2293 946 2556 1018 tempore
2587 946 2649 1001 et
2692 944 2819 1002 loco
2865 947 2977 1003 etc.

354 1034 458 1092 nia
491 1032 763 1108 ejusdem
806 1032 1029 1108 scripta
1053 1033 1333 1109 genuina,
1369 1032 1551 1092 dubia
1581 1037 1642 1093 et
1695 1034 1977 1110 praebuit
2020 1033 2384 1094 occasionem
2402 1027 2468 1113 ¹).
2549 1033 2788 1091 Praeter
2831 1033 2977 1091 alias

355 1122 561 1199 spuria
594 1122 839 1181 collecta
868 1121 1148 1196 reperies.
1199 1122 1362 1180 Libri
1395 1122 1638 1198 quidem
1695 1123 1987 1182 editiones
2050 1122 2384 1181 eruditione
2437 1138 2500 1179 se
2565 1121 2980 1180 commendant

350 1211 753 1288 apocalyptici
799 1228 906 1269 seu
950 1211 1148 1269 arcani
1194 1211 1303 1287 ipsi
1341 1213 1639 1288 suppositi

352 1300 624 1360 nondum
656 1303 801 1359 sunt
832 1299 979 1358 editi
992 1295 1058 1383 1).

443 1490 503 1541 5.
538 1478 576 1536 J
583 1478 778 1537 uverit
838 1482 899 1537 et
947 1479 1337 1554 quorumdam
1389 1480 1638 1555 scripto.-

348 1587 488 1627 rum
523 1568 867 1626 meminisse
904 1586 1350 1644 anonymorum,
1382 1587 1640 1644 quorum

351 1657 425 1715 ad
499 1675 609 1716 nos
682 1660 1084 1732 pervenerunt
1133 1658 1354 1734 scripta
1416 1659 1640 1734 quique

354 1745 748 1823 probabiliter
778 1746 889 1804 hoc
917 1747 1198 1805 vixerunt
1228 1748 1446 1810 seculo,
1509 1749 1642 1806 Huc

352 1836 591 1912 spectat
620 1838 830 1893 auctor
859 1835 1052 1895 libelli
1086 1855 1193 1910 pro
1226 1836 1476 1895 historia
1506 1836 1639 1895 lite-

355 1926 512 1983 raria
543 1927 605 1983 et
633 1925 1039 2002 archaeologia
1070 1925 1388 1983 christiana
1417 1925 1640 2000 pret-io-

356 2013 604 2082 sissimi,
655 2014 963 2073 veteribus
1013 2014 1159 2083 noti,
1212 2013 1319 2073 diu
1371 2014 1509 2074 dein
1540 2014 1641 2074 de-

357 2103 600 2178 perditi,
652 2100 891 2161 demum
941 2123 976 2162 a
1024 2103 1336 2162 Philotheo
1368 2104 1643 2180 Bryen-

354 2192 511 2261 ni0,
583 2200 748 2253 1873
814 2191 1068 2251 feliciter
1128 2193 1345 2271 iterum
1421 2193 1642 2269 reperti

356 2276 601 2366 Διδαχὴ
664 2290 778 2343 τῶν
824 2279 1060 2343 δώδεκα
1120 2276 1537 2353 Ἀποστόλων,
1584 2285 1646 2341 et

355 2371 624 2446 primum
638 2389 689 2429 a.
719 2379 883 2433 1883
902 2370 1417 2446 Constantinopoli
1450 2367 1642 2449 (grae-

356 2456 445 2541 ce)
482 2459 651 2521 editi.
713 2459 798 2516 Ea
828 2460 1170 2518 continetur
1199 2460 1518 2519 instructio
1551 2478 1642 2519 ca-

358 2549 854 2609 techumenorum
884 2549 1144 2618 moralia,
1195 2549 1258 2608 in
1292 2567 1410 2625 qua
1441 2567 1644 2610 occur-

356 2640 437 2698 rit
468 2637 721 2697 celebris
768 2639 925 2713 apud
978 2641 1206 2697 veteres
1257 2639 1526 2698 doctrina
1574 2640 1646 2698 de

360 2727 597 2787 duabus
642 2727 758 2784 viis
802 2727 959 2786 vitae
1005 2739 1067 2786 et
1112 2729 1337 2787 mortis.
1395 2729 1519 2786 Hac
1550 2729 1643 2787 in-

364 2817 691 2875 structione
741 2815 909 2874 finita
957 2816 1085 2894 agit
1134 2817 1207 2875 de
1268 2817 1645 2876 administra-

368 2905 522 2964 tione
567 2904 868 2980 baptismi,
911 2906 1161 2982 jejuniO,
1209 2907 1491 2976 oratione,
1540 2925 1645 2965 eu-

373 2993 646 3053 charistia
677 2993 927 3069 aliisque
977 2994 1285 3054 christiani
1318 2996 1518 3054 cultus
1551 3013 1645 3053 ac-

368 3084 543 3153 tibus,
611 3083 682 3141 de
729 3084 908 3142 variis
972 3084 1255 3159 falsisque
1310 3086 1645 3161 prophetis;

365 3172 679 3248 posteriori
728 3191 783 3247 p.
832 3173 1117 3248 quaedam
1179 3175 1377 3250 tangit
1437 3175 1646 3250 capita,

440 3363 477 3430 f)
508 3359 913 3414 Recentissime
964 3360 988 3412 I
1109 3359 1224 3413 tius
1278 3360 1527 3430 Ephrem
1579 3362 1647 3415 ΙΙ.

364 3430 461 3484 Ra
476 3432 517 3485 h
533 3450 591 3484 m
606 3430 723 3484 ani
751 3430 999 3501 patriarc
1042 3431 1470 3486 aantiochenus
1486 3433 1648 3500 Syro-

366 3520 491 3555 rum
530 3506 910 3558 Testamentum
951 3505 1020 3557 D.
1048 3506 1107 3557 N
1140 3507 1194 3557 J.
1226 3507 1429 3559 Chr-neti
1468 3505 1650 3559 edidit

368 3572 701 3644 Moguntiae
752 3581 887 3630 1899
932 3590 998 3627 ex
1044 3574 1164 3627 cod.
1211 3574 1446 3643 syriaco,
1495 3576 1646 3642 quod

365 3646 785 3712 quadamtenus
803 3645 975 3699 etiam
991 3645 1063 3698 ad
1080 3647 1410 3717 apocrypha
1437 3667 1477 3699 s.
1507 3649 1546 3701 U
1564 3648 1581 3700 l
1599 3664 1649 3700 e-

368 3733 467 3769 me
487 3715 645 3770 ntis
686 3719 922 3786 spectat.
975 3717 1273 3771 Tribuitur
1329 3719 1481 3772 enim
1537 3719 1650 3788 ipsi

368 3788 639 3842 volumen
656 3790 717 3841 et
726 3789 1125 3842 mandatorum
1144 3793 1202 3842 et
1217 3806 1500 3844 canonum
1516 3807 1649 3859 apo-

367 3859 664 3921 stolorum,
717 3859 872 3927 quod
922 3859 982 3913 in
1033 3860 1094 3914 11.
1149 3861 1279 3914 Vlll
1331 3861 1648 3932 digesserit.

370 3927 557 3984 Primo
584 3931 707 3984 loco
736 3931 1036 3986 collocasse
1088 3931 1301 3985 dicitur
1327 3932 1469 3986 duas
1520 3931 1649 3987 illas

368 4001 822 4065 constitutiones,
875 4018 1018 4070 quas
1067 4003 1313 4072 apostoli
1355 4007 1649 4072 tamquam

366 4089 436 4125 ex
463 4071 528 4125 D.
558 4073 629 4126 N.
669 4089 762 4126 ore
803 4078 1135 4128 emanantes
1175 4075 1385 4145 scripto
1432 4075 1650 4144 consig-

368 4144 563 4197 narint
605 4147 781 4212 atque
822 4144 1003 4214 ipsius
1042 4148 1448 4200 testamentum
1491 4163 1649 4200 voca·

368 4214 501 4268 rint.
530 4215 645 4270 Hos
672 4217 814 4270 duos
831 4216 1133 4270 tantumll.
1151 4217 1334 4271 edidit
1348 4218 1649 4281 Bahmani‚

368 4303 497 4339 cum
525 4287 865 4356 posteriores
893 4287 969 4340 VI
996 4287 1133 4341 satis
1170 4289 1293 4357 jam
1320 4292 1484 4343 erant
1507 4289 1649 4343 noti.

369 4356 516 4411 Sunt
557 4363 752 4412 autem
797 4376 903 4413 sec.
949 4359 1043 4412 IV.
1072 4360 1159 4413 vel
1188 4360 1254 4412 V.
1306 4360 1388 4414 Of.
1435 4361 1503 4413 de
1544 4361 1651 4415 hoc

371 4446 403 4480 ο
448 4469 461 4481 .
487 4429 547 4482 F.
575 4430 640 4483 Χ.
669 4429 876 4483 Funk
916 4430 1027 4483 Das
1056 4431 1382 4485 Testament
1421 4448 1649 4486 unseres

427 4517 587 4554 erren
627 4501 747 4556 und
789 4500 882 4554 die
933 4503 1300 4556 verwandten
1346 4503 1650 4566 Schriften,

374 4569 557 4626 Mainz
602 4578 735 4629 1901
759 4595 771 4632 ;
822 4572 866 4624 Β
882 4589 916 4625 a
932 4590 970 4626 u
987 4593 1042 4626 m
1060 4591 1084 4626 s
1100 4577 1125 4626 t
1139 4591 1172 4626 a
1188 4591 1215 4626 r
1233 4573 1270 4626 k
1313 4573 1651 4629 Ueberliefe-

374 4659 522 4713 rung
550 4643 671 4697 und
698 4643 1045 4714 Bezeugung
1072 4645 1171 4697 der
1196 4646 1435 4720 διαθήκη
1462 4649 1568 4699 etc..
1590 4645 1650 4698 in

377 4711 531 4767 Rom.
552 4713 856 4779 Qtlschrift
875 4722 1012 4771 1900
1028 4715 1225 4778 XXIV,
1260 4726 1428 4772 1—45
1448 4739 1459 4772 2
1489 4717 1531 4770 E
1549 4718 1587 4769 h
1605 4735 1651 4769 r-

376 4783 505 4857 h-ar
522 4785 561 4838 d
587 4785 659 4848 11,
688 4792 986 4842 5:32-539.

1697 1213 1751 1270 H
1768 1212 2048 1270 arnack
2069 1211 2301 1286 Lipsiae
2328 1221 2353 1272 1
2370 1211 2779 1275 884.1893in
2798 1211 2978 1269 Texte

1696 1301 1821 1360 und
1885 1300 2421 1376 Untersuchmigen
2484 1319 2588 1358 zur
2633 1300 2978 1359 Geschichte

1695 1389 1802 1449 der
1846 1389 2314 1448 altchristlichen
2358 1389 2659 1449 Literatur
2691 1393 2734 1449 t.
2774 1401 2799 1451 1
2841 1389 2979 1452 fasc.

1701 1491 1756 1542 1.
1792 1488 1849 1549 2;
1913 1479 2016 1536 Ph.
2050 1478 2328 1546 Schaff,
2363 1477 2977 1548 Neo-Eboraci18853

1696 1568 1909 1626 Funk
1953 1572 2085 1626 tum
2129 1568 2285 1625 inter
2315 1585 2490 1642 opera
2522 1567 2631 1625 ΡΡ.
2665 1570 2860 1640 apost.
2890 1567 2975 1635 13,

1697 1657 2005 1734 Tubingae
2063 1666 2246 1727 1901,
2301 1659 2433 1714 tum
2484 1656 2762 1714 seorsim:
2826 1656 2978 1714 Doc-

1696 1749 1856 1805 trina
1906 1745 2213 1805 duodecim
2257 1745 2679 1820 apostolorum,
2726 1761 2978 1803 canones

1697 1839 1883 1912 apost.
1915 1833 2292 1894 ecclesiastici
2339 1852 2406 1893 ac
2449 1834 2712 1910 reliquae
2756 1833 2978 1893 doctri-

1697 1944 1806 1983 nae
1840 1924 1912 1983 de
1944 1924 2179 1982 duabus
2225 1924 2343 1982 viis
2388 1923 2784 1999 expositiones
2816 1925 2978 1981 vete-

1696 2032 1808 2076 res,
1869 2013 2091 2081 Edidit,
2143 2013 2629 2071 annotationibus
2675 2015 2736 2070 et
2784 2011 2978 2088 prole-

1698 2103 1965 2179 gomenis
1988 2101 2331 2171 illustravit,
2364 2101 2697 2160 versionem
2731 2100 2980 2160 latinam

1703 2191 1951 2262 addidit,
2003 2191 2082 2249 ib.
2126 2199 2322 2260 18873
2385 2190 2855 2267 Hilgenfeld
2906 2188 2979 2251 N.

1700 2281 2147 2340 Testamentum
2206 2283 2372 2339 extra
2431 2297 2709 2337 canonem
2780 2297 2978 2354 recep-

1698 2374 1848 2440 tum,
1881 2369 2113 2445 Lipsiae
2154 2378 2338 2437 1884,
2371 2367 2503 2438 1V2,
2546 2388 2604 2443 p.
2641 2378 2980 2437 89—109;

1701 2458 1927 2517 Schle
1947 2458 2088 2527 cht,
2140 2457 2246 2533 qui
2277 2476 2405 2516 eam
2436 2457 2628 2516 edidit
2658 2475 2792 2515 cum
2823 2458 2981 2516 anti-

1699 2566 1818 2623 qua
1865 2549 2133 2607 versione
2181 2547 2366 2606 latina
2413 2546 2625 2624 prioris
2673 2545 2859 2623 partis
2909 2545 2981 2605 de

1781 2797 1816 2862 Ι)
1847 2793 1928 2845 Cf.
1957 2810 2041 2845 ex.
2069 2810 2153 2862 gr.
2195 2792 2335 2845 Zah
2354 2810 2392 2844 n
2435 2791 2842 2860 Forschungen
2883 2809 2984 2845 zur

1703 2863 2039 2917 Geschichte
2091 2863 2188 2916 des
2233 2863 2694 2916 neutestamentl.
2760 2861 2982 2915 Canons

1703 2935 1822 2988 und
1868 2935 1968 2987 der
2011 2934 2303 2988 altkirchl.
2345 2934 2648 2996 Literatur,
2697 2932 2984 3002 Erlangcn

1707 3013 1859 3062 1884.
1890 3005 1988 3062 ΙΙΙ.
2021 3010 2122 3062 278
2157 3013 2290 3064 319;
2337 3004 2772 3070 Krawutzky
2800 3003 2984 3057 Ueber

1702 3076 1796 3131 die
1847 3078 2200 3145 sogenannte
2246 3074 2801 3145 Zwolfapostellehre
2842 3074 2983 3130 Tab.

1703 3147 1945 3212 Qtlschr.
1991 3155 2128 3203 1884
2153 3148 2345 3209 LXVI,
2389 3151 2686 3204 54?—606;
2714 3146 2770 3198 Μ
2788 3145 2808 3198 i
2825 3147 2983 3201 nasi

1702 3220 1782 3272 La
1808 3219 2062 3272 dotti-ina
2106 3218 2199 3272 del
2228 3218 2464 3289 Signore
2505 3217 2597 3287 pei
2637 3216 2826 3271 dodici
2853 3235 2983 3287 apo-

1703 3290 1836 3345 stoli
1864 3290 2101 3344 bandita
2141 3290 2248 3344 alle
2289 3288 2449 3360 genti
2476 3293 2578 3342 etc.
2609 3288 2817 3342 Romae
2849 3296 2977 3345 1891

1702 3362 1765 3415 in
1793 3372 1854 3419 4:
1897 3361 2072 3415 Savi
2112 3361 2191 3414 La
2231 3360 2484 3415 dottrina
2524 3360 2680 3429 degli
2720 3359 2983 3429 apostoli,

1703 3434 1915 3487 Romae
1941 3440 2079 3490 1893
2098 3433 2354 3500 aliosque
2370 3433 2527 3502 apud
2553 3432 2586 3485 J
2605 3450 2643 3486 u
2659 3450 2698 3485 n
2715 3451 2753 3502 g
2770 3450 2821 3485 m
2842 3449 2876 3485 a
2891 3450 2930 3484 n
2947 3451 2983 3484 n

1704 3516 1729 3570 ξ
1759 3514 1843 3568 45,
1871 3505 2425 3558 Bardenhewer
2464 3504 2550 3558 ed.
2599 3511 2628 3560 2
2669 3511 2785 3570 §62
2830 3520 2984 3572 prae-

1704 3574 1905 3646 primis
1946 3574 2288 3630 Ehrhard
2328 3575 2420 3629 die
2460 3574 2740 3629 altchrist.
2781 3575 2888 3628 Lit.
2920 3571 2984 3636 ΙΙ.

1705 3651 1934 3706 37-68,
1964 3646 2067 3714 qui
2092 3647 2422 3700 innumeras
2463 3645 2760 3710 editioneS‚
2788 3646 2986 3699 disser-

1705 3718 1953 3773 tationes
1979 3718 2049 3771 de
2076 3721 2325 3782 auctore,
2368 3721 2555 3772 aetate
2583 3721 2689 3773 etc.
2716 3721 2985 3780 recenset,

1708 3791 1748 3843 F
1767 3809 1804 3844 u
1824 3790 1935 3851 uk,
1965 3789 2067 3857 qui
2094 3789 2314 3844 iteratis
2344 3789 2565 3843 vicibus
2592 3789 2661 3842 de
2688 3789 2794 3842 hoc
2821 3807 2986 3859 opus-

1705 3863 1833 3915 culo
1885 3861 2130 3924 disserit,
2181 3864 2248 3914 ut
2297 3860 2493 3914 Theoi.
2554 3860 2793 3925 Qtlschr.
2851 3868 2989 3916 1884

1706 3952 1760 4002 p.
1790 3939 2103 3990 sel—402:
2137 3937 2273 3988 1887
2301 3950 2356 4001 p.
2385 3935 2700 3990 ere—30&
2728 3935 2787 3984 et
2813 3938 2979 3986 355—

1706 4006 1841 4060 374:
1869 4003 1929 4056 in
1958 4004 2044 4056 ed.
2074 4021 2176 4057 sua
2204 4020 2375 4072 supra
2402 4002 2516 4066 cit,
2556 4002 2688 4056 dein
2715 4005 2986 4056 renovata

1705 4091 1843 4129 cura
1870 4074 2173 4128 collatione
2201 4073 2469 4127 institut-a
2514 4091 2648 4128 cum
2672 4090 2759 4142 ep.
2781 4073 2986 4125 Barna-

1708 4148 1811 4201 bae
1839 4149 1896 4199 ct
1920 4146 2161 4199 Hermae
2189 4145 2419 4199 Pastore
2459 4145 2520 4199 in
2547 4144 2985 4212 Kirchcngesch.

1705 4218 1855 4272 Abh.
1898 4218 2015 4271 und
2048 4216 2564 4286 Untersuchungen
2603 4217 2673 4269 ΙΙ.
2712 4215 2842 4267 diss.
2873 4224 2904 4270 b·
2932 4233 2985 4284 p.

1711 4296 1811 4344 108
1833 4297 2006 4351 -144,
2058 4287 2159 4342 ubi
2207 4287 2366 4340 illius
2394 4286 2593 4356 scripti
2633 4285 2986 4356 prioritatem

1705 4376 1841 4430 prae
1859 4360 1949 4413 his
1965 4360 2188 4412 duobus
2203 4358 2473 4411 adversus
2502 4358 2552 4410 H
2570 4374 2602 4410 a·
2620 4376 2646 4409 r
2663 4377 2697 4410 n
2715 4373 2746 4408 a
2764 4373 2792 4410 c
2809 4356 2848 4409 k
2870 4358 2987 4409 tue·

1706 4436 1830 4486 tur:
1872 4431 2084 4484 Civilta
2123 4433 2255 4483 catt.
2289 4437 2419 4484 1901
2465 4432 2503 4486 t.
2533 4435 2566 4484 3
2605 4447 2662 4497 p.
2689 4437 2791 4483 ‘205
2835 4434 2986 4486 ³207.

1707 4503 1811 4556 ubi
1837 4500 2180 4571 proponitur
2208 4516 2399 4553 recens
2427 4499 2826 4560 controversia,
2849 4517 2986 4551 num

1706 4573 1941 4627 libellus
1970 4576 2145 4642 prout
2169 4589 2320 4625 nunc
2350 4573 2571 4641 prostat
2596 4571 2671 4624 sit
2691 4569 2987 4640 originalis

1707 4643 1903 4705 editio,
1967 4661 2040 4696 an
2104 4641 2356 4696 recensio
2421 4642 2628 4712 prioris
2689 4641 2984 4710 cujusdam

1706 4714 1970 4785 opusculi
1997 4716 2166 4767 aucta
2194 4717 2252 4767 et
2276 4716 2582 4767 retractata
2602 4735 2613 4767 :
2641 4714 2690 4767 H
2708 4730 2742 4766 a
2758 4731 2786 4765 r
2800 4731 2837 4765 n
2855 4729 2887 4765 a
2904 4729 2932 4765 c
2950 4713 2988 4764 k

1709 4786 2060 4852 Realencycl.
2091 4793 2160 4851 1⁸,
2182 4788 2479 4842 711—730.
2501 4806 2512 4845 ;
2542 4785 2588 4837 Κ
2605 4804 2633 4838 r
2652 4791 2685 4838 11
2703 4805 2740 4855 g
2757 4801 2786 4837 e
2804 4802 2831 4836 r
2855 4795 2881 4848 ᾗ
2905 4790 2988 4838 21.
