3505 5161
376 208 409 259 2
421 208 452 259 5
464 205 497 260 5
1365 211 1680 263 eorumque
1707 194 2007 250 editiones.

2871 218 2993 271 266

369 379 530 439 Hinc
563 381 777 455 quovis
810 384 1009 443 seculo
1055 384 1330 443 assiduae
1376 383 1656 460 legeban-
1715 402 1870 445 carn.
1904 383 2031 455 VII,
2072 379 2243 464 26).‘
2297 384 2563 443 Sufficiat
2593 386 2763 444 nobis
2797 404 2934 445 eum
2962 405 2999 445 a

371 474 476 527 tur
507 488 615 528 nec
646 489 854 529 eorum
884 472 1056 532 lectio
1079 473 1226 532 satis
1260 472 1659 532 commendari
1715 473 2035 531 Gelasio
2069 473 2347 548 pontifice
2380 492 2470 549 ep.
2507 484 2540 536 5
2590 474 2664 533 ad
2696 475 2999 552 episcopos

370 560 606 632 potest:
651 559 902 636 ideoque
931 565 993 620 et
1023 562 1259 639 saepius
1291 561 1657 638 prodierunt.
1714 581 1820 637 per
1880 562 2164 620 Picenum
2242 562 2359 620 dici
2423 563 2998 631 ,ecclesiasticorum

370 648 467 705 Ita
508 648 634 722 jam
686 648 743 707 b.
789 652 830 707 C
845 651 969 708 ani
989 669 1017 709 s
1034 652 1054 708 i
1071 671 1112 710 u
1131 670 1158 710 s
1207 654 1280 709 ut
1311 688 1339 719 ,
1353 650 1660 727 ingentem
1713 650 1919 709 lumen
1934 650 2357 727 magistrorum
2377 660 2434 722 3⁴<
2452 651 2515 710 in
2530 653 2835 728 martyrol.
2852 671 2997 715 rom.

371 736 532 795 hunc
565 737 957 813 divinumque
973 741 1362 799 thesaurum‘
1396 740 1460 797 in
1489 758 1658 815 prae·

371 825 704 901 grandibus
723 828 1127 888 voluminibus
1145 830 1501 898 latitantem,
1520 829 1656 903 plu-

372 914 542 973 ribus
594 915 869 975 redderet
916 919 1145 989 utilem,
1198 937 1403 977 earum
1424 918 1658 993 pleras-

372 1022 490 1078 que
522 1004 588 1061 in
623 1014 656 1067 3
695 1005 1047 1066 distributas
1082 1007 1143 1068 ll.
1178 1008 1367 1066 edidit
1385 1006 1658 1084 Dilingae

379 1102 566 1161 1565,
603 1112 754 1169 quae
787 1095 876 1154 ed.
910 1096 1250 1171 saepissime
1282 1097 1400 1155 fuit
1431 1114 1657 1165 recusa3

370 1181 458 1239 ita
519 1184 582 1241 et
633 1182 897 1241 Catalani
946 1203 1144 1263 congr.
1198 1185 1357 1243 Orat.
1409 1184 1660 1260 Neapoli

380 1281 579 1340 1755:
612 1272 860 1330 Bassani
902 1282 1098 1343 1768:
1139 1283 1339 1337 1776:
1392 1274 1658 1332 Venetiis

373 1371 401 1423 1
422 1369 566 1421 795.
665 1360 967 1420 Sexdecim
1024 1364 1379 1438 prodierunt
1436 1364 1658 1439 Pragae

377 1457 565 1519 1785,
602 1450 851 1508 selectae
884 1452 1200 1510 Mediolani
1241 1462 1436 1522 18333
1471 1453 1657 1511 unde-

369 1538 506 1607 cim,
542 1538 646 1596 sed
678 1557 816 1598 vere
836 1559 1046 1599 aureas
1067 1540 1366 1600 edidimus
1386 1541 1545 1599 inter
1564 1560 1658 1616 op.

370 1626 468 1684 SS.
503 1627 616 1685 PP.
650 1628 867 1686 selecta
896 1633 941 1687 t.
975 1630 1055 1687 XI
1103 1630 1433 1705 Oeniponte
1474 1640 1658 1693 1870.

377 1724 564 1778 1894.
626 1718 794 1775 Inter
842 1736 935 1794 ep.
987 1720 1223 1793 spurias
1273 1719 1536 1778 notanda
1566 1722 1659 1778 est

369 1805 720 1880 praesertim
754 1824 838 1881 ep.
871 1808 951 1865 ad
970 1806 1472 1886 Demetriadem2),
1507 1827 1658 1884 quae

369 1893 617 1968 incipit:
667 1932 695 1963 ,
711 1894 770 1952 Si
806 1914 1038 1955 summo
1069 1896 1340 1974 ingenii‘
1375 1893 1461 1978 (M
1479 1897 1499 1954 i
1513 1917 1608 1973 gn
1626 1916 1656 1956 e
1696 1972 1703 1979 ⁸

369 1981 451 2040 ib.
487 1982 658 2053 XXX,
689 1994 896 2046 15-—4
908 1981 970 2065 5)
990 1989 1118 2057 etc„
1153 2005 1304 2062 quae
1324 1989 1417 2045 est
1447 1987 1492 2044 P
1510 1987 1575 2045 el
1595 2006 1655 2045 a-

373 2092 413 2147 g
428 2071 449 2129 i
467 2071 489 2129 i
520 2071 983 2134 haeresiarchae.

470 2259 612 2312 145.
646 2251 898 2311 Necesse
947 2272 1067 2311 non
1099 2257 1192 2312 est
1225 2254 1486 2312 virorum
1518 2272 1656 2312 eru-

1713 740 1787 798 ad
1823 748 1923 803 30.
1958 740 2117 814 Sept.
2151 740 2213 798 in
2246 741 2374 816 ejus
2396 740 2634 800 laudem
2666 742 2784 819 legi
2817 741 2996 811 ,Om-

1711 829 1883 887 nium
1916 829 2117 887 studia
2147 828 2459 888 literarum
2480 831 2730 905 adeptus
2763 849 2826 889 ac
2859 849 2995 906 pro-

1713 919 1990 977 batorum
2021 919 2439 977 monachorum
2471 919 2736 978 imitator
2783 919 2994 991 factus,

1712 1007 1906 1065 multa
1937 1008 2242 1066 haeresum
2296 1010 2558 1066 monstra
2604 1008 2804 1085 gladio
2856 1027 2997 1067 suae

1715 1096 2018 1155 doctrinae
2050 1096 2388 1167 confodit3‘
2439 1098 2558 1156 imo
2599 1116 2737 1156 eum
2781 1098 2855 1156 ab
2887 1098 2997 1156 Ec-

1714 1185 1896 1244 clesia
1926 1185 2193 1254 salutari,
2230 1185 2337 1255 ,in
2369 1185 2732 1261 exponendis
2767 1205 2813 1245 s,
2845 1186 2998 1245 Scri·

1713 1277 1926 1351 pturae
1958 1274 2251 1333 doctorem
2275 1275 2658 1333 maximum<
2691 1276 2996 1334 Eruditio-

1712 1364 1810 1422 nis
1861 1363 1990 1438 ejus
2042 1362 2446 1422 defensionem
2495 1363 2780 1423 adversus
2825 1363 2996 1423 Joan.

1715 1452 1924 1511 Clerici
1942 1452 2260 1510 Censuram
2277 1452 2510 1527 scripsit
2541 1453 2600 1510 M
2616 1473 2650 1511 a
2663 1473 2694 1511 r
2709 1457 2733 1510 t
2748 1454 2769 1511 i
2784 1473 2818 1511 a
2834 1473 2874 1511 n
2890 1472 2997 1512 ae-

1714 1559 1819 1612 uS,
1888 1560 2067 1615 quam
2129 1541 2311 1600 habes
2376 1541 2533 1617 apud
2579 1542 2778 1618 Migne
2822 1542 2995 1613 XXV,

1722 1643 1743 1693 1
1765 1640 1796 1691 5
1811 1642 1840 1693 7
1855 1640 2117 1693 7-1608.
2140 1663 2226 1674 -—
2248 1630 2390 1688 Post
2404 1630 2609 1705 plures
2622 1633 2852 1689 veteres
2873 1630 2996 1689 edi-

1714 1720 1910 1778 tiones
1943 1738 2155 1778 novam
2177 1720 2544 1777 adornarunt
2566 1719 2830 1778 monachi
2853 1720 2918 1782 Ο.
2939 1719 2996 1778 S.

1713 1810 1855 1871 Ben.
1888 1829 1920 1867 e
1952 1826 2152 1885 congr.
2185 1827 2228 1867 s,
2261 1808 2454 1866 Mauri
2486 1804 2581 1889 (A.
2607 1808 2906 1886 Pouget
2934 1811 2998 1867 et

1714 1898 1772 1961 J.
1804 1892 2292 1979 Martianay)‚
2332 1897 2578 1956 Parisiis
2621 1907 2990 1962 1693-1706

1713 1991 1760 2057 t,
1796 1997 1832 2049 4
1867 1987 1931 2045 in
1962 1986 2020 2056 f.,
2055 2004 2207 2062 quae
2239 1990 2438 2045 tamen
2457 1986 2711 2045 eruditis
2731 2005 2850 2045 non
2870 2006 2994 2047 om-

1712 2076 1856 2133 nino
1879 2074 2197 2134 satisfecit:
2231 2093 2414 2150 quare
2441 2076 2492 2134 V
2507 2095 2540 2133 a
2556 2076 2579 2133 l
2594 2076 2614 2133 l
2630 2095 2709 2134 ar
2729 2076 2796 2134 si
2826 2076 2996 2136 novis

1714 2165 1875 2223 curis
1908 2164 2084 2224 aliam
2116 2166 2297 2240 atque
2330 2164 2607 2241 pluribus
2639 2169 2873 2224 auctam
2904 2167 2998 2224 est

1711 2272 2049 2330 aggi-essue,
2084 2272 2234 2329 quae
2268 2253 2494 2329 prodiit
2508 2254 2770 2315 Veronae
2801 2262 2994 2317 1734-

372 2338 638 2397 ditorum
672 2341 1010 2416 aequalium
1056 2346 1118 2401 et
1155 2346 1531 2418 posterorum
1561 2361 1656 2400 re-
1702 2353 1794 2405 *42
1832 2345 1875 2400 t.
1915 2354 1984 2406 11
2026 2342 2091 2399 in
2123 2341 2192 2412 f.;
2227 2360 2434 2401 recusa
2463 2346 2525 2400 et
2555 2342 2880 2414 emendata,
2913 2342 2995 2399 ib.

372 2430 526 2485 ferre
572 2430 855 2508 encomia,
910 2431 1134 2504 quibus
1186 2432 1316 2507 ejus
1363 2431 1659 2490 mirantur
1722 2440 2063 2495 1766—72
2099 2435 2142 2490 t.
2174 2442 2238 2494 11
2273 2432 2333 2489 in
2357 2441 2427 2501 4;
2462 2431 2997 2508 recusaaMigne

372 2516 765 2576 eruditionem
827 2519 1003 2596 plane
1067 2517 1198 2601 (pro
1248 2538 1316 2579 eo
1364 2515 1656 2600 tempore)
1712 2520 2152 2592 xxm—xxm
2204 2538 2399 2596 neque
2432 2521 2571 2579 haec
2603 2521 2691 2579 ed.
2727 2520 2995 2597 alioquin

371 2606 791 2680 universalem,
839 2609 1170 2668 disserendi
1220 2609 1569 2687 elegantiam
1589 2605 1656 2690 ¹),
1711 2612 2016 2688 praestans
2050 2610 2328 2669 omnibus
2376 2611 2642 2669 numeris
2687 2614 2778 2670 est
2821 2611 2995 2669 abso·

371 2694 715 2772 linguarum
724 2697 935 2773 peritia
944 2719 1011 2767 m,
1030 2699 1464 2774 Scripturarum
1479 2699 1655 2757 intel·
1712 2701 1859 2769 luta,
1880 2699 2040 2775 quod
2057 2702 2258 2758 textus
2274 2699 2746 2758 emendationem
2758 2700 2995 2762 attinet.

374 2784 703 2861 figentium,
721 2787 1043 2846 utilitatem
1062 2807 1325 2863 operum,
1346 2808 1495 2862 quae
1510 2827 1535 2857 2,
1553 2807 1659 2863 per
1714 2787 2015 2857 Quaedam
2037 2808 2106 2846 ex
2129 2807 2174 2846 s.
2199 2788 2456 2846 doctoris
2490 2789 2769 2864 operibus
2789 2806 2996 2863 graece

372 2874 720 2934 universum
742 2876 1033 2936 mundum
1066 2877 1235 2952 quasi
1254 2877 1491 2936 divinae
1507 2878 1655 2935 lam·
1711 2878 1897 2936 vertit
1917 2878 1953 2935 S
1972 2895 2004 2935 o
2022 2897 2060 2952 p
2076 2876 2115 2934 h
2132 2897 2162 2935 r
2177 2896 2209 2936 o
2228 2878 2304 2934 ni
2322 2897 2363 2934 u
2380 2894 2407 2935 s
2430 2878 2766 2946 monachu3‚
2785 2877 2857 2934 de
2877 2896 2996 2951 quo

371 2962 557 3038 pudes
622 2965 879 3022 rutilant
941 2961 1391 3046 (Cassianus
1443 2967 1514 3024 de
1564 2967 1656 3024 in·
1713 2968 1840 3042 ipse
1874 2966 1945 3025 de
1979 2966 2086 3024 vir.
2106 2965 2192 3023 ill.
2224 2966 2309 3023 ill.
2343 2983 2388 3027 c.
2419 2975 2539 3028 134
2575 2965 2811 3024 scribit:
2849 2965 2997 3034 „So-

1712 3056 2000 3131 phi-onius
2016 3049 2085 3136 ¹),
2121 3055 2214 3112 vir
2246 3055 2511 3128 apprime
2544 3055 2831 3125 eruditu8‚
2865 3054 2996 3112 lau-

454 3189 489 3256 1)
518 3185 651 3239 Non
676 3187 1078 3242 confundenda
1119 3205 1249 3242 cum
1275 3187 1659 3259 pulcherrima
1715 3144 1820 3203 des
1852 3144 2198 3202 Bethlehem
2233 3143 2424 3201 adhuc
2445 3162 2610 3219 puer,
2633 3146 2693 3201 et
2712 3161 2906 3218 nuper
2924 3141 2998 3201 de

373 3273 463 3325 ep,
492 3257 566 3310 ad
606 3258 846 3311 eandem
900 3275 1116 3313 sacram
1160 3260 1438 3331 virginem
1466 3259 1660 3314 Deme·
1715 3233 2099 3291 subversione
2147 3232 2382 3306 Serapis
2430 3232 2726 3309 insignem
2775 3232 2998 3290 librum

373 3327 619 3380 triadem
669 3345 768 3382 seu
812 3331 874 3383 de
914 3334 1211 3385 humilitate
1252 3334 1339 3396 tr„
1385 3348 1532 3398 quae
1576 3334 1683 3384 est¹
1715 3321 2065 3398 composuit,
2118 3320 2189 3379 de
2240 3321 2587 3398 virginitate
2637 3339 2873 3396 quoque
2924 3320 3000 3378 ad

373 3401 575 3452 00¹1ss1'3
601 3398 1040 3470 Pelagiamrum
1066 3418 1326 3458 errorem·
1363 3402 1502 3467 Quifl
1528 3419 1659 3455 *⁷010
1714 3411 2177 3469 Eustochiumet
2188 3410 2697 3469 vitamHilarionis
2708 3408 2996 3478 monachi,

373 3470 500 3537 ejus
527 3470 704 3525 fuerit
728 3475 926 3526 auctor
951 3490 1068 3526 non
1094 3476 1319 3528 constat
1337 3473 1489 3527 inter
1509 3474 1661 3526 viros
1950 3501 1968 3557 1
2224 3499 2235 3511 ·
2629 3499 2650 3557 1
2806 3499 2851 3558 t·
2973 3531 3000 3543 ,

372 3540 648 3594 erudito&
700 3541 822 3596 Alii
848 3560 973 3597 eam
1000 3543 1270 3598 tribuunt
1294 3545 1336 3598 L
1354 3563 1381 3598 e
1403 3562 1434 3598 o
1451 3544 1528 3598 ni
1554 3545 1660 3604 M.;
1717 3518 1949 3575 opuscu
1973 3520 2005 3557 a
2037 3518 2184 3570 mea'
2220 3519 2280 3557 m
2298 3518 2627 3577 graecume
2655 3519 2804 3576 egan
2836 3519 2856 3556 ι
2877 3518 2970 3558 ser

372 3611 478 3665 alii
504 3612 547 3665 P
565 3631 592 3664 r
608 3630 682 3686 os
699 3631 736 3682 p
753 3630 783 3668 e
799 3632 827 3667 r
845 3631 895 3678 0,
935 3613 1039 3669 alii
1075 3617 1299 3670 auctori
1338 3634 1428 3687 op.
1474 3617 1543 3669 de
1570 3633 1663 3670 vo·

374 3683 600 3737 catione
652 3684 913 3765 gentium
966 3686 1038 3739 ob
1088 3687 1207 3741 stili
1253 3686 1661 3756 doctrinaeque
1797 3690 1831 3757 ¹)
1862 3686 1968 3738 Hic
1995 3686 2140 3740 forte
2167 3687 2320 3741 idem
2349 3690 2433 3740 est
2458 3705 2586 3740 cum
2627 3686 2748 3748 illo,
2788 3686 2857 3740 de
2885 3702 3000 3754 quo

374 3754 837 3810 similitudinem.
888 3756 1191 3812 Edidimus
1232 3758 1387 3813 illam
1414 3758 1565 3812 inter
1593 3777 1662 3811 ss,
1720 3756 1817 3810 Ph
1836 3757 1998 3810 otiu
2017 3775 2041 3810 s
2092 3759 2216 3811 cod.
2269 3759 2337 3814 V.
2389 3758 2557 3828 (Mig
2575 3775 2658 3811 ne
2722 3757 2861 3820 CIII,
2913 3759 3001 3828 51)

374 3828 607 3897 patrum
635 3827 910 3897 opuscula
950 3828 1159 3883 selecta
1184 3828 1496 3900 Oeniponti
1527 3834 1664 3885 1868
1717 3830 1979 3888 testatur,
2021 3844 2150 3882 eum
2197 3846 2302 3897 pro
2331 3829 2542 3884 Basilio
2589 3832 2788 3884 contra
2815 3828 3001 3882 Euno-

378 3898 477 3960 111,
510 3901 716 3954 175—‘2
729 3903 820 3958 17:
852 3904 1003 3955 1894.
1716 3898 1900 3952 mium
1927 3899 2214 3969 scripsisse
2231 3900 2460 3965 librum,
2479 3917 2723 3968 eumque
2754 3900 2831 3961 „T
2847 3901 2885 3953 h
2902 3917 2932 3953 e
2948 3917 3004 3954 ο·

449 3971 491 4039 ²)
519 3968 565 4020 B
581 3986 615 4021 a
632 3987 659 4021 r
674 3969 711 4022 d
727 3986 757 4024 e
776 3988 811 4023 n
827 3971 866 4023 h
884 3987 912 4022 e
931 3989 982 4023 w
998 3987 1027 4022 e
1043 3989 1071 4024 r
1092 3981 1118 4038 ξ
1136 3979 1205 4028 93
1222 3991 1278 4028 ιι.
1300 3981 1359 4028 11
1380 3994 1391 4027 :
1422 3971 1664 4034 „Keiner
1718 3970 1804 4023 do
1822 3988 1849 4022 r
1865 3986 1897 4022 o
1925 3973 2365 4042 (mopsuesteno)
2412 3988 2529 4024 esse
2574 3972 2920 4040 apertiorem
2945 3973 3005 4024 et

375 4039 856 4094 ‹lerchristlichen
870 4042 1277 4096 Prosaikerdes
1292 4044 1663 4106 Alterthums‚
1717 4042 1901 4095 multo
1952 4040 2266 4094 doctiorem
2311 4045 2368 4095 et
2415 4042 2749 4097 breviorem.
2802 4041 3003 4108 Neque

374 4112 714 4165 Lactantius
740 4116 888 4165 etwa.
914 4129 1377 4183 ausgeuommem
1418 4115 1521 4168 hat
1562 4116 1669 4166 auf
1718 4112 1872 4164 enim
1899 4129 2000 4181 per
2025 4112 2218 4166 omnia
2245 4112 2592 4166 Eunomium
2620 4112 3002 4183 persequitur,

375 4181 468 4235 die
498 4181 814 4237 Schbnheit
838 4183 938 4237 der
965 4184 1133 4238 Form
1160 4202 1220 4239 so
1247 4186 1438 4239 hohen
1459 4184 1662 4239 Werth
1719 4184 1817 4237 sed
1843 4184 1944 4238 illa
1969 4183 2331 4254 potissimum
2358 4201 2462 4238 exa
2506 4183 2616 4236 itat
2639 4187 2816 4250 atque
2841 4182 3004 4236 refel-

390 4253 589 4323 elegt,
616 4253 744 4322 (wie
762 4253 1181 4328 Hieronymus),
1210 4257 1316 4310 wie
1337 4257 1489 4311 denn
1513 4258 1663 4310 auch
1718 4253 1807 4318 lit,
1835 4272 1982 4322 quae
2008 4272 2229 4308 summa
2256 4253 2448 4323 capita
2510 4255 2717 4307 aeresis
2733 4251 3004 4307 Eunomii

375 4273 575 4378 {einer
591 4324 1363 4396 derselhen‚ausgenommen
1378 4331 1524 4381 etwa
1537 4328 1664 4381 Ter·
1718 4327 2012 4380 continere
2077 4325 2437 4379 videbantur.
2514 4324 2657 4379 Stilo
2718 4342 2858 4378 usus
2919 4326 3008 4378 est

375 4395 606 4458 tullian,
634 4396 850 4450 seinem
876 4415 1094 4467 gauzen
1117 4398 1453 4452 Ausdrucke
1482 4398 1575 4452 ein
1603 4417 1663 4452 so
1718 4397 2067 4468 aphoristico
2109 4400 2167 4450 et
2205 4400 2272 4449 ut
2311 4395 2625 4466 plurimum
2667 4395 2889 4450 solutus
2915 4393 3007 4450 illi

376 4466 788 4522 individuelles
815 4469 933 4522 und
962 4469 1291 4524 orioinelles
1314 4471 1572 4540 Gepritge
1593 4488 1662 4522 zu
1720 4469 2070 4537 minimeque
2099 4468 2314 4538 ligatus
2342 4484 2543 4532 sermm
2584 4484 2698 4522 nou
2744 4466 3008 4536 ingratus

376 4537 669 4591 verleihen
689 4543 894 4593 wusste
912 4583 925 4597 .
945 4580 957 4592 .
976 4580 990 4592 .
1016 4515 1395 4611 ffieronymus
1411 4541 1487 4594 ist
1502 4541 1667 4594 nicht
1719 4543 1929 4605 tamen,
1954 4541 2072 4594 imo
2100 4543 2158 4593 et
2182 4539 2388 4608 logicis
2407 4556 2471 4591 ar
2513 4537 3007 4619 umentatitonibus

378 4609 486 4662 mit
517 4608 772 4663 Unrecht
794 4610 895 4663 der
920 4611 1149 4666 Meister
1169 4612 1269 4665 der
1295 4612 1663 4666 christlichen
1762 4629 1998 4679 erquam
2027 4610 2263 4664 floridus
2290 4613 2423 4664 est.“
2516 4611 2554 4662 f.
2583 4610 2624 4663 F
2641 4627 2675 4662 a
2691 4611 2727 4661 b
2745 4628 2772 4662 r
2789 4627 2809 4663 1
2823 4625 2853 4663 c
2869 4609 2890 4663 i
2906 4627 2944 4662 ιι
2960 4627 3007 4661 s-

380 4680 552 4734 Prosa
596 4681 691 4735 fiir
733 4682 847 4736 alle
893 4683 1198 4754 folgenden
1239 4683 1664 4738 Jahrhunderte
1791 4683 1948 4736 arle
1967 4700 1990 4736 s
2009 4701 2034 4736 s
2061 4682 2208 4737 Bibl.
2233 4700 2319 4752 gr.
2348 4682 2467 4736 1X2.
2500 4689 2808 4741 158—160:
2848 4680 3008 4733 Bar·

381 4756 641 4821 genannt
668 4753 913 4806 worden.
1686 4781 1698 4830 Ι
1722 4756 1759 4808 (1
1777 4770 1806 4806 e
1825 4773 1861 4806 n
1878 4754 1918 4806 h
1934 4770 1963 4806 e
1983 4772 2031 4807 w
2050 4770 2079 4807 e
2095 4771 2124 4807 r
2148 4753 2262 4806 KL.
2290 4754 2383 4818 XI,
2413 4759 2533 4811 519.
