3505 5161
378 163 502 218 225

1047 144 1311 209 Oreisius‚
1338 144 1683 209 Theodorum,
1712 142 1994 197 Macarius
2021 142 2359 214 Aegyptius.

2866 159 2988 213 226

378 332 723 407 Scripturis‚
757 334 828 391 ut
856 330 1063 390 scribit
1093 332 1538 391 Gennadius
1587 331 1657 389 de
1715 340 1796 393 30
1833 329 2226 389 monasticum
2271 332 2363 388 est
2407 331 2713 406 amplexus
2745 330 2992 389 inst-itu-

377 423 488 483 vir.
519 421 607 479 ill.
639 438 687 485 c.
724 431 779 491 9,
826 421 897 479 ad
931 420 1257 497 perfectum
1302 420 1655 490 instructus,
1713 423 1861 489 tum,
1885 419 1949 477 in
1969 437 2087 495 quo
2111 420 2306 496 rigore
2327 419 2485 477 vitae
2505 420 2833 495 plurimum
2854 437 2990 494 pro-

379 505 536 592 (qui)
572 510 903 585 composuit
943 510 1163 569 librum
1212 509 1412 567 divino
1457 508 1657 567 condi·
1713 508 1868 578 fecit,
1903 515 1965 566 et
1995 528 2044 567 a.
2077 511 2256 566 natus
2280 519 2359 571 40
2396 507 2723 567 sacerdotio
2755 511 2848 566 est
2877 508 2993 565 ini-

377 604 511 659 tum
556 599 679 657 sale
723 599 1032 674 totiusque
1077 598 1434 659 monasticae
1480 597 1657 657 disci·
1712 599 1914 661 tiatuS.
1991 597 2063 655 In
2126 597 2386 655 abditam
2438 597 2682 655 secessit
2730 616 2994 655 eremum

377 689 580 764 plinae
612 687 1030 747 instrumentis
1063 690 1467 747 constructum
1488 690 1565 757 et,
1588 689 1657 746 ut

380 777 733 853 simpliciter
763 776 971 846 dicam,
1020 777 1084 836 in
1134 795 1251 853 quo
1281 779 1478 836 totum
1510 795 1659 852 pene

377 867 447 929 V.
497 869 558 925 et
608 866 681 923 N.
730 866 1173 926 Testamentum
1233 866 1659 941 compendiosis

380 955 896 1015 dissertationibus
972 956 1148 1030 juxta
1235 955 1658 1013 monachorum

379 1046 687 1103 dumtaxat
706 1043 1121 1103 necessitatem
1142 1043 1450 1103 invenitur
1480 1062 1656 1119 expo·

379 1134 596 1205 situm3
661 1152 836 1208 quem
884 1135 1085 1192 tamen
1146 1132 1272 1191 vice
1316 1131 1661 1191 testamenti

380 1241 564 1300 prope
597 1222 752 1281 diem
784 1221 986 1281 obitus
1020 1222 1115 1282 sui
1149 1222 1219 1301 (c.
1255 1217 1409 1302 380)
1460 1221 1659 1279 fratri-

379 1313 494 1370 bus
545 1312 827 1370 obtulit.‘
892 1310 1003 1370 Hic
1050 1312 1203 1370 liber
1248 1311 1489 1371 videtur
1531 1329 1660 1369 esse

380 1400 651 1461 doctrina
710 1401 779 1458 de
826 1402 1181 1460 institutione
1229 1401 1657 1475 monachorum,

381 1491 554 1565 cujus
586 1489 920 1549 versionem
965 1490 1232 1563 latinam,
1280 1489 1353 1547 ab
1394 1488 1660 1548 Hiero-

379 1598 476 1654 ny
490 1599 550 1638 m
568 1596 603 1637 0
633 1579 785 1637 forte
800 1579 1143 1638 adornatam
1166 1578 1356 1637 adhuc
1376 1577 1660 1636 habemus

381 1668 661 1744 (Migne
692 1668 755 1725 P.
789 1668 854 1726 G.
875 1667 989 1738 XL,
1017 1663 1365 1747 869—94).
1398 1667 1661 1725 Circum-

1715 686 1872 745 Sceti
1893 685 2226 761 claruitque
2255 706 2432 761 quam
2465 686 2714 745 maxime
2745 686 2993 743 virtuti-

1715 775 1827 833 bus
1847 778 2026 851 atque
2047 775 2238 852 signis
2258 771 2335 858 ¹):
2370 795 2476 852 pro
2507 775 2620 833 fide
2649 779 2849 832 tamen
2881 774 2994 832 sub

1718 865 1963 923 Valente
2008 864 2148 939 imp.
2194 864 2259 923 in
2303 864 2581 923 exsilium
2625 867 2720 923 est
2762 864 2995 939 pulsus.

1716 953 1882 1012 Obiit
1913 972 2090 1011 senex
2121 973 2170 1012 a.
2210 965 2287 1017 90
2323 953 2476 1012 circa
2508 974 2557 1018 a.
2582 963 2705 1016 390
2730 953 2824 1011 vel
2849 962 2995 1015 391.

1716 1042 1969 1118 Scripsit
2005 1045 2158 1101 teste
2191 1043 2586 1102 Gennadio
2635 1043 2706 1100 de
2753 1042 2863 1101 vir.
2910 1042 2994 1105 ill.

1717 1150 1765 1191 6.
1823 1144 1918 1195 10.
1970 1131 2044 1190 ad
2098 1132 2367 1208 juniores
2417 1130 2804 1207 professionis
2856 1148 2997 1189 suae

1716 1222 2046 1297 epistolam,
2103 1221 2208 1289 ,in
2254 1240 2372 1297 qua
2417 1221 2604 1291 docet,
2656 1220 2830 1278 illum
2863 1238 2997 1295 per·

1717 1310 1867 1368 fecte
1887 1311 2006 1368 Deo
2028 1328 2198 1385 posse
2220 1310 2456 1380 servire,
2479 1310 2584 1385 qui
2603 1309 2996 1368 conditionem

1716 1399 2032 1457 creationis
2066 1417 2207 1457 suae
2254 1417 2628 1475 cognoscem,
2677 1398 2750 1456 ad
2795 1415 2998 1458 omnes

1718 1488 2106 1563 semetipsum
2138 1487 2517 1546 inclinaverit
2547 1488 2777 1546 labores
2811 1490 2873 1545 et
2902 1487 2997 1543 lu-

1717 1576 1931 1636 ctando
1950 1580 2131 1651 atque
2154 1576 2258 1635 Dei
2279 1576 2592 1635 adversum
2614 1595 2803 1645 omne,
2838 1575 2998 1650 quod

1718 1667 1783 1723 in
1815 1667 1920 1724 hac
1952 1666 2076 1724 vita
2107 1684 2287 1724 suave
2318 1668 2426 1735 est,
2463 1665 2750 1723 auxilium
2782 1665 2995 1739 implo-

377 1758 574 1815 fertur
622 1756 801 1816 etiam
850 1756 1094 1816 libellus
1127 1756 1515 1815 brevissimus
1549 1754 1662 1814 sub
1715 1755 1920 1823 rand0,
1943 1754 2016 1813 ad
2036 1754 2373 1813 naturalem
2394 1773 2631 1829 quoque
2650 1753 2998 1830 perveniens

383 1845 595 1906 Orsisii
655 1845 894 1905 nomine
956 1847 1024 1904 de
1084 1865 1185 1905 sex
1229 1844 1664 1923 coyitationibus
1717 1844 2060 1919 puritatem,
2094 1844 2521 1902 continentiam
2554 1844 2722 1902 velut
2754 1844 3000 1901 naturae

379 1942 718 1994 sanctorum
752 1930 859 2015 (ib.
893 1944 1014 1999 895
1040 1930 1133 2011 3.).
1168 1935 1272 2010 qui
1295 1933 1660 2009 fortejunio·
1718 1932 1992 1991 debitum
2023 1951 2242 1991 munus
2275 1932 2662 1992 obtinuerit.<¹
2699 1931 2997 1990 Tribuun·

382 2025 468 2082 ris
519 2027 613 2083 est
660 2024 940 2084 auctoris,
992 2057 1078 2067 —-
1124 2023 1386 2081 Orsisius
1438 2022 1554 2080 sibi
1600 2022 1663 2079 16
1720 2026 1822 2079 tur
1854 2021 1910 2079 ei
1942 2022 2217 2080 homiliae
2249 2040 2355 2080 seu
2386 2024 2790 2081 instructiones
2821 2021 2998 2096 spiri-

380 2115 510 2171 tam
540 2112 772 2171 difficili
817 2132 1062 2172 munere
1107 2112 1510 2187 coadjutorem
1560 2111 1663 2169 ad-

382 2202 559 2260 scivit
606 2201 1090 2261 Theodorum
1142 2201 1503 2276 discipulum
1554 2200 1663 2258 Pa-

382 2290 603 2350 chomii
634 2291 1081 2366 praedilectum,
1129 2290 1251 2366 qui,
1297 2292 1451 2349 teste
1484 2288 1664 2348 Gen-

383 2379 615 2439 nadio
649 2399 694 2439 6.
731 2389 766 2442 8
804 2371 1090 2454 ,scripsit
1120 2380 1195 2437 ad
1225 2378 1342 2438 alia
1370 2379 1666 2436 monaste-

384 2470 473 2527 ria
504 2469 789 2545 epistolas
826 2487 902 2531 ss,
926 2467 1363 2544 Scripturarum
1398 2485 1666 2525 sermone

386 2558 666 2635 digestas,
712 2558 777 2618 in
823 2558 1043 2634 quibus
1093 2560 1289 2616 tamen
1323 2557 1668 2631 frequenter

383 2648 660 2707 meminit
708 2648 982 2725 magistri
1033 2652 1093 2706 et
1139 2646 1506 2706 institutoris
1557 2646 1667 2703 Pa-

386 2736 605 2795 chomii
636 2740 700 2795 et
729 2737 1029 2795 doctrinae
1044 2736 1191 2812 ejus,
1224 2755 1291 2794 ac
1321 2736 1480 2793 vitae
1500 2734 1671 2810 ponit

387 2826 669 2901 exempla,
722 2845 871 2901 quae
920 2826 1025 2884 ille
1070 2827 1141 2883 ut
1186 2825 1424 2883 doceret
1457 2823 1667 2899 angelo

1721 2112 1904 2169 tuales
1924 2111 1994 2173 L.
2017 2111 2088 2169 de
2109 2111 2454 2188 integritate
2476 2112 2650 2181 vitae,
2676 2130 2827 2185 quae
2848 2109 3000 2167 chri-

1721 2200 1947 2258 stianos
1979 2200 2197 2258 deceat.
2229 2200 2345 2258 Eae
2376 2200 2652 2276 pluribus
2685 2198 3004 2257 admodum

1721 2289 2052 2365 probantur
2063 2294 2308 2364 propter
2319 2289 2633 2365 egregiam,
2653 2308 2830 2363 quam
2843 2307 3001 2345 com-

1722 2378 2069 2453 plectuntur
2100 2378 2428 2436 doctrinam
2463 2376 2791 2448 asceticam,
2839 2380 2900 2434 et
2931 2376 3002 2433 de

1723 2486 1927 2526 earum
1989 2466 2362 2542 genuinitate
2429 2466 2602 2542 juxta
2665 2468 2711 2525 B
2728 2486 2761 2523 a
2776 2486 2805 2524 r
2822 2467 2857 2524 d
2875 2484 2906 2523 6
2922 2484 2960 2521 11
2978 2496 3003 2507 -

1724 2557 1972 2615 hewer
2002 2550 2032 2620 ἓ
2057 2564 2133 2619 65
2172 2574 2227 2614 6.
2252 2567 2287 2618 4
2323 2555 2422 2614 vix
2451 2556 2691 2615 videtur
2720 2555 3004 2614 dubitan-

1725 2647 1886 2708 dum.
1920 2645 2142 2703 Verum
2173 2664 2292 2703 non
2324 2645 2545 2704 desunt
2575 2645 2698 2721 qui,
2732 2644 3005 2720 quamvis

1724 2734 2000 2792 homilias
2017 2753 2085 2790 ex
2102 2737 2268 2809 parte
2283 2734 2544 2802 laudent,
2561 2736 2774 2791 noiant
2788 2737 3005 2802 tamen,

1726 2844 1795 2881 ea
1837 2823 2128 2881 nonnulla
2171 2823 2431 2881 admixta
2475 2822 2687 2880 habere
2731 2821 2898 2898 gravi
2947 2823 3008 2877 et

388 2914 847 2973 administrante
878 2913 1183 2974 didicerat.
1217 2912 1409 2971 Simul
1441 2916 1502 2970 et
1534 2912 1669 2970 hor·
1728 2911 2002 2987 diligenti
2035 2929 2287 2970 censura
2318 2912 2512 2987 digna,
2561 2910 2706 2969 adeo
2739 2914 2810 2968 ut
2840 2910 3006 2967 locus

388 3008 553 3062 tatur
584 3004 1047 3078 permanendum
1089 3003 1153 3062 in
1192 3001 1498 3078 proposito
1543 3019 1672 3060 cor·
1728 3001 1811 3059 sit
1842 3000 2185 3074 suspicioni,
2242 3019 2310 3059 ea
2355 3000 2427 3058 ab
2460 3000 2662 3075 aliquo
2693 2998 3007 3075 pelagiano

390 3093 484 3151 dis
517 3097 578 3150 et
610 3092 798 3151 studii
847 3096 908 3152 et
953 3092 1146 3152 redire
1197 3093 1260 3150 in
1303 3089 1673 3149 concordiam
1727 3089 1913 3148 fuisse
1960 3089 2336 3164 interpolata.
2423 3089 2714 3164 Opuscu-la
2765 3090 3009 3146 ascetica

391 3185 453 3240 et
483 3181 776 3240 unitatem
809 3200 928 3252 603,
975 3182 1081 3256 qui
1113 3184 1250 3257 post
1279 3179 1512 3238 abbatis
1548 3177 1670 3236 obi·
1729 3181 1957 3254 septem
2007 3178 2079 3235 de
2130 3178 2402 3237 custodia
2451 3176 2675 3247 cordis,
2742 3178 2813 3234 de
2872 3195 3006 3251 per-

389 3276 539 3340 tum,
574 3269 944 3329 dissensione
976 3271 1145 3340 facta,
1199 3290 1232 3328 a
1278 3272 1451 3327 coetu
1485 3270 1674 3326 semet
1728 3268 1981 3327 sectione
2011 3267 2074 3324 in
2107 3267 2343 3343 spiritu,
2384 3267 2457 3325 de
2488 3266 2768 3334 oratione,
2803 3265 2873 3322 de
2905 3285 3007 3339 pa-

391 3360 556 3435 ipsos
588 3359 960 3418 absciderant
979 3360 1250 3421 unitatis,
1285 3360 1441 3418 Sunt
1474 3360 1674 3415 autem
1728 3357 1944 3415 tientia
2003 3360 2065 3414 et
2124 3356 2497 3427 discretione,
2551 3356 2622 3414 de
2683 3354 3011 3413 elevatione

390 3449 574 3524 hujus
636 3449 1063 3508 exhortationis
1139 3449 1404 3521 epistolae
1463 3450 1587 3504 tres
1612 3453 1670 3503 2‘
1728 3447 1974 3522 mentis,
1999 3445 2071 3504 de
2092 3446 2352 3517 caritate,
2386 3445 2457 3502 de
2478 3445 2751 3504 libertate
2771 3443 3006 3510 mentia,

393 3556 545 3613 ‘1¹²⁸ss
576 3541 777 3638 tame-¹²
808 3537 1131 3637 Perierunf'·
1164 3537 1670 3634 Hieronymus
1833 3572 1869 3634 ¹)
1909 3562 1990 3615 De
2041 3564 2163 3631 ejus
2213 3562 2427 3616 virtute
2477 3565 2650 3629 atque
2703 3557 3011 3618 miraculis,

392 3645 571 3684 unam
605 3626 780 3685 nobis
812 3629 1136 3684 asservavit
1167 3644 1254 3700 ep.
1288 3623 1576 3682 Theodori
1607 3624 1675 3679 de
1731 3651 1878 3701 quae
1906 3633 2175 3702 patravit,
2215 3634 2401 3687 multa
2427 3633 2645 3687 habent,
2683 3631 2783 3684 Ru
2803 3631 2912 3683 fin
2933 3647 3012 3682 us

383 3715 662 3789 paoehale
692 3715 765 3772 ad
796 3715 995 3774 omnig
1026 3714 1379 3772 monasteria
1411 3710 1674 3792 (Migne
1729 3706 1793 3787 {n
1822 3705 1954 3786 vltis
2021 3709 2212 3758 atrum
2256 3722 2302 3757 c.
2332 3713 2401 3760 28
2426 3723 2468 3757 S.
2508 3706 2567 3757 et
2607 3702 2874 3785 Rallad
2895 3701 3012 3755 ius

395 3805 458 3867 P·
488 3803 552 3862 L·
585 3803 777 3863 XXIII
830 3814 909 3867 99
945 3799 1034 3884 8.).
1069 3804 1234 3861 Obiit
1255 3802 1382 3878 jam
1419 3803 1673 3875 27·Apr·
1729 3795 1791 3858 in
1820 3777 1968 3856 hist..
2015 3793 2219 3856 aux-130.
2252 3783 2316 3831 19
2345 3794 2416 3834 3.;
2463 3776 2533 3828 cf.
2575 3781 2745 3828 etiarn
2788 3771 3012 3826 Bollan-

399 3903 544 3957 ses.
577 3892 661 3951 cf.
697 3849 872 3951 aoita
904 3893 1043 3954 diss.
1090 3893 1172 3955 st.
1219 3889 1676 3950 Schiewietz
1730 3846 2676 3980 ssffieeffoffssss¹³vsfffff5⁵54³j¹glssg
2705 3851 3012 3972 {32‘122-310‘}

397 3982 603 4045 Geseh.
654 3983 758 4040 der
806 3982 975 4040 Pach.
1026 3982 1265 4040 Kloster
1311 3979 1484 4038 Arch.
1531 3979 1567 4037 f.
1619 3978 1674 4038 k.
1739 4024 1792 4031 -
1829 3989 1908 4041 De
1935 3988 2050 4041 alio
2079 3989 2328 4057 quodam
2359 3988 2686 4042 Macario
2733 3985 3013 4041 monacho

395 4070 701 4130 Kirchem·.
732 4070 982 4139 LXXXI,
1018 4080 1136 4133 461
1179 4089 1254 4128 SS.
1732 4059 2323 4114 refertGennadius
2351 4077 2395 4112 e.
2415 4068 2499 4115 28:
2521 4057 2857 4127 „scripsitin
2875 4057 3014 4109 urbe

493 4170 635 4223 124.
682 4160 1025 4220 Sanctitatis
1072 4160 1225 4217 fama
1271 4159 1682 4219 inclaruerunt
1732 4132 1912 4185 ROma
1938 4131 2209 4210 advers&
2250 4130 2690 4210 mathematicos.
2720 4129 2911 4210 libro&
2952 4124 3014 4205 ΞΡ

1735 4220 1848 4272 quo
1875 4203 2066 4255 labore
2089 4201 2470 4255 Orientalium
2498 4206 2786 4268 quaesunt
2809 4198 3015 4250 solatia.

398 4249 500 4308 alii
562 4248 715 4349 duc.)⁸
747 4266 793 4307 3.
844 4248 1091 4307 Antonii
1140 4248 1441 4323 discipuli,
1506 4249 1678 4307 ambo
1735 4274 2209 4355 scripturarum&
2255 4273 2399 4325 forte
2441 4273 2580 4338 quia
2621 4271 2891 4348 Rufinum
2930 4284 3015 4320 ro,

398 4337 720 4395 Macarii
782 4355 996 4395 nomen
1056 4340 1361 4414 gerentes,
1427 4357 1679 4414 quorum
1734 4349 1912 4416 gavit,
1929 4346 2249 4397 utverteret
2267 4343 2554 4412 Pamphili
2577 4342 3016 4411 Apologeticum

398 4444 576 4495 61163,
610 4427 682 4483 ut
711 4425 785 4484 ab
817 4426 1001 4484 altero
1018 4426 1444 4503 distinguatur,
1484 4428 1679 4484 dictus
1736 4421 1794 4470 et
1821 4415 2082 4485 origenis
2109 4432 2254 4485 opus
2294 4415 2361 4468 <10
2390 4413 2710 4483 principiis,
2756 4427 2869 4479 <1¹¹0
2897 4410 3017 4463 illis

400 4518 493 4574 est
510 4516 562 4573 A
577 4534 609 4574 e
624 4534 718 4592 gy
734 4535 772 4591 p
789 4518 815 4573 t
831 4515 850 4571 i
868 4534 907 4573 6
926 4534 952 4571 3
970 4559 983 4584 ,
1020 4516 1056 4572 S
1073 4534 1103 4572 e
1119 4515 1246 4573 nio
1262 4534 1292 4571 r
1308 4559 1321 4584 ,
1356 4517 1417 4572 et
1448 4515 1589 4588 quia
1617 4515 1680 4573 in
1736 4490 2021 4612 {tgfffffiru
2040 4487 2360 4627 ξ’(ὲρθέιῗὶῧ
2374 4502 2687 4623 5331ἰίυὲἶῶ
2705 4483 3020 4613 ἳζῡὲῗίιῖιίῗ

392 4605 652 4679 juvenili
681 4606 877 4662 aetate
911 4603 1069 4661 senis
1103 4604 1507 4661 maturitatem
1540 4621 1681 4678 Prae
1737 4648 1864 4683 run
1892 4630 2018 4692 fide,
2047 4627 2384 4692 eruditione,
2411 4627 2730 4688 nobilitate,
2765 4625 2883 4678 vita
2909 4623 3020 4676 cla-

404 4711 465 4753 36
496 4693 723 4753 ferebat
740 4691 1229 4773 παιδαριογέρων.
1276 4695 1478 4750 Annos
1501 4697 1680 4751 natus
1736 4715 1913 4755 rum.-

616 4801 807 4857 Hurter,
836 4801 1164 4847 Nomenclator
1191 4801 1209 4845 l
1236 4800 1308 4845 ed.
1338 4798 1418 4844 ΙΙΙ.
2666 4796 2700 4843 8
