3505 5161
369 224 407 275 5
1429 224 1471 260 s.
1504 205 1763 261 Clemens
1793 224 1933 261 rom.
2955 224 2990 276 6

363 392 628 452 contulit
672 411 810 452 cum
855 394 942 451 eis
988 396 1050 452 et
1079 412 1266 469 quum
1317 395 1509 453 adhuc
1557 396 1649 453 in·
1707 394 1980 473 originis,
2015 394 2257 453 disserit
2288 396 2468 469 atque
2499 394 2563 451 in
2583 393 2821 471 epilogo
2854 393 2991 452 illos

368 485 679 541 sonantem
711 482 1213 557 praedicationem
1244 486 1650 560 apostolorum
1706 484 1929 543 iterum
1989 485 2288 543 instanter
2346 483 2641 554 admonet,
2704 485 2776 541 ut
2814 482 2991 541 dictis

364 576 429 632 et
447 572 835 631 traditionem
854 575 992 630 ante
1011 573 1213 631 oculos
1232 574 1519 633 haberet‘
1540 577 1648 636 etc.
1707 572 1988 632 obediant
2017 573 2380 649 redeantque
2411 572 2486 630 ad
2517 572 2891 631 concordiam
2932 576 2994 631 et

366 662 528 729 Quae
577 661 649 719 ad
700 661 899 736 ipsum
949 664 1235 736 spectant,
1284 667 1429 722 sunt
1452 664 1650 739 'plera-
1705 663 2020 722 unitatem.
2083 662 2350 732 Quantae
2391 661 2765 720 auctoritatis
2809 661 2991 720 fuerit

361 769 485 825 que
537 750 737 813 dubia.
801 751 1036 809 Dicitur
1084 751 1148 809 in
1199 753 1487 831 catalogis
1537 753 1648 811 Li·
1705 752 2138 828 pretiosissima
2186 752 2331 810 haec
2382 750 2650 826 epistola,
2702 750 2800 808 vel
2849 750 2988 810 inde

367 840 580 899 herii
626 843 687 899 et
731 840 1028 900 Felicis
1074 841 1316 900 natione
1347 843 1649 901 Romanus
1707 842 1918 916 liquet,
1938 840 2519 917 quoddignahabita
2537 839 2617 898 sit
2634 838 2989 914 quaeinEc-

362 929 441 988 de
516 930 761 1007 regione
824 929 1020 989 Coelio
1081 933 1283 990 monte
1351 950 1421 992 ex
1480 935 1649 1009 patre
1707 931 1904 990 clesiis
1954 930 2193 1006 publice
2242 931 2544 1007 legeretur
2556 924 2604 1010 ¹)
2655 931 2717 986 et
2762 948 2797 986 a
2841 947 2989 986 non-

368 1019 674 1078 Faustino.
706 1018 974 1079 Tradunt
1007 1016 1136 1100 (sed
1156 1017 1480 1102 immerito)
1502 1040 1648 1079 non·
1706 1021 1894 1079 nullis
1929 1019 2169 1095 scriptis
2214 1019 2338 1077 fere
2371 1018 2671 1077 canonicis
2703 1016 2988 1075 adnume-

368 1109 523 1167 nulli
557 1127 696 1167 eum
727 1108 914 1167 fuisse
946 1127 1016 1168 ex
1047 1108 1238 1168 nobili
1258 1110 1486 1169 familia
1504 1110 1647 1170 Ves-
1705 1113 1954 1168 raretur.
1987 1108 2126 1167 Ideo
2160 1111 2361 1167 autem
2394 1107 2551 1166 tanti
2573 1109 2665 1165 est
2683 1106 2988 1178 momenti,

368 1198 614 1273 pasiano
631 1200 882 1274 cognata
896 1202 958 1256 et
971 1200 1358 1274 proprinqua,
1377 1200 1495 1259 imo
1511 1218 1647 1258 eum
1707 1198 1868 1275 quod
1900 1198 2027 1273 ipso
2060 1198 2216 1256 facto
2247 1196 2465 1274 probet
2496 1195 2863 1273 singularem
2892 1214 2989 1254 ro-

368 1286 555 1345 fuisse
586 1287 760 1344 illum
805 1287 1003 1346 virum
1049 1289 1420 1348 consularem
1451 1289 1645 1347 Flavi·
1705 1306 1912 1346 manae
1943 1286 2239 1345 Ecclesiae
2284 1286 2698 1345 auctoritatem
2744 1284 2882 1343 inde
2915 1285 2988 1343 ab

366 1395 473 1435 um
521 1376 881 1435 Clementem
898 1374 963 1458 1),
1011 1378 1119 1452 qui
1162 1378 1275 1436 sub
1308 1378 1647 1437 Domitiano
1705 1376 1941 1436 exordio
2001 1375 2310 1453 religionis
2375 1374 2762 1445 christianae3
2827 1373 2987 1448 quod

366 1484 488 1523 una
538 1483 674 1523 cum
725 1482 906 1524 uxore
954 1465 1157 1526 Flavia
1207 1467 1513 1526 Domitilla
1572 1467 1647 1525 ob
1704 1465 2115 1525 testimonium
2160 1465 2313 1522 ferat
2358 1464 2429 1522 de
2476 1462 2637 1521 Petri
2684 1466 2875 1521 morte
2923 1480 2989 1520 ac

369 1554 750 1612 christianam
781 1555 1133 1631 religionem
1151 1557 1525 1631 injudicium
1543 1574 1647 1614 vo·
1705 1556 1990 1632 martyrio
2023 1555 2086 1613 in
2119 1554 2293 1622 Urbe,
2327 1553 2399 1611 de
2431 1551 2759 1611 hierarchia
2789 1551 2853 1609 in
2880 1551 2988 1610 Ec-

370 1645 534 1701 catus
566 1646 758 1702 morte
791 1648 885 1701 est
915 1644 1230 1706 damnatus
1250 1665 1300 1704 a.
1327 1656 1404 1708 95
1429 1646 1524 1704 vel
1548 1655 1647 1707 96.
1704 1646 1885 1704 clesia
1915 1664 1982 1703 ex
2016 1643 2235 1703 Christi
2264 1640 2662 1711 institutione,
2687 1639 2847 1714 quod
2860 1640 2988 1715 jam

368 1732 766 1809 Suspicantur
826 1751 967 1792 vero
1017 1734 1121 1792 alii
1165 1735 1396 1793 ratione
1446 1735 1650 1793 habita
1706 1737 1936 1810 septem
1970 1753 2039 1791 ex
2066 1742 2139 1795 14
2158 1731 2327 1791 libris
2347 1730 2414 1790 V.
2436 1733 2498 1790 et
2517 1729 2589 1791 N.
2612 1729 2674 1787 Τ.
2711 1728 2984 1787 deutero-

370 1821 588 1880 indolis
639 1822 925 1898 epistolae
977 1841 1118 1882 suae
1169 1823 1243 1881 ad
1294 1823 1646 1893 CorinthioS,
1705 1823 2001 1882 canonicis
2051 1821 2224 1881 modo
2273 1819 2495 1879 citandi
2546 1837 2593 1877 s.
2644 1817 2987 1893 Scripturas

372 1929 501 1968 eum
537 1910 726 1969 fuisse
756 1911 1008 1987 originis
1021 1911 1313 1987 judaicae.
1344 1912 1453 1972 Est
1470 1913 1647 1971 etiam
1706 1916 2009 1971 accenseat
2020 1908 2069 1994 ²)
2104 1914 2215 1973 etc.
2249 1909 2558 1968 Prodierat
2589 1926 2761 1984 saepe
2784 1907 2846 1965 in
2868 1908 2986 1965 col-

367 2002 831 2069 controversum,
847 2019 995 2059 num
1025 2000 1209 2060 suerit
1239 2001 1341 2062 ille
1362 2002 1646 2071 Clemens,
1705 2000 2065 2060 lectionibus
2081 2018 2261 2074 supra
2267 2000 2391 2073 jam
2411 1996 2669 2055 laudatis
2704 1994 2787 2075 (n.
2814 2005 2848 2058 2
2867 2016 2923 2072 p.
2950 2006 2984 2059 3

372 2090 542 2165 cujus
592 2089 867 2147 meminit
915 2090 1137 2149 Paulus
1186 2091 1336 2149 Phil.
1385 2101 1442 2160 4,
1481 2101 1536 2161 3,
1588 2093 1650 2149 et
1705 2088 1885 2171 adn.),
1938 2090 2042 2148 sed
2093 2109 2162 2149 ex
2192 2092 2360 2163 parte
2407 2089 2661 2145 tantum.
2707 2086 2987 2160 Bryon-

369 2196 516 2235 num
564 2178 750 2236 fuerit
797 2178 1176 2239 immediatus
1226 2200 1301 2238 an
1348 2180 1647 2239 mediatns
1703 2180 1878 2238 nius
1927 2199 2053 2238 eam
2095 2179 2333 2237 demum
2378 2197 2428 2234 a.
2471 2183 2629 2238 1875
2679 2174 2742 2232 in
2789 2174 2987 2233 codice

372 2284 418 2324 s.
450 2266 610 2324 Petri
647 2285 969 2339 successor,
1005 2268 1162 2343 quod
1196 2268 1648 2345 praeferendum
1705 2266 2351 2344 constantinopolitano
2397 2266 2691 2341 integram
2733 2264 2983 2339 reperit:

369 2355 445 2412 ob
477 2374 526 2413 s,
558 2355 785 2415 Irenaei
816 2357 994 2416 testis
1025 2356 1140 2416 fide
1172 2358 1342 2435 digni
1392 2359 1646 2417 auctori·
1703 2359 1842 2417 hinc
1873 2359 2049 2434 plena
2081 2376 2201 2416 non
2235 2354 2532 2430 reperitur
2562 2352 2679 2410 nisi
2712 2351 2777 2410 in
2809 2352 2986 2411 editi·

365 2448 572 2505 tatem.
638 2445 872 2504 Obiisse
914 2445 1165 2505 tradunt
1202 2456 1302 2509 23.
1335 2447 1482 2507 Nov.
1527 2459 1643 2509 100
1703 2448 1918 2507 onibus
1952 2447 2058 2505 hac
2090 2444 2313 2522 epocha
2343 2441 2789 2503 recentioribus.
2849 2442 2985 2517 Ipse

371 2534 463 2593 vel
507 2545 645 2605 101,
695 2534 799 2593 sed
845 2553 995 2612 quae
1040 2536 1266 2597 fuerint
1298 2537 1510 2596 mortis
1542 2535 1644 2595 ad·
1703 2536 1880 2596 etiam
1942 2537 2202 2612 primum
2263 2552 2393 2592 eam
2436 2532 2733 2608 integram
2782 2549 2986 2608 graece

362 2624 588 2696 juncta,
649 2624 826 2701 plane
886 2629 982 2684 est
1027 2626 1320 2686 incertum
1346 2621 1416 2707 2).
1480 2626 1645 2695 ,Sub
1703 2625 2212 2701 Constantinopoli
2244 2631 2401 2686 1875
2439 2621 2656 2690 edidit3
2689 2620 2828 2679 dein
2859 2620 2984 2678 edi-

371 2713 473 2771 hoc
504 2714 698 2790 igitur
728 2715 1044 2784 Clemente,
1078 2716 1465 2792 prosequitur
1496 2716 1644 2774 Ire·
1705 2714 1924 2774 derunt
2001 2711 2394 2773 Gebhardt
2469 2713 2531 2769 et
2607 2710 2662 2768 H
2683 2729 2813 2768 arn
2832 2710 2983 2781 ack,

371 2821 605 2861 naeus
654 2803 694 2861 1.
726 2821 792 2874 c.,
840 2802 1208 2864 dissensione
1252 2823 1372 2863 non
1418 2804 1648 2863 modica
1702 2803 1935 2880 Lipsiae
1963 2813 2143 2873 18763
2177 2798 2659 2877 Hilgenfeld,
2693 2799 2984 2870 ib.1876;

377 2891 522 2951 inter
560 2910 679 2960 eoa,
713 2892 819 2967 qui
850 2893 1117 2952 Corinthi
1168 2897 1385 2965 essent,
1433 2893 1645 2952 fratres
1703 2893 1949 2950 Morin
1982 2892 2048 2951 Ο.
2081 2892 2139 2955 S.
2169 2892 2310 2949 Ben.
2362 2890 2687 2947 versionem
2739 2888 2983 2945 latinam

380 2979 531 3050 facta,
569 2980 813 3057 scripsit
843 3000 995 3056 quae
1027 2986 1117 3041 est
1144 2983 1363 3041 Romae
1391 2982 1647 3042 Ecclesia
1703 2981 2178 3055 antiquissimam
2256 2974 2469 3059 (seculi
2530 2978 2680 3035 forte
2741 2972 2842 3056 11.)
2922 2977 2986 3034 in

374 3069 814 3142 potentissimas
846 3070 1050 3130 literas
1070 3072 1406 3142 Corinthiis,
1438 3071 1511 3129 ad
1543 3091 1647 3147 pa·
1705 3069 2005 3129 anecdotis
2037 3066 2458 3127 Maredsolanis
2491 3074 2654 3128 1894
2688 3065 2748 3122 II
2778 3066 2916 3124 fasc.
2935 3065 2983 3136 I,

368 3175 488 3216 cem
524 3177 624 3217 eos
654 3177 1021 3236 congregans
1067 3165 1129 3218 et
1157 3179 1439 3238 reparans
1470 3160 1647 3219 fidem
1704 3159 1778 3217 ab
1810 3159 1939 3234 ipso
1970 3158 2223 3217 feliciter
2242 3159 2302 3215 et
2321 3157 2556 3231 praeter
2587 3154 2852 3211 omnium
2884 3173 2982 3212 ex-

369 3265 589 3318 comm,
625 3252 685 3305 et
715 3249 1087 3308 annuncians
1121 3269 1296 3324 quam
1328 3250 1393 3308 in
1424 3249 1646 3308 recenti
1704 3247 2124 3323 spectationem
2140 3247 2202 3305 in
2222 3245 2348 3306 cod.
2369 3243 2647 3302 Namurci
2668 3245 2983 3317 repertam3

364 3337 441 3394 ab
501 3337 788 3412 apostolis
851 3341 1155 3414 acceperat
1202 3338 1646 3397 traditionem.‘
1703 3336 1893 3414 Ligh
1912 3338 2119 3396 tfoot
2187 3335 2302 3393 The
2361 3333 2654 3409 Apo-stolio
2716 3331 2983 3407 Fathers,

370 3425 580 3502 Magno
612 3445 787 3500 porro
832 3445 1124 3486 consensu
1168 3431 1397 3487 veteres
1443 3428 1647 3487 literas
1704 3426 1956 3484 Londini
1998 3435 2158 3489 1890
2194 3428 2237 3483 t.
2275 3433 2330 3493 2,
2382 3422 2470 3480 ed.
2520 3421 2784 3479 omnium
2818 3419 2984 3480 ditis-

369 3514 472 3572 has
503 3514 789 3574 tribuunt
820 3515 1124 3586 Clementi,
1158 3517 1261 3593 qui
1292 3536 1389 3576 eas
1409 3517 1647 3576 nomine
1703 3515 1868 3584 sima,
1904 3515 1966 3572 in
1998 3534 2116 3590 qua
2149 3513 2299 3572 ratio
2331 3513 2586 3571 habetur
2606 3511 2824 3570 veteris
2855 3531 2983 3570 ver-

370 3601 664 3662 Ecclesiae
695 3623 970 3664 romanae
1003 3606 1308 3681 scripserit
1338 3606 1647 3665 desinente
1705 3605 1893 3662 sionis
1927 3603 2185 3678 syriacae
2205 3604 2472 3678 repertae
2493 3601 2554 3658 in
2575 3599 2700 3662 cod.
2720 3619 2768 3657 a.
2798 3609 2982 3671 1170,

369 3691 691 3751 Domitiani
732 3688 794 3772 (†
829 3691 938 3775 96)
984 3695 1404 3770 persecutione.
1465 3695 1537 3753 In
1581 3713 1650 3754 ea
1705 3694 2016 3768 multaque
2032 3692 2289 3768 reperies
2310 3690 2382 3749 de
2399 3691 2527 3767 ipso
2543 3708 2589 3747 s.
2607 3685 2984 3773 Clemente3).

370 3780 643 3840 hortatur
703 3782 1037 3843 Corinthios
1097 3783 1171 3842 ad
1227 3784 1645 3853 humilitatem,

369 3871 817 3946 subjectionem,
864 3890 1082 3947 pacem,
1136 3872 1525 3948 ordinemque
1557 3873 1647 3930 in·
1783 3922 1820 3988 ¹)
1862 3919 1948 3972 sta
1997 3934 2081 3971 ex,
2133 3935 2216 3987 gr,
2266 3918 2512 3970 testatur
2571 3914 2984 3982 Dionysius

362 3960 579 4029 ‘meat‘
629 3961 733 4035 qni
780 3961 843 4018 in
875 3961 1136 4020 E00103i8
1183 3962 1384 4039 vigere
1416 3960 1646 4032 debean
1706 3989 2134 4044 Corinthiorum
2199 3987 2502 4058 episcopus
2563 3986 2719 4057 apud
2773 3987 2815 4039 E
2837 4003 2984 4040 use·

369 4047 507 4107 hinc
556 4048 629 4107 de
679 4050 1022 4121 hierarchia,
1086 4069 1238 4126 quae
1284 4050 1519 4109 divinae
1569 4051 1650 4108 sit
1710 4061 1907 4114 bium
1936 4059 2331 4123 H,E.1V‚23,

1780 4137 1819 4202 Υ)
1850 4132 1931 4185 Cf.
1972 4132 2040 4186 de
2087 4130 2270 4200 pretio
2315 4129 2640 4200 dogmatico
2682 4129 2855 4197 hujus
2895 4145 2982 4198 ep.

1705 4203 1976 4257 Zeitschr.
1994 4204 2032 4256 f.
2052 4203 2208 4255 kath.
2232 4201 2428 4255 Theol.
2451 4204 2603 4260 1877.
2622 4201 2660 4252 Ι.
2683 4205 2982 4254 309-314.

443 4275 482 4340 ¹)
512 4270 596 4325 Cf.
635 4272 705 4325 de
751 4272 857 4325 hac
902 4273 1286 4327 controversia
1332 4273 1541 4326 Funk
1587 4273 1677 4326 in*
1780 4279 1821 4340 ⁸)
1850 4275 1932 4328 Cf.
1985 4277 2210 4344 praeter
2252 4273 2393 4325 alios
2439 4271 2648 4324 Briill
2689 4270 2799 4323 Der
2838 4272 2983 4323 erste

360 4341 500 4395 diss.
529 4343 692 4396 Titus
721 4343 953 4396 Flavius
979 4343 1246 4398 Klemens
1273 4344 1463 4399 Christ
1488 4345 1650 4398 nicht
1706 4345 1866 4400 Brief
1887 4347 1983 4399 des
2011 4345 2271 4399 Clemens
2289 4361 2400 4397 von
2423 4342 2562 4396 Rom
2584 4358 2658 4394 an
2679 4341 2769 4395 die
2793 4340 2982 4395 Corin-

367 4412 607 4467 Bischof
661 4413 813 4468 inter
872 4415 1122 4470 Kirchen
1164 4417 1314 4470 esch.
1360 4416 1646 4470 Abhandl.
1705 4417 1858 4471 thier
1909 4417 2027 4470 und
2079 4415 2233 4469 seine
2272 4413 2718 4483 geschichtliche
2771 4412 2983 4466 Beden-

370 4484 488 4537 und
542 4483 1079 4556 Untersuchungen‚
1176 4488 1457 4542 aderborn
1513 4491 1647 4544 1897
1705 4491 1870 4558 tung,
1915 4488 2191 4556 Freiburg
2225 4493 2389 4542 1883:
2432 4485 2473 4538 F
2492 4484 2637 4538 unk
2679 4483 2738 4536 in
2808 4485 2983 4552 roleg.

370 4556 410 4617 Ι,
437 4555 571 4609 diss.
603 4556 725 4618 XII,
754 4575 807 4626 p.
835 4564 1135 4614 308-329.
1704 4577 1839 4614 suae
1885 4560 1971 4613 ed.
2013 4576 2146 4628 opp.
2192 4556 2299 4609 ΡΡ.
2339 4561 2506 4625 apost
2544 4560 2601 4609 et
2639 4554 2700 4608 in
2798 4555 2857 4608 L.
2887 4555 2981 4617 ΙΙΙ,

442 4630 482 4698 ²)
528 4627 667 4696 Ejus
707 4628 1046 4696 martyrium
1089 4630 1421 4684 nullatenus
1449 4629 1647 4700 genui·
1705 4637 2016 4688 449—4622
2047 4628 2305 4682 Ehrhard
2336 4628 2427 4682 die
2457 4626 2886 4681 altchristl.Lit.
2914 4627 2981 4690 ΙΙ,

370 4715 506 4751 num
533 4714 722 4766 neque
762 4700 871 4753 fide
911 4700 1151 4770 dignum
1195 4700 1440 4770 reperies
1491 4703 1647 4771 apud
1704 4709 1944 4761 68—80;
1974 4699 2323 4755 Testimonia
2340 4703 2594 4753 veterum
2616 4715 2717 4768 pro
2740 4702 2981 4766 utraque

374 4768 467 4822 Fu
486 4787 523 4823 n
540 4769 580 4822 k
606 4787 742 4840 opp.
769 4770 875 4824 ΡΡ.
902 4775 1081 4841 apost.
1112 4773 1179 4835 ss,
1207 4780 1434 4829 28—45.
1674 4815 1677 4832 ,
1704 4790 1792 4843 ep.
1813 4773 1970 4842 apud
1997 4773 2047 4826 H
2064 4771 2346 4826 arnack
2373 4771 2572 4825 Gesch.
2589 4770 2689 4823 der
2704 4770 2981 4824 altchrist.

2611 4867 2632 4914 1
