3505 5161
514 224 636 278 143
1012 210 1312 263 326—400.
1341 206 1656 279 Scriptores
1682 224 1726 260 c.
1755 208 1910 261 haer.
1939 206 2267 271 Faustinus,
2294 207 2615 264 Sabbatius.
3006 225 3125 280 144

505 391 661 463 holo,
684 412 861 469 qnam
881 392 1122 470 Caspari
1148 401 1311 457 1869
1347 396 1625 469 primum,
1649 392 1788 452 dein
1845 392 2273 454 sabellianismi
2293 394 2667 454 accusatione
2685 396 2897 454 tuetur
2911 391 2975 476 ¹).
3015 395 3124 455 Re·

503 479 571 540 in
602 482 763 541 alten
782 482 907 540 und
926 498 1124 541 neuen
1145 480 1413 554 Quellen,
1433 481 1791 542 Christiania
1843 483 2165 561 periuntur
2212 484 2356 543 haec
2405 484 2695 560 opuscula
2738 482 2897 565 apud
2951 484 3048 543 Ga
3065 485 3086 542 l
3101 514 3124 528 ·

512 580 678 634 1879
726 591 782 648 p.
825 578 1162 634 186-195
1211 570 1414 641 edidit,
1461 569 1536 629 ab
1583 570 1787 631 eodem
1846 572 2062 635 laudi
2109 570 2238 644 VII,
2291 581 2615 642 439—74‚
2667 571 2922 650 Migne
2966 572 3123 643 xm,

506 658 793 719 asseritur
822 659 1110 730 Lucifero,
1159 679 1193 718 a
1237 660 1531 739 Kriigerl)
1563 662 1789 720 Euse—
1850 671 2171 725 37—107.
2221 661 2454 721 Floruit
2484 665 2738 721 exeunte
2772 679 2885 721 sec.
2918 660 3015 720 IV.

504 748 544 807 b
559 749 581 808 i
596 768 630 808 o
660 748 1028 812 vercellensi.

599 935 697 990 74.
728 926 1238 987 Luciferianorum
1285 945 1517 988 necnon
1567 931 1630 987 et
1678 927 1788 988 Ur·
1939 938 2036 993 75.
2067 930 2153 988 De
2199 928 2453 1005 quodam
2486 927 2853 988 Sabbatio
2900 930 2984 987 ita
3029 947 3120 988 re-

505 1013 678 1074 sicini
712 1016 1019 1075 schismati
1034 1017 1308 1076 addictus
1328 1020 1455 1076 erat
1488 1017 1786 1078 Fausti·
1843 1018 1960 1077 fert
1990 1017 2438 1077 Gennadius
2472 1013 2564 1098 (et
2593 1016 2833 1092 quidem
2866 1018 2993 1094 ipse
3027 1036 3122 1077 so-

502 1123 645 1164 nus
687 1105 1011 1182 presbyter,
1043 1106 1144 1164 sed
1166 1106 1488 1166 acerrimus
1521 1107 1658 1167 fidei
1691 1128 1787 1167 or·
1843 1104 1966 1189 Ius)
1999 1106 2073 1166 de
2104 1107 2212 1166 vir.
2245 1107 2333 1166 ill.
2372 1125 2419 1168 c.
2457 1115 2567 1169 25:
2618 1107 2854 1175 ,Sabb
2871 1107 3120 1176 atius,

502 1193 792 1253 thodoxae
821 1194 1056 1265 vindex,
1091 1194 1197 1270 qui
1231 1194 1513 1272 ,scripsit
1543 1196 1616 1256 ad
1650 1216 1788 1275 per·
1840 1196 2167 1274 gallicanae
2199 1195 2532 1273 provinciae
2569 1196 2902 1272 episcopus,
2952 1214 3123 1273 roga-

502 1301 708 1341 sonam
753 1283 1028 1343 Flacillae
1072 1284 1309 1360 reginae
1357 1279 1450 1365 (cle
1504 1285 1788 1348 Trinitate
1841 1288 1942 1345 tus
1974 1305 2008 1343 a
2039 1285 2295 1361 quadam
2324 1286 2485 1343 casta
2513 1287 2576 1343 et
2595 1283 2824 1344 Christo
2856 1284 3125 1344 dedicata

503 1371 629 1431 sive
663 1370 736 1430 de
768 1371 907 1447 fide)
939 1373 1251 1431 adversum
1282 1374 1534 1433 Arianos
1568 1378 1629 1435 et
1660 1376 1785 1435 Ma-
1843 1374 2074 1452 virgine
2136 1373 2406 1434 Secunda
2463 1373 2722 1446 nomine,
2791 1374 3127 1450 composuit

502 1460 854 1520 cedonianos
898 1456 1075 1543 (quos
1107 1465 1306 1521 tamen
1337 1480 1456 1522 non
1487 1460 1783 1547 nominat)
1841 1463 2063 1522 librum
2108 1464 2177 1521 de
2215 1463 2324 1534 fide
2354 1462 2642 1522 adversus
2675 1462 3031 1522 Marcionem
3064 1467 3125 1520 et

501 1549 689 1608 libros
736 1548 867 1627 (seu
910 1550 1113 1627 potius
1144 1544 1362 1634 capita)
1412 1555 1656 1628 septem,
1690 1554 1785 1613 his
1843 1551 2243 1621 Valentinum,
2265 1552 2394 1627 ejus
2415 1556 2732 1620 auctorem,
2755 1554 2816 1610 et
2835 1551 3121 1610 adversus

501 1656 600 1697 eos
650 1638 902 1698 maxime
934 1639 1376 1716 Scripturarum
1424 1642 1786 1702 testimoniis
1840 1641 2197 1700 Eunomium
2214 1643 2275 1699 et
2290 1639 3123 1718 magistrumAetium,osten·

502 1745 759 1804 arguens
776 1732 838 1786 et
852 1728 1224 1797 convincens,
1246 1729 1468 1805 quibus
1490 1730 1580 1789 illi
1600 1750 1783 1808 pravo
1841 1729 1985 1788 dens
2020 1734 2082 1788 et
2112 1730 2340 1788 ratione
2372 1731 2434 1787 et
2463 1729 2829 1788 testimoniis
2855 1729 3121 1805 Scriptu-

503 1834 682 1874 sensn
714 1820 975 1876 utuntur
1006 1818 1077 1876 ad
1107 1816 1555 1894 blasphemiam.
1588 1819 1785 1896 Scrip-
1840 1837 2060 1886 rarum,
2103 1837 2292 1876 unum
2324 1835 2454 1877 esse
2487 1817 2729 1877 deitatis
2759 1818 3125 1895 principium

502 1904 582 1963 sit
611 1908 672 1962 et
702 1905 925 1964 librum
957 1901 1252 1985 (libellum
1287 1903 1574 1989 precum),
1606 1927 1785 1985 quem
1838 1907 2156 1983 ipsumque
2187 1922 2316 1965 esse
2348 1910 2410 1965 et
2441 1924 2580 1966 suae
2609 1906 2982 1966 aeternitatis
3015 1926 3120 1965 an-

500 1992 933 2065 Valentiniano,
954 1993 1278 2054 Theodosio
1311 1999 1372 2054 et
1390 1996 1641 2056 Arcadio
1670 1999 1783 2056 im·
1839 1998 2058 2057 ctorem
2094 2000 2153 2056 et
2185 1994 2392 2054 mundi
2426 2013 2496 2054 ex
2526 1994 2715 2054 nihilo
2735 1996 3121 2066 conditorem,

500 2082 874 2157 perator-ibus
894 2102 1001 2160 pro
1020 2082 1365 2143 defensioue
1382 2102 1629 2144 suorum
1645 2104 1783 2145 cum
1840 2084 2140 2161 simulque
2186 2088 2247 2143 et
2293 2084 2366 2142 de
2413 2084 2657 2153 Christo,
2710 2084 2871 2158 quod
2905 2085 3122 2143 nonin

500 2170 962 2231 Marcellino
1004 2171 1262 2249 quodam
1295 2174 1644 2250 presbytero
1677 2174 1782 2234 ob·
1836 2174 2155 2250 phantasia
2186 2174 2358 2233 homo
2390 2172 2745 2249 apparuerit,
2787 2173 2890 2231 sed
2925 2192 3120 2231 verani

498 2259 719 2337 tulit2),
772 2278 839 2317 ex
890 2279 1009 2336 qno
1042 2261 1381 2320 ostenditur
1413 2262 1781 2324 Luciferiano
1840 2263 2117 2322 habuerit
2166 2279 2419 2331 carnem,
2483 2280 2587 2337 per
2646 2280 2824 2337 quam
2871 2263 3120 2321 mandu-

500 2348 807 2407 schismati
858 2350 1240 2419 consensisse,
1294 2350 1435 2426 quia
1482 2353 1783 2412 Hilarium
1837 2352 2038 2422 cando,
2061 2351 2338 2421 bibendo,
2360 2350 2648 2420 lassando,
2676 2351 2980 2427 plorando,
3012 2371 3120 2428 pa-

499 2436 919 2512 pictaviensem
951 2442 1012 2496 et
1033 2440 1354 2498 Damasum
1373 2440 1544 2499 urbis
1566 2441 1781 2501 Romae
1836 2441 2057 2510 tiend0,
2122 2439 2443 2510 moriendO,
2510 2439 2876 2515 resurgendo
2938 2458 3120 2498 verus

497 2527 804 2602 episcopos
851 2527 917 2586 in
966 2527 1171 2588 eodem
1219 2528 1259 2587 1.
1323 2530 1542 2606 culpat,
1607 2530 1782 2608 quasi
1835 2531 2124 2608 probatus
2169 2529 2252 2588 sit
2296 2529 2485 2588 homo.
2551 2527 2659 2586 His
2693 2529 2853 2588 enim
2884 2533 3122 2588 senten-

497 2616 649 2674 male
665 2617 1078 2676 consuluerint
1090 2617 1401 2690 Ecclesiae,
1415 2619 1575 2695 quod
1606 2639 1778 2697 prae·
1836 2620 1942 2678 tiis
1993 2619 2251 2678 Marcion
2311 2621 2374 2675 et
2436 2617 2790 2677 Valentinus
2837 2618 3120 2677 contrarii

496 2704 852 2764 varicatores
881 2706 1186 2782 episcopos
1220 2706 1283 2765 in
1304 2709 1779 2768 communionem
1839 2707 2227 2776 exstiterunt,
2305 2708 2634 2765 asserentes
2696 2706 2813 2766 dno
2876 2706 3120 2766 deitatis

496 2797 557 2852 et
631 2794 1027 2853 sacerdotium
1102 2796 1262 2871 pacis
1346 2797 1781 2873 recuperandae
1837 2797 2135 2875 principia
2165 2799 2227 2855 et
2247 2795 2544 2855 Christum
2565 2795 2798 2854 venisse
2829 2795 2895 2854 in
2930 2795 3119 2870 phan-

492 2882 721 2960 gratiae
766 2883 1144 2959 recepissent,
1191 2885 1351 2960 'quod
1391 2885 1779 2945 Luciferianis
1836 2886 1996 2945 tasia.
2029 2885 2202 2945 Aetio
2233 2902 2371 2943 vero
2403 2886 2464 2942 et
2483 2884 2790 2954 Eunomio,
2824 2883 3119 2960 discipulo

494 2971 581 3029 ita
613 2969 922 3048 displicuit
951 2973 1212 3049 recipere
1232 2973 1557 3051 episcopos,
1592 2975 1781 3051 quiin
1837 2976 1985 3051 ejus,
2034 2974 2313 3042 ostendit,
2360 2973 2596 3031 Patrem
2644 2975 2704 3031 et
2735 2972 2951 3031 Filium
2999 2992 3120 3032 non

490 3060 841 3120 ariminensi
895 3062 1141 3121 concilio
1174 3063 1413 3121 Arianis
1445 3065 1775 3123 commnni-
1837 3064 2088 3123 duarum
2134 3081 2262 3123 esse
2305 3063 2658 3120 naturarum
2702 3065 2764 3120 et
2807 3061 3120 3121 divinitate

490 3152 785 3222 caverant,
833 3150 990 3226 quod
1038 3145 1105 3232 (f.
1146 3147 1466 3234 quomodo)
1498 3152 1554 3210 N
1556 3153 1778 3211 ovatia-
1836 3153 2135 3230 parilium,
2170 3149 2274 3210 sed
2305 3151 2487 3210 nnius
2518 3150 2826 3220 essentiae,
2875 3153 2936 3208 et
2968 3150 3118 3209 alte-

492 3238 588 3296 nis
608 3241 909 3314 apostatas
929 3240 1304 3314 poenitentes
1316 3236 1429 3322 ⁸).‘
1465 3241 1781 3300 Obtulerat
1833 3260 1966 3300 rum
2001 3260 2068 3300 ex
2101 3241 2285 3299 altero
2316 3240 2354 3300 i.
2387 3258 2437 3298 e.
2470 3258 2537 3298 ex
2557 3239 2733 3298 Patre
2753 3238 2991 3310 Filium,
3029 3240 3117 3297 al-

492 3345 732 3402 quoque
779 3329 949 3401 fidem
981 3328 1325 3398 Theodosio,
1372 3329 1436 3388 in
1481 3348 1600 3405 quo
1649 3348 1711 3388 se
1743 3349 1779 3388 a
1834 3332 2034 3388 terum
2064 3329 2238 3388 alteri
2275 3331 2669 3398 coaeternum,
2716 3327 2814 3387 cui
2860 3327 3117 3387 creduli-

1069 3415 1073 3419 ’
1833 3419 1950 3478 tati
1969 3418 2180 3478 Aetius
2212 3421 2273 3476 et
2291 3416 2619 3476 Eunomius
2641 3416 3070 3475 contradicunt.
3088 3425 3116 3455 ‘

666 3550 687 3562 -
753 3557 775 3567 ..
1122 3549 1133 3559 .
1556 3553 1567 3575 ,
1672 3551 1683 3561 .
1763 3549 1775 3562 .
1833 3507 2078 3566 Hn'uso
2158 3507 2241 3565 ris
2262 3505 2413 3565 nihil
2433 3506 2689 3581 amplius
2708 3507 2911 3568 exstat.
2933 3505 3117 3564 Porro

577 3555 608 3608 ἢ
640 3550 947 3620 hruger,
997 3549 1226 3604 Lucifer
1270 3551 1332 3603 B.
1374 3568 1486 3604 von
1528 3550 1604 3605 Ca
1646 3554 1780 3607 liari
1911 3528 1953 3609 ‘J
2082 3526 2164 3608 pe.
2301 3594 2313 3607 .
2431 3595 2444 3606 .
2614 3595 2627 3606 .
2863 3594 2875 3605 .

493 3619 613 3676 und
641 3621 761 3675 sein
790 3620 993 3675 Lateiii
1018 3621 1082 3674 in
1109 3622 1323 3675 Archiv
1350 3622 1442 3675 fni·
1468 3621 1589 3675 Lat.
1664 3623 1776 3676 exi·
1833 3597 2087 3655 emtores
2106 3595 2386 3654 h¹⁸f¹⁰r¹³⁰
2404 3595 2703 3653 llf'emnae
2723 3593 2951 3653 Gallum
2972 3611 3115 3653 ⁰⁰¹²·

496 3695 656 3764 kogr,
684 3693 803 3746 und
833 3691 1191 3746 Grammatik
1226 3700 1378 3750 1886.
1425 3693 1521 3756 111,
1575 3701 1777 3753 1—58;
1825 3685 2108 3761 jiciunffl)
2159 3685 2318 3743 huno
2367 3683 2711 3742 Sabbatium
2762 3682 2944 3741 alium
2993 3698 3116 3741 non

493 3765 567 3819 cf.
617 3766 673 3817 et
723 3763 906 3833 ipsius
952 3764 987 3816 l.
1032 3763 1260 3817 Lucifer
1285 3764 1348 3821 B.
1377 3805 1390 3817 .
1418 3805 1430 3817 .
1460 3805 1472 3817 .
1517 3765 1633 3818 und
1676 3765 1778 3818 das
1835 3792 1960 3834 0330
1992 3793 2027 3832 a
2057 3772 2392 3833 servatio
2424 3772 2702 3848 episcopo
2717 3772 3034 3847 tungrensi
3051 3768 3116 3850 (†

493 3833 751 3889 Schisma
777 3835 878 3888 der
902 3834 1307 3898 Luziferianer‚
1349 3835 1584 3907 Leipzig
1609 3843 1776 3896 1886:
1846 3874 1915 3926 ¹3
1969 3863 2084 3922 Mai
2135 3859 2319 3944 384),
2383 3862 2488 3937 qui
2537 3859 2817 3919 interfuit
2866 3860 3115 3921 concilio

496 3905 1107 3973 NirschlIl.§ll4.
1973 3953 1984 3964 .
2132 3952 2144 3964 .
2332 3949 2345 3962 .
2640 3950 2652 3961 .
2707 3949 2770 3961 ..
3014 3948 3027 3962 .
3069 3951 3082 3961 .

569 3983 608 4048 2)
639 3979 701 4031 [n
745 3978 906 4034 codd.
954 3976 1409 4046 praemittuntur
1447 3988 1594 4047 qesta
1637 3982 1779 4032 ,mer
1834 3952 2149 4011 sardicensi
2210 3950 2561 4025 fortiterque
2636 3951 2812 4008 initio
2888 3952 3119 4008 restitit

494 4051 770 4103 Inter-ium
795 4059 842 4102 et
867 4053 1107 4115 Felicem,
1141 4048 1203 4102 in
1231 4048 1443 4116 quibus
1470 4052 1778 4102 narrantur
1834 4041 2068 4100 Arianis
2100 4040 2164 4098 in
2196 4038 2447 4098 concilio
2478 4037 2837 4106 ariminensi,
2875 4037 2978 4096 sed
3011 4038 3114 4096 de-

493 4120 864 4185 calamitates,
909 4137 1052 4201 quas
1078 4137 1279 4189 passus
1307 4121 1383 4173 sit
1409 4119 1650 4174 Ursinus
1677 4137 1776 4173 an·
1835 4149 1996 4189 mum
2027 4127 2336 4188 fraudibus
2367 4126 2590 4186 ursacii
2622 4130 2685 4186 et
2712 4125 2979 4186 Valentis
3012 4126 3114 4185 de-

494 4191 696 4315 {PP'PQ
722 4191 954 4245 Damam
980 4194 1251 4272 tempore.
1287 4192 1453 4272 'Haec
1481 4195 1672 4245 tamen
1699 4191 1777 4245 al·
1832 4222 2043 4295 ceptus
2107 4216 2460 4292 subscripsit
2520 4215 2806 4275 formulae
2858 4214 3111 4286 arianae,

552 4280 672 4316 rius
723 4266 858 4315 sunt
906 4266 1173 4317 auctoris
1238 4261 1489 4316 Libellus
1542 4279 1776 4332 precum

495 4334 714 4402 prodiit
738 4334 890 4387 inter
916 4333 1310 4387 sirmondi
1338 4350 1510 4403 opera
1537 4336 1578 4387 t.
1608 4334 1647 4386 1.
1676 4333 1774 4386 Pa.-
1832 4326 2011 4382 quem
2044 4307 2289 4407 lapsum·
2318 4307 2476 4364 certe
2521 4307 2794 4404 cum-tot
2838 4303 2974 4361 aliis
3017 4323 3114 4364 re·

493 4403 643 4457 risiis
675 4412 827 4461 1696.
855 4405 1052 4472 etjam
1081 4404 1243 4473 prius
1270 4406 1502 4458 seorsim
1529 4404 1604 4461 ib.
1640 4411 1777 4462 1650
1831 4398 2117 4455 tractasse
2147 4399 2357 4453 merito
2386 4394 2807 4469 praesumitur.

494 4474 556 4527 in
606 4482 641 4530 8
690 4493 821 4528 cum
870 4475 993 4544 ejus
1020 4475 1188 4528 notis.
1235 4474 1317 4529 Cf.
1370 4475 1776 4529 Fabricius

496 4545 824 4600 bibliothec·
849 4548 946 4602 lat.
970 4547 1056 4599 ed.
1078 4545 1397 4602 Florentiae
1424 4554 1574 4603 1858.
1594 4549 1635 4610 I,
1654 4556 1775 4603 555.

496 4615 720 4670 Primus
741 4617 995 4686 ejusdem
1015 4618 1053 4671 1.
1080 4634 1113 4669 a
1140 4617 1484 4671 nonnemine
1513 4618 1559 4671 G
1577 4636 1604 4671 r
1619 4635 1648 4672 e
1665 4638 1703 4688 g
1720 4635 1775 4670 o·
1911 4620 1944 4687 ¹)
1974 4616 2057 4670 Cf.
2084 4617 2152 4671 de
2174 4615 2265 4670 his
2299 4615 2408 4670 scri
2452 4613 2689 4676 toribus,
2712 4631 2854 4682 quos
2876 4632 2932 4667 n.
2952 4617 3016 4671 71
3040 4632 3112 4668 sS.

494 4687 608 4741 rio
636 4687 864 4741 Baetico
891 4688 1178 4741 asseritur.
1828 4687 2234 4751 recensuimus,
2261 4687 2356 4760 Ba
2371 4705 2398 4740 r
2466 4701 2495 4739 e
2513 4703 2551 4738 n
2567 4687 2605 4740 h
2623 4701 2652 4740 e
2669 4703 2720 4737 w
2736 4702 2765 4739 e
2783 4703 2810 4738 r
2834 4695 2861 4750 ς·
2889 4689 2977 4742 87.

570 4765 610 4812 ³}
641 4759 724 4811 Ita
751 4759 798 4811 G
816 4775 844 4810 e
862 4776 953 4810 nn
971 4757 1146 4811 adiu
1166 4776 1190 4810 s
1216 4759 1285 4811 de
1316 4760 1417 4813 vir.
1446 4760 1528 4816 ill.
1555 4778 1600 4813 c.
1633 4764 1714 4816 16.
1901 4762 1944 4832 ⁹)
1972 4759 2126 4815 Tom.
2159 4768 2202 4815 1.
2230 4779 2284 4829 p.
2313 4766 2344 4814 2
2369 4775 2502 4829 pag.
2529 4765 2632 4813 242
2658 4774 2726 4810 ss.
