3505 5161
940 215 1241 267 801—850.
1270 208 1464 265 Theol.
1493 207 1788 278 polemica.
1820 205 2176 278 Agobardus,
2203 204 2480 260 Claudius
2506 208 2654 260 taur.
2982 222 3104 276 715

493 229 563 284 71
582 231 614 282 5

489 398 561 457 de
592 396 827 457 unitate
843 396 1170 465 Ecclesiam
1204 396 1479 455 hortatur
1497 394 1770 471 singulos
1824 393 2021 471 Ipsius
2071 392 2225 452 forte
2275 394 2420 453 sunt
2463 392 2644 451 etiam
2689 391 2905 469 synodi
2949 392 3121 468 pari-

489 485 564 546 ad
596 485 915 545 ineundam
933 504 1139 561 pacem
1157 484 1597 560 qualitatesque
1630 483 1772 543 boni
1826 484 2037 542 siensis
2063 502 2113 544 a.
2132 490 2254 546 825
2276 482 2381 540 hac
2410 482 2473 540 in
2497 499 2675 541 causa
2699 480 2934 542 habitae
2962 483 3110 553 acta,

488 575 752 650 malique
782 575 1060 652 depingit
1087 574 1361 650 pastoris,
1416 573 1506 631 De
1535 573 1768 648 dispen-
1826 591 1977 649 quae
2008 571 2232 648 pariter
2252 571 2532 647 spiritum
2566 589 2843 631 aversum
2874 591 2909 630 a
2938 572 3111 631 cultu

488 666 709 724 satione
757 665 1270 724 ecclesiasticarum
1317 681 1516 721 rerum
1564 665 1773 721 contra
1827 680 1905 721 ss.
1949 661 2281 737 imaginum
2325 661 2591 737 produnt
2605 656 2669 738 ¹).
2732 661 2889 719 Hinc
2932 661 2980 719 B
2998 660 3119 718 el-

488 753 910 830 usurpationes
940 754 1228 814 laicorum
1271 752 1624 827 praesertim
1668 750 1769 811 sed
1828 751 2211 810 larminus
2257 749 2554 826 synoc'um
2599 750 2764 809 illam
2796 750 3110 827 impugnat

490 846 552 902 et
600 844 998 920 praelatorum
1050 836 1475 923 (227—250).
1536 875 1624 885 ——
1686 840 1774 899 De
1825 840 1889 898 in
1921 838 2172 916 append.
2205 838 2278 898 ad
2311 857 2489 898 suum
2519 842 2596 898 tr.
2628 839 2701 898 de
2732 839 2903 898 cultu
2933 839 3113 914 imag.

490 934 918 1008 comparatione
961 933 1260 1010 reyiminis
1303 930 1663 988 ecclesiastici
1721 936 1773 987 et
1829 930 2023 1006 Opera
2054 929 2316 987 auctoris
2347 928 2542 987 nostri
2586 929 2832 987 collecta
2874 927 3109 1004 prodie-

480 1023 725 1097 politici,
762 1023 823 1079 et
852 1022 917 1079 in
948 1020 1172 1097 quibus
1191 1018 1480 1078 Ecclesiae
1503 1018 1771 1096 dignitas
1826 1021 1972 1077 runt
1990 1036 2130 1077 cura
2150 1019 2213 1081 P.
2234 1018 2292 1075 M
2309 1037 2343 1075 a
2359 1036 2385 1076 s
2402 1036 2430 1075 s
2446 1037 2480 1077 o
2494 1036 2553 1088 n,
2577 1018 2681 1092 qui
2699 1017 2803 1076 illa
2817 1017 3121 1076 librorum:

488 1110 861 1187 praefulgeat
882 1102 1308 1192 (291—298).
1329 1141 1418 1152 --
1438 1108 1640 1167 Sermo
1673 1127 1773 1167 ex·
1827 1107 2193 1185 tegumentis
2212 1108 2340 1182 jam
2360 1106 2656 1165 destinata
2674 1107 2749 1165 ab
2769 1105 3025 1166 interitu
3050 1108 3116 1167 et

490 1198 854 1260 hortatorius
887 1198 962 1257 ad
993 1199 1222 1273 plebem
1270 1198 1338 1257 de
1376 1199 1512 1272 fidei
1540 1199 1774 1257 veritate
1828 1200 2101 1256 aeternae
2148 1196 2469 1256 oblivionis
2517 1196 2742 1271 injuria
2780 1195 2943 1253 felici
2987 1196 3126 1255 fato-

491 1289 554 1348 et
595 1288 782 1347 totius
818 1288 958 1347 boni
991 1287 1375 1347 institutione
1408 1282 1769 1367 (267-288),
1829 1285 2109 1359 servavit,
2175 1285 2388 1344 Parisii
2443 1295 2606 1348 1605
2672 1284 2762 1343 ed.
2808 1285 3116 1355 mendosa,

493 1395 597 1454 pro
617 1380 967 1454 argumento
989 1377 1229 1452 quidem
1254 1377 1433 1435 habet
1452 1375 1770 1445 Christum,
1829 1394 1981 1451 quae
2013 1375 2164 1437 decr.
2202 1384 2301 1438 26.
2332 1377 2486 1450 Aug.
2528 1384 2688 1437 1605
2729 1373 2955 1442 „donec
2983 1393 3111 1434 cor-

493 1466 597 1526 sed
641 1470 703 1526 et
745 1466 810 1524 in
847 1466 1042 1526 varias
1074 1466 1443 1543 exspatiatur
1472 1468 1534 1525 et
1564 1484 1624 1524 se
1650 1464 1771 1523 rdif-
1826 1464 2100 1542 rigatur‘
2163 1468 2257 1522 est
2305 1463 2635 1538 prohibita;
2695 1463 2985 1523 Baluze
3033 1463 3126 1522 ib-

491 1554 693 1614 fundit
728 1555 953 1631 absque
994 1555 1202 1615 ordine
1241 1555 1536 1616 materias.
1566 1587 1654 1599 ——
1686 1553 1773 1612 De
1834 1562 1997 1615 1666
2062 1557 2106 1611 t.
2173 1562 2206 1615 2
2273 1552 2365 1611 ed.
2425 1551 2683 1623 auctior;
2749 1552 3114 1611 Gallandi

492 1647 692 1704 divina
715 1646 1070 1721 psalmodia,
1111 1645 1216 1721 qui
1247 1644 1490 1703 libellus
1525 1640 1772 1725 (325—
1827 1642 1980 1701 Bibl.
2014 1645 2128 1706 vet.
2177 1642 2288 1704 ΡΡ.
2321 1641 2480 1714 ΧΙΙΙ,
2527 1650 2652 1704 403
2689 1659 2798 1713 ss,;
2860 1641 3127 1719 Migne·

497 1733 648 1811 330)
710 1737 910 1794 tamen
971 1736 1147 1810 juxta
1205 1733 1773 1793 Monchemeier
1827 1731 1965 1802 CIV,
2005 1740 2282 1793 9—351.

491 1824 732 1884 Amalar
751 1844 867 1883 von
886 1824 1055 1895 Metz,
1075 1826 1346 1882 Miinster
1371 1834 1396 1886 1
1414 1832 1557 1892 893,
1580 1821 1773 1880 Flori

495 1914 891 1990 lugdunensis
923 1916 1030 1973 est.
1097 1912 1183 1971 De
1226 1913 1571 1970 correctione
1614 1912 1771 1970 anti-

1921 1865 2063 1918 390.
2120 1854 2452 1933 Attigimus
2514 1853 2980 1914 controversiam
3039 1854 3112 1912 de

1755 2000 1766 2010 ,
1827 1945 1995 2004 cultu
2026 1963 2100 2003 ss.
2146 1944 2241 2002 im
2259 1964 2293 2002 a
2305 1964 2346 2022 g
2361 1944 2382 2002 i
2399 1963 2438 2002 n
2456 1963 2497 2002 u
2516 1939 2659 2024 m2),
2709 1962 2862 2021 quae
2910 1960 3115 2002 recru-

485 2002 786 2078 thmru‘
847 2006 1053 2061 contra
1105 2001 1605 2070 Amalarmm'
1666 2019 1772 2075 qm
1828 2034 1964 2092 duit
2013 2034 2125 2092 sub
2187 2033 2379 2092 Leone
2423 2034 2681 2091 Armeno
2743 2033 2808 2091 in
2853 2031 3120 2103 Oriente,

496 2090 785 2166 quosdam
816 2109 965 2149 usus
998 2090 1272 2150 ecclesiae
1292 2089 1686 2166 lugdunensis
1711 2089 1773 2147 in

495 2179 697 2238 divino
730 2178 920 2238 officio
952 2181 1271 2255 usurpatos
1298 2178 1774 2255 reprehenderat.

495 2268 671 2327 Hunc
702 2271 861 2327 tecto
906 2268 1164 2336 nomine,
1213 2269 1314 2328 sed
1346 2268 1527 2327 nimis
1558 2267 1774 2325 acriter

494 2360 555 2415 et
600 2357 905 2432 injuriose,
952 2358 1302 2434 aggreditur
1332 2352 1771 2437 (329—340):

495 2446 734 2521 scripsit
764 2450 1065 2522 praeterea
1113 2447 1557 2522 aliquantulum
1601 2464 1771 2521 paca·

493 2535 618 2593 tius
657 2535 879 2595 librum
922 2543 1123 2596 contra
1167 2537 1416 2611 ejusdem
1460 2537 1516 2597 ll.
1563 2534 1669 2594 IV
1701 2535 1773 2593 de

494 2623 716 2683 divinis
766 2626 973 2685 officiis
1024 2621 1446 2708 (339-350).
1520 2626 1770 2683 Demum

494 2713 629 2773 aliis
660 2714 895 2773 omissis
927 2715 1151 2775 mentio
1192 2715 1455 2773 facienda
1498 2717 1592 2773 est
1641 2715 1772 2789 ejus

495 2804 531 2860 1.
593 2811 795 2862 contra
857 2823 1054 2863 eorum
1114 2805 1573 2878 superstitionem
1579 2849 1601 2880 ,
1666 2803 1772 2878 qui

492 2892 742 2967 picturis
774 2895 836 2951 et
865 2893 1227 2970 imaginibus
1260 2898 1601 2954 sanctorum
1633 2892 1772 2951 ado-

491 2981 737 3041 rationis
768 2981 1122 3058 obsequium
1143 2981 1525 3042 deferendum
1557 2984 1775 3058 putant

495 3068 914 3152 (199—228).
995 3072 1065 3130 In
1124 3090 1192 3131 eo
1249 3071 1470 3130 nititur
1516 3069 1771 3128 mediam

492 3158 643 3219 inire
674 3160 832 3219 viam
876 3160 1035 3220 inter
1078 3161 1486 3220 iconomachos
1534 3162 1594 3218 et
1640 3178 1773 3218 sen-

491 3249 743 3308 tentiam
774 3267 932 3311 conc.
963 3249 1193 3309 nicaeni
1223 3248 1318 3321 ΙΙ.,
1365 3249 1461 3307 cui
1507 3248 1773 3307 occiden-

492 3339 641 3397 tales
700 3357 806 3414 per
854 3357 1109 3398 errorem
1170 3338 1520 3397 tribuebant
1563 3337 1774 3395 falsam

494 3426 839 3503 opinionem
871 3447 937 3486 ac
969 3428 1020 3486 si
1052 3446 1248 3486 sacrae
1266 3427 1556 3503 imagines
1578 3427 1774 3485 colen-

494 3515 600 3574 dae
620 3522 822 3575 essent
843 3517 1012 3574 cultu
1031 3516 1371 3575 latreutico:
1398 3518 1603 3575 contra
1623 3532 1774 3589 quos

492 3603 579 3661 ita
610 3603 895 3678 disputat,
928 3608 999 3662 ut
1031 3622 1107 3664 ss.
1126 3604 1455 3681 imaginum
1476 3623 1655 3663 usum
1676 3607 1777 3662 ut-

493 3709 729 3766 cunque
749 3692 1045 3762 admittat,
1079 3694 1180 3751 sed
1198 3694 1429 3752 cultum
1448 3693 1776 3770 generatim

494 3785 712 3856 carpat.
794 3780 948 3840 Hinc
997 3782 1148 3841 liber
1208 3783 1603 3842 iconomachis
1665 3801 1776 3841 sec.

493 3869 642 3928 XVI.
664 3869 879 3941 arrisit,
902 3891 935 3929 a
954 3872 1263 3931 Baronio
1296 3876 1357 3930 et
1389 3871 1777 3947 inquisitione

493 3958 740 4034 hispana
786 3977 1035 4019 censura
1078 3961 1298 4037 dignus
1340 3961 1578 4020 videtur
1592 3958 1653 4038 ²).
1687 3995 1773 4004 —-

571 4273 605 4342 ¹)
634 4270 715 4324 Cf.
743 4271 890 4325 Hist.
917 4271 1003 4325 lit.
1031 4271 1100 4325 de
1128 4273 1184 4326 la
1210 4271 1298 4327 Fr.
1326 4271 1420 4330 IV.
1463 4275 1775 4331 567—583;

491 4341 536 4394 E
554 4344 590 4396 b
605 4357 633 4395 e
651 4345 718 4396 rt
744 4344 942 4397 Gesch.
969 4343 1068 4396 der
1086 4343 1193 4396 Lit.
1214 4344 1311 4397 des
1329 4343 1455 4396 MA.
1481 4343 1545 4404 lI,
1567 4349 1671 4399 209
1687 4361 1773 4402 ss.;

1827 2122 2102 2182 nonnihil
2136 2125 2196 2181 et
2230 2122 2603 2181 Occidentem
2645 2122 2931 2180 turbavit.
2992 2123 3126 2180 Pu·

1828 2215 2038 2270 tarunt
2081 2211 2240 2270 enim
2273 2211 2699 2282 occidentales,
2749 2212 2949 2270 minus
2996 2211 3123 2269 fida

1828 2307 2092 2361 actorum
2138 2319 2296 2361 conc.
2341 2301 2571 2359 nicaeni
2603 2301 2675 2361 H.
2709 2301 2979 2359 versione
3009 2300 3114 2358 de-

1828 2390 2006 2468 cepti,
2043 2390 2375 2449 Orientales
2407 2390 2472 2447 in
2502 2390 2607 2449 illo
2639 2408 2795 2448 conc.
2830 2389 3116 2461 sanxisse,

1829 2499 1906 2540 ss.
1940 2480 2228 2557 imagines
2260 2480 2430 2538 cultu
2473 2478 2790 2538 latreutlco
2837 2497 2966 2537 esse
3013 2496 3112 2536 co-

1828 2570 2049 2637 lendae,
2084 2568 2221 2627 hinc
2252 2569 2374 2628 zelo
2394 2588 2504 2644 pro
2525 2567 2633 2627 Dei
2666 2568 2856 2645 gloria
2886 2571 2949 2627 et
2965 2587 3120 2644 quo·

1829 2660 1964 2717 dam
1995 2659 2393 2734 oppositionis
2440 2658 2659 2733 spiritu
2704 2658 2937 2734 abrepti
2985 2677 3111 2716 om-

1829 2767 1962 2806 nem
1995 2747 2115 2806 fere
2148 2749 2381 2806 cultum
2426 2747 2547 2805 illis
2593 2747 2980 2824 denegarunt,
3013 2748 3114 2804 vix

1827 2855 2005 2896 usum
2036 2837 2454 2913 permiserunt.
2499 2836 2657 2895 Haec
2689 2835 2986 2895 sentiendi
3018 2855 3120 2893 ra-

1827 2927 1914 2985 tio
1948 2945 2009 2985 se
2043 2925 2309 3002 prodidit
2332 2926 2456 3000 jam
2489 2925 2553 2983 in
2586 2925 2834 2984 concilio
2885 2925 3113 2982 franco-

1829 3015 2131 3086 fordiensi,
2184 3015 2246 3073 in
2294 3015 2462 3072 libris
2497 3014 2783 3073 Carolinis
2830 3016 2891 3073 et
2923 3013 2986 3071 in
3017 3030 3112 3070 ca-

1829 3104 2043 3179 pitulis
2095 3125 2127 3161 a
2177 3104 2377 3163 Carolo
2426 3104 2501 3164 M.
2547 3123 2653 3179 per
2691 3102 3115 3179 Angilbertum

1830 3193 2129 3253 Hadriano
2174 3193 2219 3250 Ι.
2264 3193 2607 3269 propositis,
2654 3192 2718 3249 in
2763 3209 2923 3255 conc.
2953 3191 3114 3267 pari-

1830 3282 2014 3341 siensi
2074 3301 2122 3342 a.
2172 3290 2316 3352 825,
2378 3285 2440 3340 et
2497 3281 2561 3339 in
2607 3281 2777 3339 libris
2836 3280 3117 3356 pluribus

1831 3390 1901 3429 eo
1932 3375 2196 3446 tempore
2217 3371 2325 3429 hac
2345 3371 2409 3429 in
2429 3370 2829 3429 controversia
2862 3370 3114 3445 scripti-⁶3.

1831 3461 2071 3519 Praeter
2102 3459 2485 3536 Agobardum
2530 3460 2645 3518 huc
2689 3462 2915 3534 spectat
2946 3478 3116 3535 prae-

1832 3550 2039 3608 sertim
2073 3549 2190 3607 Cla
2205 3567 2245 3607 u
2258 3548 2381 3607 diu
2395 3566 2422 3607 s
2439 3548 2839 3619 TaurinensiS,
2859 3548 2963 3623 qui
2978 3566 3116 3623 prae

1831 3637 2085 3713 reliquis
2118 3656 2193 3700 88.
2226 3637 2555 3715 imaginum
2601 3637 2850 3706 cultum,
2903 3637 3022 3694 imo
3054 3640 3117 3694 et

1831 3745 2009 3786 usum
2061 3728 2466 3803 impugnavit,
2536 3726 2714 3795 adse,
2778 3729 2849 3784 ut
2908 3745 2940 3783 a
2985 3724 3118 3787 Nic.

1833 3816 2170 3875 Antonio
2203 3817 2267 3874 in
2297 3816 2442 3876 bibl.
2475 3816 2626 3892 hisp.
2659 3815 2753 3875 vel
2785 3815 2846 3874 L.
2880 3814 2961 3873 VI
2992 3833 3038 3874 c.
3079 3824 3110 3876 5

1834 3985 1877 4039 F
1894 4004 1927 4041 o
1945 4005 1970 4039 s
1986 4004 2013 4038 z
2040 3985 2229 4040 Leben
2249 3986 2366 4039 und
2384 3985 2670 4039 Schriften
2687 3987 2794 4055 Ag.
2811 3985 3116 4039 Giitersloh

1840 4061 2004 4114 1897:
2032 4057 2084 4110 H
2100 4075 2134 4111 a
2149 4075 2187 4111 u
2203 4073 2233 4110 c
2251 4057 2287 4108 k
2316 4057 2667 4125 Realencycl.
2696 4059 2736 4121 l,
2764 4062 3064 4113 246--248,

1914 4133 1948 4200 ¹)
1978 4130 2058 4183 Cf.
2090 4128 2222 4183 Hes
2226 4130 2328 4183 ele
2356 4127 2839 4199 Conciliengesch.
2861 4128 2937 4180 IV
2954 4131 3118 4194 §425-

1833 4200 1966 4254 Nat.
1994 4203 2043 4254 A
2061 4199 2125 4254 le
2141 4217 2176 4252 x
2193 4216 2226 4253 a
2242 4220 2280 4254 n
2296 4198 2331 4252 d
2350 4216 2379 4254 e
2394 4218 2422 4253 r
2461 4199 2779 4268 genuinum
2819 4197 3117 4269 Agobardi

1833 4289 2058 4325 sensum
2086 4274 2259 4340 atque
2299 4270 2642 4324 sententiam
2666 4287 2700 4324 a
2726 4269 3031 4324 calumniis
3058 4270 3120 4321 et

1831 4342 2298 4398 cavillationibus
2346 4341 2763 4396 haereticorum
2821 4341 3115 4395 vindicare

492 4413 628 4467 Che
646 4414 910 4468 valard
955 4414 1023 4467 de
1069 4413 1324 4483 L'Eglise
1375 4418 1433 4468 et
1481 4414 1655 4469 l'Etat
1704 4430 1775 4469 en
1831 4413 2046 4484 satagit
2070 4415 2218 4468 Hist.
2245 4413 2393 4468 Eccl.
2420 4417 2458 4466 t.
2488 4413 2556 4466 V.
2583 4429 2689 4469 sec.
2721 4412 2847 4467 vul
2875 4412 3009 4466 diss.
3039 4412 3118 4464 VI

491 4484 704 4538 France
728 4502 805 4538 au
833 4485 934 4537 Die
976 4485 1159 4539 siecle.
1211 4486 1263 4540 S.
1291 4487 1560 4556 Agobard
1589 4530 1599 4540 .
1632 4525 1644 4539 .
1672 4529 1685 4542 .
1712 4503 1776 4539 sa
1830 4496 1857 4552 ᾖ
1894 4493 1972 4543 ⁰3.

489 4555 582 4610 vie
625 4559 683 4610 et
721 4573 805 4609 ses
842 4556 1025 4618 ecritS,
1068 4557 1226 4624 Lyon
1284 4562 1447 4616 186&
1508 4556 1776 4611 Rozier

1906 4565 1945 4630 ²)
1974 4557 2055 4610 Cf.
2084 4557 2153 4610 de
2179 4556 2287 4610 hac
2308 4555 2693 4611 controversia
2713 4555 2926 4626 passim
2945 4553 3116 4608 disse-

490 4628 761 4697 Agobard
788 4627 857 4682 de
885 4644 946 4680 sa
971 4627 1065 4682 vic
1091 4631 1150 4681 et
1175 4645 1261 4681 ses
1287 4628 1473 4691 ecrits,
1516 4628 1776 4683 Montau·
1829 4631 2019 4683 rentes
2057 4627 2131 4680 W
2152 4644 2225 4681 er
2242 4645 2324 4683 ne
2344 4646 2372 4680 r
2413 4627 2614 4681 Gesch.
2659 4626 2760 4681 der
2801 4626 2952 4697 apol.
2994 4625 3114 4678 und

492 4697 605 4749 ban
651 4705 816 4757 1891:
858 4698 1124 4778 Pastor
1164 4699 1280 4779 KL.
1321 4708 1367 4764 1,
1407 4704 1541 4780 {3462
1583 4700 1775 4753 Pott-
1831 4700 1945 4769 pol.
2005 4700 2114 4777 Lit.
2157 4700 2491 4781 praesertim
2542 4698 2610 4756 11.
2664 4705 2769 4754 524
2818 4716 2921 4755 ss.;
2993 4695 3118 4750 He-

491 4766 579 4819 ha
598 4770 658 4819 st
683 4785 739 4834 p.
768 4776 835 4823 26
862 4786 921 4831 s.,
962 4771 1063 4822 ubi
1101 4785 1346 4838 reperies
1385 4771 1774 4830 literaturam;
1831 4771 1978 4825 fele
2001 4771 2488 4840 Conciliengesch.
2514 4773 2552 4826 t.
2584 4771 2630 4823 11
2661 4773 2720 4824 et
2745 4769 2843 4834 111,
2874 4779 2898 4825 1
2930 4786 3000 4821 ss.
