3505 5161
480 250 605 303 887

975 235 1275 285 901-950.
1302 228 1383 282 De
1413 228 1674 284 Formoso
1701 231 1863 299 pont.
1899 228 2164 283 Auxilius
2189 230 2249 283 et
2276 228 2605 299 vulgarius.

2972 243 3104 299 888

490 428 673 491 1642,
694 417 798 476 sed
814 417 1081 476 versione
1099 435 1208 475 sua
1221 415 1759 491 adulteravitprae-
1818 416 1893 475 ad
1926 416 2079 476 diem
2119 425 2217 479 25.
2239 416 2371 479 Jan.
2405 433 2562 474 mors
2583 415 2890 491 cujusdam
2911 416 3107 474 Auxi-

476 508 683 584 cipuos
715 505 996 582 Eutychii
1030 507 1189 565 locos
1209 506 1306 563 vel
1323 504 1761 564 commentariis
1816 505 1888 564 lii
1919 504 2151 564 diaconi
2184 510 2246 563 et
2275 503 2562 576 monachi,
2596 504 2701 580 qui
2735 507 2796 563 in
2831 505 3110 563 Genesim

478 615 720 656 sensum
772 594 1079 671 pervertit,
1125 597 1198 653 ut
1228 593 1590 670 Eutychium
1641 612 1763 652 non
1816 594 2238 653 commentaria
2282 594 2609 669 reliquerit,
2657 594 2830 669 cujus
2861 594 3004 652 Mai
3036 594 3110 652 in

481 685 805 756 lubentem,
841 684 945 743 sed
979 683 1236 742 invitum
1288 702 1356 742 ac
1384 683 1635 742 nimium
1669 702 1762 742 re-

480 776 810 834 luctantem
841 774 906 832 in
923 790 1169 831 suorum
1186 772 1534 831 conduxerit
1551 776 1761 841 castra,

480 864 627 923 adeo
671 868 744 922 ut
787 865 1167 939 personatum
1213 861 1456 938 anglum
1498 860 1609 920 sub
1642 861 1763 919 Eu-

480 952 670 1029 tychii
704 951 942 1011 nomine
974 955 1037 1009 et
1069 952 1232 1008 larva
1264 951 1330 1008 in
1361 968 1595 1009 scenam
1629 967 1762 1025 pro-

483 1042 764 1101 deuntem
797 1044 859 1099 et
889 1057 1115 1099 errores
1136 1042 1342 1098 contra
1372 1038 1763 1098 hierarchiam

482 1130 960 1197 ecclesiasticam,
1025 1147 1177 1203 quae
1219 1127 1377 1204 juris
1424 1128 1505 1186 sit
1555 1128 1762 1197 divini,

483 1220 928 1279 confirmantem
961 1218 1301 1293 comperies
1348 1216 1585 1276 Seldeni
1628 1235 1765 1292 per-

481 1327 651 1368 versa
684 1308 903 1385 placita
946 1307 1020 1366 de
1065 1305 1273 1366 ordine
1306 1306 1594 1365 hiet-atico
1627 1323 1764 1363 con-

483 1399 731 1457 futanda
805 1396 869 1454 in
947 1414 1009 1453 se
1073 1395 1337 1470 suscepit
1385 1395 1765 1453 Abraham

482 1486 877 1546 Ecchellensis
908 1486 971 1544 in
1018 1503 1127 1544 suo
1159 1485 1440 1561 Eutychio
1483 1485 1767 1543 vIndicato

481 1577 699 1635 Romae
726 1585 883 1639 1661
925 1573 1099 1634 edito.
1133 1608 1216 1617 —
1250 1573 1498 1650 Magnae
1528 1573 1764 1632 utilita-

480 1665 565 1725 tis
597 1684 703 1741 pro
735 1663 986 1723 historia
1019 1662 1278 1722 Orientis
1323 1662 1506 1738 hujus
1537 1665 1762 1737 tempo-

486 1754 568 1812 ris
591 1759 736 1812 sunt
755 1753 1022 1829 epistolae
1048 1750 1325 1810 CLXIII
1349 1770 1395 1810 s.
1429 1751 1567 1810 Nic
1584 1751 1765 1820 olai,

484 1843 592 1920 qui
623 1842 741 1902 fuit
770 1841 984 1900 Leonis
1018 1840 1316 1917 Sapientis
1349 1841 1490 1916 imp.
1521 1859 1643 1900 non
1673 1859 1766 1900 so-

486 1934 613 1990 lum
646 1930 978 1990 secretioris
999 1930 1128 2005 ejus
1149 1929 1386 1989 consilii
1406 1933 1645 1988 senator
1664 1930 1765 1987 sed

486 2021 678 2096 ipsius
713 2023 957 2078 senatus
989 2020 1199 2077 oculus
1221 2037 1326 2078 seu
1347 2037 1581 2094 praeses
1602 2014 1768 2101 (hinc

489 2109 863 2186 ,Mysticus‘
917 2103 1395 2189 cognominatus)
1449 2109 1509 2166 et
1551 2107 1625 2165 ab
1659 2108 1767 2167 hoc

487 2216 732 2257 munere
793 2197 1124 2255 translatus
1174 2196 1248 2254 ad
1299 2196 1767 2272 patriarchatum

487 2287 592 2349 ΟΡ.
646 2281 720 2366 (a.
776 2282 962 2365 901):
1028 2285 1131 2344 sed
1191 2285 1334 2360 quia
1391 2285 1769 2362 imperatoris

485 2375 730 2451 nuptias
744 2378 987 2451 quartas
1009 2374 1381 2449 reprobabat,
1400 2375 1536 2434 sede
1553 2375 1768 2451 pulsus

484 2468 582 2523 est
614 2485 664 2523 a.
702 2474 860 2526 907:
909 2482 1091 2539 quam
1132 2463 1373 2522 nonnisi
1411 2484 1460 2522 a.
1496 2474 1613 2525 911
1656 2464 1768 2522 sub

489 2552 821 2613 Alexandro
884 2553 1091 2613 Leonis
1152 2552 1336 2613 fratre
1397 2554 1769 2630 recuperavit

491 2640 567 2722 (a.
608 2653 726 2705 911
754 2643 849 2700 vel
875 2638 1028 2725 912)
1051 2646 1230 2718 atque
1250 2643 1450 2701 tenuit
1468 2643 1541 2701 ad
1561 2663 1612 2705 a.
1640 2652 1766 2704 924

490 2733 585 2792 vel
621 2741 764 2795 925.
822 2731 1129 2791 Laudatur
1188 2752 1222 2790 a
1282 2732 1567 2807 pastorali
1626 2732 1766 2803 zelo,

487 2821 825 2881 constantia
873 2823 933 2879 et
983 2820 1198 2880 eximia
1241 2821 1504 2881 caritate.
1567 2820 1771 2879 Edidit

490 2911 627 2969 illas
661 2929 731 2968 ex
763 2910 888 2968 cod.
938 2910 1109 2971 vatic.
1161 2909 1304 2968 Mai
1354 2912 1418 2968 in
1449 2908 1768 2985 Spicilegio

489 3018 636 3060 rom.
665 3000 732 3069 X,
771 3008 827 3068 2,
885 3008 1262 3068 164-440;
1327 2999 1580 3075 Migne
1627 2998 1766 3068 CXI,

490 3097 829 3156 27—3223
893 3087 1029 3146 dein
1062 3088 1382 3163 subjicitur
1417 3097 1765 3151 391-406

490 3195 643 3252 opus
689 3178 768 3235 ad
791 3178 1192 3252 praepositum
1239 3179 1397 3236 sacri
1429 3176 1666 3251 Montio,
1698 3176 1771 3234 ut

489 3270 704 3341 typum
721 3266 782 3324 in
799 3265 1005 3325 ordine
1021 3266 1180 3326 vitae
1195 3286 1265 3325 ex
1280 3265 1547 3342 ejusdem
1566 3265 1767 3341 Spicil.

490 3355 586 3424 IX,
623 3366 740 3418 611
784 3372 861 3413 ss.

583 3542 727 3594 486.
763 3531 853 3589 Ad
906 3531 1215 3591 historiam
1268 3531 1615 3591 Formosi
1675 3551 1768 3590 ro-

1819 683 2016 758 Spicil.
2077 702 2223 742 rom.
2272 687 2316 741 t.
2363 683 2460 745 IX.
2511 682 2842 759 fragmenta
2890 683 3106 753 edidit,

1819 772 2107 848 suspicati
2129 776 2275 832 sunt
2293 772 2590 838 nonnulli,
2624 791 2761 830 eum
2793 790 2919 831 esse
2950 791 3105 831 eun-

1818 863 1946 920 dem
1981 879 2116 920 cum
2149 865 2352 920 nostro
2385 861 2642 924 Auxilio,
2672 862 2816 920 Post
2834 861 3109 920 Formosi

1817 953 2069 1010 mortem
2087 951 2304 1027 duplex
2322 950 2661 1027 agitabatur
2678 952 3105 1021 controversia,

1819 1059 1964 1098 num
2005 1039 2130 1098 scil.
2175 1041 2305 1116 ejus
2352 1038 2426 1098 ad
2472 1039 2670 1098 sedem
2715 1039 3107 1115 apostolicam

1818 1128 2029 1188 electio
2061 1128 2241 1187 fuerit
2259 1129 2556 1199 canonica,
2588 1131 2649 1187 et
2666 1147 2813 1187 num
2832 1129 3108 1204 ejusdem

1820 1216 2219 1277 ordinationes
2237 1217 2466 1277 fuerint
2484 1217 2740 1277 validae:
2773 1217 3106 1276 declaratae

1820 1306 2114 1382 siquidem
2145 1306 2382 1366 fuerant
2413 1306 2487 1365 ab
2507 1307 2638 1383 ejus
2659 1307 3106 1365 successoribus

1823 1396 2123 1472 Stephano
2155 1396 2235 1454 VI
2269 1392 2433 1478 (vn)
2477 1399 2539 1454 et
2579 1395 2785 1473 Sergio
2815 1396 2904 1454 111
2934 1396 3106 1454 inva-

1821 1484 1994 1546 lidae.
2060 1486 2172 1544 Pro
2205 1503 2410 1544 earum
2442 1486 2642 1544 valore
2672 1504 2890 1561 magna
2919 1485 3105 1543 liber-

1822 1577 1947 1633 tate
1967 1574 2262 1651 pugnavit
2279 1573 2555 1649 pluribus
2574 1573 2882 1650 opusculis
2897 1576 3109 1633 noster

1824 1663 2134 1722 Auxilius:
2168 1664 2256 1721 De
2286 1660 2752 1722 ordinationibus
2771 1682 2806 1721 a
2823 1664 3105 1722 Formoso

1823 1771 1975 1828 papa
2020 1752 2225 1822 factis;
2272 1752 2546 1825 Infensor
2589 1760 2639 1810 et
2670 1752 2957 1824 Defensor
2998 1770 3109 1828 per

1822 1841 2064 1900 modum
2127 1841 2348 1918 dialogi
2410 1860 2544 1901 cum
2607 1860 2698 1917 ep.
2742 1841 2980 1917 praevia
3028 1840 3104 1899 ad

1823 1931 2075 1989 Leonem
2119 1930 2467 2006 episcopum
2516 1930 2819 1999 nolanum,
2867 1933 3104 1989 utrum-

1826 2038 1942 2094 que
1975 2019 2117 2078 stilo
2148 2020 2304 2078 claro
2336 2021 2396 2078 et
2415 2019 2555 2078 forti
2575 2018 2863 2095 scriptum
2884 2037 2931 2080 c.
2951 2029 3029 2081 41
3054 2029 3103 2088 1,

1821 2113 1883 2167 et
1912 2108 2142 2167 editum
2174 2129 2207 2166 a
2239 2108 2531 2167 Morino
2562 2109 2636 2167 ad
2668 2108 2882 2167 calcem
2916 2126 3009 2184 op.
3030 2107 3106 2166 de

1823 2198 1962 2259 eccl.
2039 2196 2543 2268 ordinationibuS,
2620 2196 2865 2256 Parisiis
2937 2206 3101 2260 1655

1824 2306 1878 2361 p.
1917 2294 2078 2355 3483
2112 2287 2470 2362 Antverpiae
2508 2296 2674 2350 1694
2697 2306 2752 2362 p.
2778 2294 3105 2355 282e3093

1826 2375 2079 2452 Migne
2112 2375 2357 2445 CXXIX,
2388 2384 2856 2442 1059—1102;
2890 2376 2955 2433 in
2986 2394 3107 2450 quo

1822 2468 2021 2523 tamen
2079 2482 2201 2523 non
2261 2465 2458 2523 omnia
2506 2463 2887 2540 approbanda
2943 2466 3104 2532 sunt,

1823 2573 1975 2630 quae
2007 2557 2212 2613 auctor
2227 2554 2470 2624 asserit3
2501 2554 2541 2613 l.
2573 2553 2884 2630 cujusdam
2904 2552 3106 2629 requi-

1825 2643 2010 2701 rentis
2072 2644 2134 2702 et
2194 2644 2610 2719 respondentis
2674 2661 2784 2702 seu
2858 2643 3107 2702 libellus

1824 2751 1999 2807 super
2028 2751 2206 2791 causa
2251 2740 2301 2790 et
2345 2734 2565 2808 myctio
2597 2732 2865 2791 For-mosi
2886 2749 3104 2808 papae,

1823 2821 1889 2879 in
1920 2821 2106 2880 forma
2125 2821 2349 2899 dialogi
2366 2821 2526 2881 inter
2542 2821 3026 2880 Insimulatorem
3043 2824 3108 2879 et

1822 2911 2096 2969 Actorem
2160 2930 2375 2987 magna
2419 2914 2549 2969 arte
2597 2909 2908 2969 dialectica
2966 2927 3106 2968 con·

1824 2999 2097 3074 scriptus.
2160 2998 2313 3058 Eum
2342 2999 2566 3075 reperit
2594 2999 2756 3058 Mab
2774 2998 3106 3058 illonius

1824 3088 2048 3163 absque
2063 3089 2324 3149 auctoris
2339 3089 2595 3159 nomine,
2613 3088 2717 3147 sed
2730 3087 2960 3147 Auxilii
2975 3104 3106 3145 esse

1824 3177 2060 3236 censuit
2104 3177 2350 3253 suisque
2382 3178 2683 3236 Analectis
2729 3177 2943 3236 intulit
2971 3176 3048 3234 IV
3057 3177 3103 3246 2,

1831 3275 2107 3332 28—32.
2201 3267 2452 3343 Migne
2526 3286 2582 3342 p.
2654 3274 3105 3330 1103—1112.

1826 3355 2079 3415 Videtur
2127 3357 2328 3414 tamen
2373 3373 2502 3415 esse
2534 3355 2900 3432 Vulgarii
2935 3356 3108 3430 juxta

1827 3444 2215 3503 Dummler
2260 3462 2353 3519 op.
2387 3463 2538 3503 mox.
2571 3445 2670 3503 cit.
2703 3478 2792 3488 -
2823 3444 3105 3503 Ιηυεσείοα

1827 3535 1891 3591 in
1922 3534 2171 3591 Romam
2202 3527 2573 3616 (vehemens)
2608 3534 2851 3592 inventa
2870 3535 2932 3591 et
2949 3532 3108 3591 edita

491 3621 649 3678 mani
724 3620 1020 3695 pontificis
1083 3618 1487 3702 (891—896)
1561 3620 1769 3679 referri
1824 3622 1950 3681 sine
1978 3621 2216 3680 nomine
2235 3622 2494 3682 auctoris
2526 3642 2560 3680 a
2590 3623 2638 3680 B
2654 3621 2677 3681 i
2693 3642 2727 3680 a
2740 3641 2782 3681 n
2797 3639 2831 3681 c
2845 3622 2883 3679 h
2898 3622 2919 3679 i
2934 3621 3011 3680 ni
3041 3621 3106 3678 in

492 3714 743 3785 possunt
774 3709 994 3786 scripta
1025 3711 1074 3768 A
1091 3729 1133 3769 u
1148 3730 1180 3768 x
1200 3711 1330 3768 ilii
1362 3711 1599 3769 natione
1617 3710 1768 3769 forte
1824 3711 2048 3787 proleg.
2082 3710 2155 3768 ad
2176 3712 2215 3769 l.
2234 3710 2630 3787 pontificalem
2647 3713 2743 3770 est
2760 3711 2989 3786 pariter
3000 3727 3105 3785 pro

492 3798 703 3856 Franci
754 3798 847 3857 vel
895 3799 1170 3858 Germani
1186 3794 1254 3881 ¹),
1307 3800 1413 3875 qui
1462 3803 1660 3858 tamen
1705 3798 1770 3857 in
1829 3800 2110 3859 Formoso
2160 3801 2221 3857 et
2269 3819 2304 3858 a
2348 3800 2732 3858 Diimmler
2779 3794 2910 3881 (qui
2943 3799 3104 3858 illam

494 3886 668 3945 Italia
698 3889 1170 3947 commorabatur
1205 3892 1267 3946 et
1297 3908 1332 3946 a
1361 3889 1639 3948 Formoso
1677 3904 1771 3946 or·
1830 3889 2021 3948 edidit
2053 3906 2186 3947 cum
2207 3888 2405 3947 Gestis
2426 3888 2768 3965 Berengarii
2799 3907 2855 3963 p.
2898 3897 3013 3951 137
3030 3922 3100 3931 —

494 3976 734 4035 dinatus
769 3976 978 4046 fuerat,
1027 3977 1131 4036 sed
1180 3996 1328 4036 num
1358 3977 1642 4036 diaconus
1675 3977 1772 4036 vel
1836 3987 1952 4042 154
1976 3977 2105 4040 coll.
2128 3977 2413 4055 66-72)
2445 3977 2810 4037 adscribitur
2839 3976 3106 4053 Eugenio

492 4066 670 4124 etiam
704 4067 1015 4142 presbyter
1045 4083 1165 4125 non
1197 4066 1406 4142 liquet.
1456 4066 1600 4125 Cum
1631 4084 1772 4126 vero
1826 4066 2156 4142 Vulgari
2176 4085 2210 4124 o
2258 4066 2434 4125 alteri
2464 4066 2731 4125 Formosi
2762 4066 3107 4143 apologetae

492 4155 556 4212 in
602 4155 936 4232 necrologio
982 4155 1507 4214 montecassinensi
1538 4156 1774 4232 legatur
1830 4153 1911 4236 (fi.
1945 4155 2105 4213 intra
2138 4152 2541 4235 887-928);
2567 4156 2742 4230 juxta
2771 4155 3104 4230 Hergen-

1827 4264 1953 4304 roe
1975 4245 2149 4302 ther
2178 4263 2316 4303 vero
2347 4248 2441 4303 est
2471 4244 2811 4320 compilatio
2844 4262 2914 4302 ex
2961 4243 3105 4302 scri-

575 4364 609 4431 ¹)
656 4359 752 4414 He
770 4361 916 4415 fele
969 4358 1449 4431 Conciliengesch.
1503 4361 1622 4423 ΙΨ,
1672 4366 1775 4416 56⁴2
1830 4333 1952 4409 ptis
1968 4333 2193 4392 Auxilii
2209 4329 2281 4413 (Ρ
2284 4333 2485 4391 hotius
2497 4333 2572 4404 11⁹
2589 4342 2665 4396 37
2678 4334 3010 4396 ⁰·373110t·
3025 4327 3106 4410 9)·

494 4431 897 4513 suspicaturss
916 4449 952 4483 ιι
971 4430 1153 4485 xilii
1179 4448 1388 4486 nomen
1415 4447 1532 4485 esse
1560 4431 1774 4485 fictum.
1830 4423 2039 4481 Exstat
2068 4421 2246 4508 etiam
2289 4423 2353 4480 in
2385 4421 2480 4479 Mi
2497 4438 2639 4497 gne
2671 4422 2734 4479 P.
2765 4421 2830 4480 L.
2865 4419 3104 4488 CXXIX,

498 4503 579 4556 Cf.
623 4502 892 4556 H1st.ht.
930 4503 1023 4564 VI,
1055 4507 1364 4562 122--127;
1418 4503 1779 4556 Potthaat
1834 4520 2202 4575 823-838,
2232 4544 2321 4554 .-
2352 4509 2734 4569 Dfimmler
2764 4510 2828 4569 in
2860 4530 2953 4587 ΟΡ,
2984 4512 3106 4568 Au-

496 4592 553 4696 ξς
586 4579 714 4631 128:
747 4581 765 4628 ¹
784 4580 880 4654 ¹.⁰¹
901 4595 912 4632 ²
957 4574 1001 4626 E
1022 4576 1055 4627 b
1071 4590 1100 4669 §³
1116 4578 1184 4655 ‘P
1223 4575 1317 4657 ῙῙ.Ῑ’
1346 4580 1643 4655 236Τ239·
1694 4573 1776 4627 De
1830 4601 2011 4659 xilius
2029 4602 2090 4658 et
2109 4599 2450 4676 Vulgariu8‚
2470 4597 2719 4668 Quellen
2734 4598 2861 4658 und
2875 4598 3109 4660 For-sch.

525 4663 622 4711 Jus
656 4647 923 4713 operibus
950 4646 1018 4699 cf.
1048 4647 1087 4698 (2
1105 4661 1134 4698 e
1152 4646 1324 4700 illie
1341 4663 1368 4697 r
1413 4644 1557 4699 Hist.
1585 4645 1775 4714 gener.

500 4714 598 4765 des
638 4716 887 4767 Auteurs
927 4731 1112 4768 sacros
1151 4718 1209 4768 et
1247 4717 1399 4777 eccl.,
1442 4715 1599 4768 Paris
1643 4720 1778 4772 1862
1831 4708 1936 4747 zur
1967 4688 2171 4751 Geseh-
2203 4689 2308 4746 des
2328 4688 2717 4765 ΡῑὶΡΒἙώΠῙῙΙ8
2748 4688 2834 4747 im
2853 4687 3108 4746 Ans-⁴10⁸

503 4783 626 4845 XII,
653 4789 951 4839 748-753,
1842 4788 1938 4840 10.
1958 4775 2183 4847 Jahrb„
2206 4777 2439 4853 Lipsiae
2469 4786 2630 4840 1866
2654 4776 2845 4835 edidit
2864 4776 3108 4850 insuper
