3505 5161
348 237 382 291 8
393 240 423 292 7
438 239 468 290 7
1106 220 1403 293 Remigius
1427 220 1743 287 antissiod„
1771 221 1883 277 Leo
1909 220 2212 276 Patricius.
2840 239 2873 291 8
2885 240 2916 291 7
2928 238 2963 293 g

343 406 745 483 composuisse
785 405 1151 472 credebatur.
1213 408 1478 468 celebres
1521 409 1626 468 ha·
1690 419 1859 472 1540
1893 410 2022 479 etc„
2071 407 2178 483 qui
2220 407 2419 465 verius
2456 408 2551 464 est
2580 405 2833 483 Remigii
2862 425 2967 465 no-

344 496 479 555 buit
507 493 851 571 discipulos,
898 496 1057 555 inter
1100 515 1250 573 quos
1284 516 1330 556 s.
1363 498 1628 557 Odonem
1685 498 1828 558 stri:
1851 499 1947 556 est
1964 500 2167 557 autem
2184 495 2375 554 veluti
2394 496 2652 571 epitome
2671 514 2968 554 commen·

343 589 551 660 postea
598 583 872 644 abbatem
923 586 1377 646 cluniacensem.
1462 586 1629 647 Obiit
1681 587 1822 646 tarii
1881 587 1940 647 b.
1990 585 2192 645 Ambr.
2244 583 2620 659 Autperti
2671 580 2756 664 (p.
2810 578 2965 666 876)

347 683 402 737 2.
448 675 582 750 Maj.
626 691 749 732 non
792 677 930 751 post
975 695 1024 736 a.
1062 685 1208 739 908.
1274 676 1432 735 Haec
1482 678 1630 735 sunt
1683 679 1866 752 atque
1885 675 2082 735 affinis
2111 673 2431 734 Alcuini
2463 672 2883 732 commentario
2904 673 2968 731 in

342 763 575 840 potiora
618 763 749 838 ejus
795 781 1000 840 opera:
1051 765 1518 825 Commentarius
1565 768 1629 824 in
1684 765 1843 825 hunc
1875 764 2131 825 eundem
2175 781 2406 822 sacrum
2451 763 2691 821 librum.
2724 794 2809 805 —-
2847 763 2967 821 Ex-

349 853 615 911 Genesim
630 850 675 928 ¹)
737 853 1078 912 succinctus
1095 899 1109 927 ‚
1188 856 1445 931 epitome
1507 854 1629 914 fere
1678 856 1892 931 positio
1922 856 1993 914 de
2020 853 2388 912 celebratione
2407 853 2618 912 missae
2647 849 2964 922 succincta,

343 940 903 1001 commentariorum
933 941 1412 1018 pramdentium
1444 943 1628 1003 inter·
1682 944 1873 1015 utilis,
1917 943 2016 1020 pia
2045 942 2306 1018 epitome
2335 942 2374 1001 1.
2406 939 2619 999 Flori
2650 941 2721 998 de
2749 942 2969 999 actione

342 1032 594 1107 pretam,
629 1030 696 1088 in
734 1048 861 1106 quo
888 1032 1157 1107 exposito
1188 1049 1370 1092 sensu
1401 1032 1625 1092 literali
1683 1031 2022 1110 missarum,
2068 1050 2249 1107 quam
2279 1029 2671 1107 probabiliter
2700 1048 2808 1105 pro
2841 1029 2967 1088 suis

342 1119 723 1197 allegoricum
782 1120 1075 1180 libentius
1124 1124 1459 1180 assectatur
1509 1140 1627 1197 qua
1683 1121 2061 1183 concinnavit
2111 1119 2443 1196 discipulis.
2496 1119 2643 1177 Eam
2673 1117 2968 1195 integram

341 1207 646 1269 utiliorem
664 1226 772 1284 pro
790 1208 1021 1268 animae
1036 1210 1458 1271 aedificatione.
1485 1210 1624 1269 Edi·
1682 1212 1907 1288 recepit
1953 1214 2162 1270 auctor
2210 1228 2308 1285 op.
2367 1210 2438 1268 de
2496 1209 2713 1266 divinis
2761 1207 2969 1282 officiis

342 1301 443 1357 tus
473 1316 509 1356 a
538 1298 677 1357 Pez
707 1297 927 1359 Anecd.
962 1297 1060 1370 IV,
1118 1309 1404 1371 1-1203
1454 1301 1623 1360 Com·
1683 1301 2021 1361 Alcuino
2053 1297 2351 1375 suppositi
2369 1300 2442 1356 ut
2459 1297 2717 1355 diximus
2738 1316 2794 1372 p.
2819 1305 2964 1369 708,

342 1386 634 1446 mantaria
662 1384 845 1468 (bona
866 1389 929 1445 et
945 1383 1149 1472 utilia)
1181 1391 1246 1447 in
1264 1388 1529 1448 Psalmos
1558 1408 1625 1448 ex
1683 1393 1778 1450 est
1808 1390 1984 1460 enim,
2017 1391 2091 1447 ut
2120 1387 2453 1463 conjicitur,
2489 1402 2600 1445 sec.
2631 1385 2730 1443 XI.
2783 1385 2968 1461 Saepe

344 1474 679 1547 Ambrosio,
732 1475 1075 1553 Augustino
1124 1481 1237 1543 etc,
1286 1477 1438 1537 bene
1486 1496 1625 1537 con·
1683 1479 1923 1556 prodiit,
1985 1482 2074 1537 ut*
2117 1476 2184 1536 in
2242 1476 2388 1539 bibl.
2439 1475 2550 1536 ΡΡ.
2601 1474 2765 1550 lugd.
2816 1473 2965 1543 XVI,

344 1564 654 1635 sarcinata,
687 1565 961 1625 Coloniae
984 1575 1153 1629 1536
1189 1567 1253 1626 in
1284 1566 1354 1637 f.;
1386 1567 1450 1626 in
1482 1567 1626 1630 bibl.
1686 1577 2067 1637 932—9613
2113 1566 2366 1642 Migne
2398 1564 2487 1639 CI,
2537 1571 2704 1627 1246
2736 1566 2848 1625 eto.
2879 1595 2967 1606 —

346 1654 459 1711 ΡΡ.
507 1652 673 1731 lugd.
718 1652 869 1725 XVI,
929 1665 1394 1728 1041--13003
1458 1655 1623 1715 Com·
1681 1657 1937 1717 Exstant
2006 1658 2313 1733 praeterea
2386 1654 2656 1712 homiliae
2715 1651 2856 1710 XII
2905 1651 2968 1709 in

344 1743 636 1816 mentaria
680 1745 743 1801 in
775 1743 1015 1802 Cantica
1048 1746 1426 1822 cantieorum,
1475 1763 1627 1821 quae
1683 1746 2048 1806 Matthaeum
2125 1742 2284 1819 apud
2359 1741 2691 1802 Fontani
2767 1741 2968 1800 Novae

340 1831 610 1907 alioquin
629 1850 846 1891 nomen
864 1833 1277 1908 praeseferunt
1299 1834 1456 1911 Hay
1474 1853 1583 1895 mo
1600 1865 1625 1878 ·
1681 1836 1847 1896 erud.
1878 1834 2125 1894 deliciae
2152 1832 2258 1905 111,
2296 1839 2631 1899 83—22o;
2664 1834 2741 1893 tr.
2772 1831 2842 1888 de
2870 1830 2966 1888 de-

339 1920 464 1978 nis
507 1920 1051 1993 halberstadiensis,
1100 1923 1376 1982 Coloniae
1424 1933 1625 1994 1519;
1682 1926 1968 1984 dictatione
1998 1923 2287 1982 Ecclesiae
2332 1920 2490 1997 apud
2521 1920 2862 1977 Martene
2893 1918 2968 1978 de

348 2017 548 2080 15293
607 2019 772 2073 1533
822 2012 950 2081 etc„
988 2028 1137 2071 'cum
1187 2012 1629 2071 commentariis
1681 2016 1804 2073 ant.
1836 2013 1987 2073 Eccl.
2033 2011 2254 2070 ritibus
2287 2010 2392 2082 111,
2446 2015 2828 2077 305—323;
2876 2007 2966 2066 ed.

340 2100 406 2157 in
428 2094 752 2174 prophetas
768 2101 1041 2177 minores,
1074 2118 1226 2177 quae
1244 2101 1473 2176 pariter
1490 2120 1626 2177 pro·
1682 2121 1871 2162 novae
1901 2101 1978 2171 11,
2017 2108 2396 2168 768—786;
2446 2099 2684 2157 Gloseae
2727 2096 2792 2155 in
2839 2096 2964 2155 Se·

341 2186 585 2246 dierunt
628 2187 744 2247 sub
773 2187 1101 2265 Haymonis
1147 2191 1387 2250 nomine
1419 2184 1624 2272 (etiam
1682 2192 1986 2251 dulium
2031 2192 2264 2267 poetam
2280 2182 2350 2270 ¹),
2399 2186 2647 2263 Musica,
2700 2186 2967 2261 epistolae

340 2276 405 2334 in
449 2275 594 2337 bibl.
640 2276 806 2354 lugd.
852 2277 1004 2347 XVI,
1061 2279 1513 2356 961—1040);
1560 2279 1627 2338 in
1682 2283 1792 2341 etc.
1870 2280 2056 2338 Nulla
2103 2277 2327 2355 prodiit
2370 2295 2619 2353 operum
2665 2274 2966 2345 collectio;

340 2364 481 2423 aliis
509 2365 600 2424 ed.
633 2364 800 2424 deest
817 2367 1277 2427 commentarius
1308 2370 1371 2428 in
1396 2368 1624 2442 Oseam,
1680 2370 1968 2447 pleraque
1987 2368 2173 2427 habes
2194 2368 2259 2426 in
2291 2366 2384 2425 Mi
2400 2384 2542 2443 gne
2564 2365 2626 2425 P.
2642 2364 2708 2428 L.
2722 2363 2968 2436 CXXXI,

340 2454 449 2530 qui
495 2457 717 2513 tamen·
748 2454 972 2533 legitur
1024 2456 1090 2515 in
1148 2457 1237 2516 ed.
1298 2457 1623 2518 coloniensi
1687 2469 1991 2522 51——970
2028 2461 2091 2516 et
2121 2453 2326 2516 CXVII
2356 2455 2517 2513 inter
2548 2453 2968 2530 Haymonis

348 2551 531 2608 1529.
608 2544 767 2603 Haec
816 2545 1251 2618 commentaria,
1304 2564 1456 2622 quae
1504 2565 1626 2606 non
1683 2567 1876 2625 opera.
1895 2583 1983 2591 —
2012 2545 2203 2605 Multa
2231 2544 2344 2604 alia
2373 2543 2568 2604 adhuc
2598 2542 2654 2603 ei
2687 2542 2968 2603 tribuun-

341 2635 487 2692 sunt
528 2652 724 2692 merae
769 2633 1236 2710 compilationes,
1289 2655 1353 2695 se
1405 2637 1628 2712 pariter
1681 2640 1802 2707 tur,
1849 2640 1920 2696 ut
1951 2634 2444 2704 Grammaticalia,
2493 2652 2600 2693 seu
2638 2632 2872 2709 glossae
2902 2632 2969 2690 in

339 2722 754 2782 commendant
784 2723 1096 2794 brevitate,
1131 2724 1423 2803 singulari
1454 2725 1625 2784 clari·
1684 2726 2074 2784 Prisciani
2117 2727 2180 2784 et
2226 2723 2510 2783 Donati
2553 2720 2967 2798 grammaticas

338 2814 483 2881 tate,
514 2811 799 2875 utilitate.
867 2814 1186 2888 Scripsisse
1218 2813 1441 2873 dicitur
1471 2817 1534 2872 et
1564 2816 1627 2872 in
1681 2835 1788 2891 per
1820 2817 2020 2874 totum
2049 2813 2313 2872 medium
2334 2830 2545 2871 aevum
2565 2809 2843 2878 celebres,
2871 2809 2967 2866 vel

338 2908 590 2977 quatuor
632 2901 972 2980 Evanqelia,
1023 2921 1174 2978 quae
1225 2905 1425 2961 tamen
1468 2921 1623 2962 com·
1683 2921 1836 2980 quae
1855 2903 2124 2962 nondum
2144 2901 2513 2977 prodierunt,
2546 2898 2642 2957 vel
2661 2897 2971 2973 perierunt

337 2989 631 3048 montaria
674 2991 936 3050 nondum
990 2991 1271 3050 videntur
1317 2991 1625 3068 prodiisse.
1683 2993 1781 3052 vel
1815 2994 1960 3051 sunt
1988 2991 2190 3059 dubia,
2239 2994 2310 3048 ut
2354 2989 2757 3062 interpretatio
2788 2988 2969 3045 nomi-

338 3076 807 3138 Com'mentarius
871 3082 933 3138 in
1002 3081 1271 3156 epistolas
1328 3099 1377 3141 s.
1456 3080 1629 3140 Pauli
1684 3101 1827 3141 nam
1875 3081 2273 3140 hebraicorum
2334 3077 2541 3137 ordine
2601 3074 2970 3152 alphabetico

337 3167 682 3243 saepissime
738 3168 979 3244 prodiit,
1031 3173 1103 3227 ut
1155 3169 1400 3229 Parisiis
1451 3188 1497 3232 s.
1539 3190 1620 3239 a.;
1682 3168 1865 3253 (inter
1895 3170 2141 3228 Bedae
2173 3164 2407 3247 opera);
2440 3185 2530 3242 ep.
2551 3165 2630 3223 ad
2648 3165 2966 3223 Dadomem

346 3265 546 3327 15333
587 3265 792 3328 15383
826 3267 981 3321 1541
1012 3279 1026 3328 ;
1081 3267 1281 3329 15423
1328 3261 1623 3336 Argento-
1682 3280 1773 3336 ep.
1794 3259 2232 3329 virdunensem,
2265 3257 2329 3316 in
2361 3275 2480 3332 qua
2509 3253 2786 3329 explicat,
2821 3252 2968 3328 quid

336 3345 455 3404 rati
493 3354 656 3408 1519
697 3345 788 3409 ed.
832 3349 1138 3422 praestans
1185 3350 1248 3406 et
1291 3367 1458 3416 rara3
1506 3347 1625 3406 Ha-
1684 3350 1757 3408 de
1789 3350 1918 3425 Gog
1957 3351 2022 3407 et
2050 3348 2263 3425 Magog
2292 3345 2450 3422 apud
2484 3342 2843 3403 Ezechielem
2876 3343 2968 3400 in-

337 3452 534 3510 genau
563 3443 720 3497 1531
745 3454 760 3503 ;
803 3443 1002 3505 15343
1035 3434 1100 3494 in
1120 3436 1493 3496 bibliothecis
1517 3437 1626 3495 ΡΡ.
1682 3437 2078 3513 telligendum
2137 3436 2237 3512 sit,
2300 3436 2362 3495 et
2421 3433 2495 3493 de
2543 3432 2965 3509 Hungarorum

337 3525 465 3593 etcs,
500 3523 604 3582 sed
637 3522 750 3581 sub
781 3523 1021 3583 nomine
1048 3524 1304 3602 Remigii
1338 3544 1625 3585 remen·
1682 3525 1916 3603 origine
1965 3525 2256 3601 quaedam
2302 3524 2522 3593 narrat,
2571 3519 2729 3596 apud
2776 3523 2968 3579 Mar·

339 3612 452 3670 sis
484 3611 580 3670 vel
611 3611 1116 3689 lugdunensis,
1150 3614 1247 3673 vel
1275 3614 1625 3684 Primasii,
1680 3618 1861 3674 tene
1896 3615 2027 3674 coll.
2060 3612 2236 3690 ampl.
2268 3611 2313 3684 1,
2354 3619 2737 3682 230—2363
2769 3610 2874 3686 qui
2907 3612 2968 3668 et

338 3700 696 3776 plerumque
742 3701 855 3760 sub
898 3700 1138 3762 nomine
1170 3702 1625 3778 Haymonis:
1681 3703 1843 3774 VIII,
1894 3712 2242 3767 282—284
2277 3701 2574 3777 prolixum
2621 3699 2859 3758 exhibet
2899 3700 2968 3756 de

338 3788 438 3847 cui
469 3788 737 3849 tributus
782 3789 917 3865 fuit,
954 3794 1017 3848 et
1061 3792 1518 3851 commentarius
1565 3794 1629 3850 in
1682 3793 2036 3852 eucharistia
2067 3792 2486 3869 fragmentum.

338 3879 733 3955 Apocalypsin
796 3879 1032 3956 saepius
1094 3879 1294 3939 editas
1356 3880 1628 3940 Coloniae

347 3974 543 4037 15293
606 3977 800 4037 1531;
865 3968 1111 4027 Parisiis
1172 3979 1367 4040 15313
1426 3979 1625 4040 15353
1775 3979 1922 4034 482.
1953 3970 2068 4030 Leo
2100 3966 2537 4037 Patricius,
2573 3966 2644 4023 de
2677 3966 2849 4041 cujus
2882 3965 2966 4022 sa-

1683 4059 1766 4118 tis
1815 4058 1969 4117 nihil
2017 4058 2192 4117 nobis
2244 4054 2513 4115 innotuit
2561 4054 2642 4131 (fl.
2693 4072 2739 4116 c.
2793 4053 2963 4129 910),

443 4140 480 4209 ¹)
543 4136 1062 4192 Pmebermittimuss
1138 4137 1193 4190 Μ
1213 4155 1298 4206 0)*
1316 4154 1385 4191 ⁸0
1404 4156 1442 4190 1²
1516 4137 1628 4192 Bar
1686 4151 1897 4208 auctor
1926 4150 2021 4206 est
2049 4149 2370 4224 ecloyarum
2407 4162 2569 4203 sacra
2598 4142 2796 4201 Biblia
2827 4141 2966 4199 illu-

340 4207 542 4342 ἓξὲξ
564 4209 1627 4352 ἓὲεὲοῶἳὲηοίἒῖιοῖἰὲξῖῗέἣὲἶ.ᾱζξὲ
1682 4237 2003 4297 strantium
2048 4236 2168 4296 scil.
2202 4235 2266 4294 in
2299 4232 2746 4300 octoteuchum,
2794 4231 2857 4288 in
2903 4230 2965 4291 ll.

340 4360 367 4409 τ
399 4357 478 4406 12.
508 4349 669 4406 Febr.
697 4356 821 4415 903,
856 4353 1029 4420 juxta
1068 4353 1105 4407 s
1121 4354 1235 4406 tre
1255 4353 1291 4406 b
1312 4368 1341 4405 e
1358 4369 1385 4403 r
1425 4351 1540 4405 KL.
1585 4352 1625 4416 1,
1682 4327 1908 4403 Regum
1938 4328 1999 4385 et
2018 4325 2529 4400 Paralipomenon,
2565 4321 2626 4378 in
2646 4319 2967 4395 Evangelia

343 4426 483 4478 1986
508 4433 534 4483 †
567 4428 647 4478 13.
674 4421 835 4477 Febr.
864 4427 1006 4493 913),
1048 4423 1151 4490 qui
1190 4422 1443 4494 plurima
1479 4439 1626 4479 com·

340 4492 541 4562 posuit
563 4509 752 4563 opera,
798 4493 949 4547 inter
975 4511 1122 4562 quae
1151 4498 1210 4548 et
1234 4498 1624 4563 Hexaemmm,

340 4565 398 4615 et
411 4563 881 4620 commentarium
893 4569 959 4620 de
959 4569 1242 4634 paradiso,
1261 4581 1432 4633 quem
1444 4564 1626 4618 latine
1761 4568 1798 4635 ¹)
1827 4564 1910 4619 Cf.
1935 4564 1986 4618 J.
2014 4563 2067 4617 H
2084 4582 2123 4618 u
2138 4581 2167 4618 e
2184 4583 2240 4617 m
2256 4579 2285 4616 e
2303 4581 2330 4616 r
2371 4562 2555 4617 Ueber
2591 4560 2685 4614 ein
2711 4559 2965 4616 Glossen-

341 4634 520 4688 vertit
545 4633 804 4690 Masius
830 4636 1181 4707 Antverpiae
1207 4643 1373 4697 1569:
1400 4637 1460 4689 in
1486 4637 1625 4692 bibl.
1681 4637 1838 4690 werk
1866 4654 1994 4692 zum
2021 4634 2256 4689 Dichter
2276 4633 2562 4697 Sedulius,
2589 4632 2854 4702 zugleich
2872 4632 2965 4685 ein

340 4704 449 4759 ΡΡ.
493 4706 655 4777 lugd.
681 4709 724 4760 t.
751 4707 923 4764 XVII.
976 4706 1058 4762 Cf.
1100 4708 1147 4762 D
1166 4726 1203 4762 u
1222 4710 1346 4763 val
1390 4708 1469 4761 La
1509 4707 1625 4761 Lit-
1680 4707 1915 4778 Beitrag
1941 4726 2010 4761 zu
2038 4707 2148 4761 den
2169 4706 2652 4777 grammatischen
2679 4703 2964 4758 Schriften

341 4777 593 4831 terature
620 4778 888 4847 syriaque
905 4778 1482 4849 passim,praesertim
1500 4783 1623 4836 391.
1680 4778 1779 4833 des
1806 4778 2104 4850 Remigius
2130 4796 2243 4833 von
2272 4780 2357 4844 A„
2384 4777 2555 4831 Wien
2595 4782 2741 4832 1888.
