3505 5161
372 234 497 290 289

1383 220 1442 272 et
1466 216 1759 288 exegetica
1787 232 1975 287 opera.
2067 270 2074 275 ,
2148 270 2152 275 ,

2862 236 2985 290 290

365 404 442 463 iis
475 402 603 480 agit
631 405 871 463 tantum
904 404 975 462 de
1007 404 1205 463 tribus
1237 404 1540 481 prioribus
1570 424 1650 467 cc.
1706 405 1778 464 ad
1809 423 2003 464 mores
2034 403 2439 464 informandos
2470 402 2987 463 institutionibus:

366 511 546 552 sensu
576 492 795 552 literali
826 493 1181 569 plerumque
1210 494 1648 570 praetermisso.

364 583 687 658 Presbyter
736 581 929 642 sactus
978 583 1139 642 hunc
1168 583 1421 643 scrutari
1477 584 1648 645 nisus

367 665 444 754 (c.
477 692 526 733 a.
564 670 715 747 393)
746 675 840 731 est
883 671 947 729 in
993 673 1030 734 l.
1076 672 1147 731 de
1180 672 1388 732 Genesi
1418 668 1648 732 ad‘lite-

363 780 501 820 ram
531 760 638 839 (ib.
674 757 1069 841 219—246)‚
1111 761 1215 821 sed
1248 765 1438 833 ,tanta
1469 762 1649 822 sarci-

361 869 476 909 nae
521 850 679 909 mole
724 850 1044 909 succubuit
1085 849 1365 931 (Reti-act.
1401 852 1447 921 1,
1504 848 1648 931 18)‘.

362 939 508 998 hinc
536 938 807 1014 pervenit
850 939 1092 998 nonnisi
1137 939 1212 998 ad
1258 941 1400 1000 Gen.
1442 952 1494 1011 1,
1533 950 1647 1011 263

362 1028 619 1102 ideoque
649 1027 746 1086 hic
776 1029 815 1087 l.
835 1028 1217 1104 imperfectus
1238 1030 1475 1089 dicitur.
1509 1029 1649 1089 Ter-

362 1119 451 1176 tia
487 1118 614 1192 jam
654 1116 783 1176 vice
818 1113 892 1198 (c.
925 1137 976 1176 a.
1012 1113 1167 1199 400)
1200 1118 1266 1177 in
1298 1118 1555 1182 Confeffl.
1585 1119 1648 1178 ll.

363 1207 561 1265 tribus
622 1207 1054 1283 posterioribus
1124 1207 1224 1282 pie
1284 1207 1648 1279 meditando,

367 1296 507 1355 hinc
550 1296 757 1355 sensui
801 1295 1114 1373 allegorico
1159 1297 1348 1373 magis
1381 1297 1650 1357 intentus

369 1385 603 1444 disserit
648 1385 722 1444 ab
768 1403 837 1444 eo
881 1384 1045 1461 quod
1075 1385 1362 1462 scriptum
1409 1388 1528 1446 est:
1577 1386 1652 1445 In

349 1475 652 1550 principio
693 1476 828 1546 fecii
870 1475 1033 1533 Deus
1075 1476 1287 1534 coelum
1334 1482 1386 1534 et
1430 1483 1650 1535 terram

361 1581 559 1639 usque
620 1564 695 1623 ad
758 1563 991 1624 sabbati
1048 1563 1337 1639 requiem.
1409 1565 1650 1624 Demum

363 1652 555 1731 magis
606 1652 681 1713 ad
726 1654 957 1713 literam
1008 1653 1228 1712 iterum
1277 1654 1475 1730 coepit
1519 1673 1648 1713 eam

359 1760 655 1818 exponere
703 1744 766 1801 in
812 1761 906 1819 op.
951 1742 1163 1820 grandi
1211 1743 1298 1801 De
1329 1743 1538 1802 Genesi
1568 1745 1649 1803 ad

357 1833 593 1893 literam
624 1832 689 1890 ll.
723 1827 970 1912 XlI‘(ib.
1009 1826 1406 1912 245—486)‚
1442 1851 1645 1892 verum

360 1923 421 1979 et
464 1920 541 1980 ab
586 1921 699 1979 hoc
739 1923 944 1998 coepto
977 1921 1063 1980 rei
1093 1920 1512 1998 magnitudine
1543 1921 1646 1981 de-

358 2010 633 2081 terrime,
666 2010 886 2070 iterum
903 2010 1157 2081 destitit,
1190 2029 1328 2070 nam
1354 2011 1514 2070 ultra
1531 2010 1650 2069 tria

359 2098 565 2174 priora
595 2116 674 2162 cc.
705 2117 827 2157 non
857 2098 1147 2177 pervenit,
1190 2102 1251 2158 et
1281 2100 1346 2158 in
1376 2100 1507 2176 ipso
1540 2101 1647 2160 hoc

360 2206 452 2263 op.
503 2190 578 2247 ut
627 2187 756 2263 ipse
803 2190 1067 2251 testatur
1118 2188 1333 2264 ,plura
1382 2190 1648 2264 quaesita

358 2295 543 2353 quam
562 2278 805 2336 inventa
826 2279 985 2344 sunt.
1021 2278 1082 2336 et
1114 2295 1339 2348 eorum,
1372 2296 1522 2352 quae
1553 2279 1646 2337 in-

362 2369 544 2424 venta
590 2369 751 2446 sunt,
802 2366 1080 2443 pauciora
1127 2366 1394 2438 firmata3
1455 2369 1647 2427 cetera

367 2473 509 2513 vero
540 2455 621 2513 ita
652 2455 853 2531 posita
878 2456 1050 2514 velut
1075 2455 1269 2515 adhuc
1289 2456 1646 2530 requirenda

369 2543 495 2602 sint
526 2540 801 2622 (Retract.
843 2556 893 2615 1,
937 2539 1106 2625 24).‘
1142 2578 1227 2590 --
1263 2545 1644 2605 Locutionum

361 2634 417 2695 ll.
458 2631 580 2701 VII
602 2630 678 2714 (o.
698 2653 749 2696 a.
774 2644 899 2697 419
922 2635 1448 2712 MigneXXXIV,
1487 2644 1642 2699 485-

362 2718 539 2802 546),
574 2730 831 2797 quorum
850 2740 1064 2799 scopus
1090 2728 1201 2794 est,
1238 2743 1281 2784 s.
1305 2724 1644 2801 Scripturas

355 2811 605 2887 phrases
637 2811 878 2887 linguae
910 2812 1130 2873 latinae
1162 2813 1365 2872 minus
1389 2814 1645 2874 usitatas

357 2895 417 2958 in
451 2900 865 2975 Heptateucho
898 2900 1101 2960 obvias
1147 2922 1218 2961 ex
1262 2902 1503 2979 linguae
1542 2903 1643 2961 he-

353 2988 592 3048 braicae
640 2989 735 3048 vel
765 3008 1005 3065 graecae
1037 2991 1398 3067 proprietate
1431 2992 1640 3051 diluci-

356 3079 496 3136 dare
545 3078 620 3136 ad
668 3096 712 3138 s,
748 3078 1115 3155 Scripturam
1148 3080 1382 3140 facilius
1416 3081 1641 3139 intelli-

353 3165 629 3243 gendam.
668 3201 749 3210 —-
778 3168 1203 3239 Quaestionum
1235 3171 1299 3227 in
1331 3169 1640 3244 Heptateu-

1704 513 1840 553 nam
1879 511 2058 554 sensu
2101 493 2318 552 literali
2362 494 2483 554 fere
2526 493 2799 570 neglecto
2844 494 2988 554 alle·

1704 583 1934 660 goricas
1980 582 2547 642 accommodationes
2610 584 2672 641 et
2731 584 2985 642 morales

1703 672 2130 749 applicationes
2162 674 2566 731 consectatur:
2599 673 2986 749 conceptibus

1702 764 1907 821 tamen
1937 761 2330 821 nobilissimis
2361 761 2436 819 de
2462 760 2773 829 Ecclesiae,
2809 780 2988 837 quam

1704 850 1932 927 ubique
1965 851 2425 927 praefiguratam
2472 855 2534 909 et
2577 851 2989 910 adumbratam

1705 939 1916 1011 cernit,
1948 940 2231 999 relatione
2262 940 2337 999 ad
2370 940 2672 1000 Christum
2704 947 2883 1015 atque
2913 940 2986 998 de

1703 1028 1972 1105 ejusdem
1989 1029 2417 1107 praerogativis
2435 1029 2758 1099 abundant,
2792 1033 2864 1088 ut
2892 1029 2986 1088 ni-

1706 1118 1793 1176 hil
1825 1118 2163 1189 sublimine,
2210 1118 2365 1178 nihil
2398 1119 2662 1178 nobilius
2694 1118 2851 1194 apud
2884 1139 2987 1196 pa-

1704 1210 1830 1266 tres
1863 1208 1972 1266 hoc
2004 1207 2077 1265 de
2109 1220 2461 1285 argumento
2493 1208 2773 1283 reperias.

1803 1394 1942 1448 156.
1974 1385 2066 1442 Ad
2085 1386 2157 1448 N.
2178 1386 2240 1445 Τ.
2262 1388 2563 1462 spectant:
2597 1386 2685 1444 De
2713 1405 2990 1446 consensu

1704 1475 2177 1549 evanqelistarum
2193 1468 2243 1556 ²)
2276 1474 2452 1541 ll.,1V
2484 1470 2558 1558 (c.
2591 1485 2717 1538 400
2754 1476 2842 1534 Mi
2853 1496 2987 1553 gne

1704 1562 1961 1633 XXXIV,
2036 1557 2528 1647 1041—1229);
2591 1567 2987 1641 quaestionum

1703 1653 2152 1729 Evanqeliorum
2183 1653 2249 1712 ll.
2282 1653 2358 1722 11,
2392 1653 2458 1713 in
2490 1653 2715 1728 quibus
2747 1654 2989 1714 exhibet

1702 1742 2102 1818 expositiones
2164 1742 2449 1818 mysticas
2509 1742 2864 1818 plerumque
2926 1748 2989 1802 et

1704 1832 1958 1891 morales
2017 1831 2389 1907 quorundam
2450 1832 2714 1891 locorum
2773 1832 2876 1896 Ev.
2939 1851 2986 1894 s,

1703 1919 1987 1980 Matthaei
2038 1923 2099 1979 et
2147 1939 2193 1983 s.
2242 1920 2433 1979 Lucae
2485 1918 2711 2001 (Migne
2761 1921 2982 1992 XXXV,

1712 2003 2206 2091 1321—1365);
2254 2010 2323 2068 de
2361 2028 2621 2069 sermone
2650 2011 2890 2069 Domini
2919 2012 2986 2071 in

1702 2102 1904 2158 monte
1936 2099 2264 2160 secundum
2284 2098 2649 2161 Matthaeum
2681 2099 2743 2162 ll.
2777 2109 2811 2162 2
2848 2095 2984 2182 (scr.

1701 2208 1751 2246 a.
1778 2197 1901 2251 393
1935 2188 2188 2265 Migne
2210 2187 2462 2259 XXXIV,
2505 2186 2982 2270 1230—1308),

1701 2278 1808 2352 qui
1839 2277 2122 2336 exhibent
2152 2277 2520 2353 praeclarum
2559 2276 2780 2336 ethices
2827 2279 2982 2337 chri·-

1700 2366 1926 2425 stianae
1946 2367 2360 2442 compendium
2382 2366 2847 2444 diligentissima
2867 2368 2982 2427 sol-

1699 2455 1876 2514 lertia
1925 2455 2290 2515 elaboratum
2302 2451 2374 2536 ²).
2415 2489 2486 2499 -
2525 2455 2616 2514 Tr.
2651 2455 2876 2517 CXXIV
2922 2458 2985 2515 in

1701 2544 1954 2604 Joannis
1983 2544 2362 2623 Evanyelium
2409 2563 2514 2604 seu
2561 2545 2813 2605 totidem
2863 2564 2985 2606 ser-

1699 2652 1907 2693 mones
1952 2635 2024 2692 ad
2064 2635 2357 2710 populum
2387 2635 2582 2693 habiti
2617 2635 2688 2711 (c.
2719 2654 2770 2694 a.
2805 2631 2983 2716 416),

1698 2723 1965 2801 insignes
1998 2723 2259 2800 quidem,
2301 2724 2402 2782 sed
2436 2724 2566 2782 ideo
2599 2722 2749 2782 forte
2779 2724 2985 2784 minus

1699 2812 1912 2881 limati,
1962 2812 2122 2887 quod
2153 2815 2429 2888 prostent
2460 2817 2639 2886 prout
2669 2831 2702 2870 a
2733 2813 2984 2872 notariis

1698 2901 2240 2977 interloquendum
2271 2902 2436 2960 fuere
2468 2901 2698 2977 excepti
2719 2898 2985 2984 (Migne

1696 2990 1922 3060 XXXV,
1964 2985 2400 3069 1379-1976);
2434 2989 2499 3048 in
2538 2989 2613 3047 iis
2634 3009 2742 3065 pro
2768 3008 2982 3067 oppor-

1698 3079 1962 3137 tunitate
1992 3080 2263 3148 Arianos,
2300 3079 2664 3149 Donatistae,
2712 3079 2981 3156 Pelagia-

1697 3186 1808 3226 nos
1840 3171 1950 3230 etc.
1981 3168 2315 3245 impugnat.
2363 3167 2614 3226 Pulchre
2647 3186 2852 3227 eorum
2884 3186 2979 3227 oc-

352 3256 526 3314 chum
572 3274 681 3315 seu
711 3256 775 3314 in
806 3256 867 3315 ll.
898 3256 965 3315 V.
998 3256 1189 3328 Mosis,
1241 3258 1302 3316 ll.
1348 3258 1535 3319 Josue
1581 3263 1643 3316 et
1696 3256 2146 3316 cesioneNotk
2164 3276 2240 3316 er
2271 3256 2556 3316 Balbulus
2573 3257 2734 3327 dicit,
2757 3257 2980 3327 ,Joan-

353 3343 641 3404 Judicum
674 3345 739 3407 ll.
774 3345 883 3404 VH
915 3339 989 3426 (c.
1022 3366 1077 3405 a..
1109 3347 1282 3425 419),
1334 3346 1440 3422 qui
1486 3364 1642 3406 com-

356 3434 710 3509 plectuntur
741 3434 962 3494 scholia
991 3435 1276 3511 quaedam
1310 3436 1534 3494 fusiora
1577 3435 1642 3494 in

354 3522 513 3582 locos
546 3523 926 3594 difficilior-ee,
960 3525 1132 3599 juxta
1164 3543 1406 3583 sensum
1439 3524 1640 3583 litera-

1778 3429 1812 3497 1)
1841 3425 2047 3497 Einige
2086 3425 2355 3495 glauben,
2400 3425 2598 3481 scribit
2624 3425 2723 3481 Ch.
2752 3427 2793 3480 P
2811 3445 2840 3482 e
2857 3446 2882 3482 s
2898 3446 2926 3482 c
2943 3428 2981 3481 h

1697 3496 1966 3553 Zeitschr.
2006 3498 2098 3550 fiir
2125 3497 2181 3550 k.
2210 3496 2402 3552 Theol.
2452 3503 2584 3555 1886
2611 3499 2676 3562 Χ,
2703 3504 2825 3563 233,
2870 3499 2982 3553 uir-

1736 3568 1938 3622 endwo
1959 3569 2105 3622 habe
2127 3568 2226 3622 der
2240 3568 2296 3622 h.
2315 3569 2606 3640 Augustini
2625 3570 2745 3623 sein
2762 3588 2980 3640 grossos

353 3612 473 3714 {⁰¹¹³
520 3612 627 3688 (st)-
678 3612 1070 3691 547—824)·
1103 3648 1191 3658 ·““··
1223 3615 1642 3714 Annot‘fti‘mae
1695 3588 1976 3694 {ceolrick
2021 3640 2083 3693 in
2109 3640 2208 3693 der
2233 3639 2465 3711 Lbsung
2505 3657 2618 3695 von
2645 3641 2978 3713 Schwierig-

357 3722 415 3760 m
448 3702 563 3760 Job
596 3697 668 3779 (0.
703 3722 752 3762 a.
788 3696 941 3782 400)
986 3703 1212 3773 breves,
1260 3701 1492 3761 meudls
1538 3703 1637 3760 de·
1695 3710 1894 3766 keiten
1916 3712 2039 3765 und
2066 3711 2166 3765 der
2192 3711 2590 3783 Vereinigung
2616 3713 2979 3766 scheinbarer

356 3790 658 3861 formatae,
709 3791 784 3849 ab
816 3791 948 3849 aliis
978 3791 1180 3851 minus
1214 3794 1486 3851 geom-3130
1518 3792 1638 3850 001-
1694 3781 1922 3835 Widcrs
1965 3782 2140 3836 riiche
2167 3800 2228 3837 so
2256 3784 2384 3837 sehr
2401 3785 2657 3838 bewahrt
2670 3784 2757 3838 als
2771 3785 2980 3854 gerade

354 3880 542 3939 lectae
588 3879 691 3958 (ib.
743 3875 1137 3961 825—887).
1200 3881 1354 3939 Hinc
1399 3881 1528 3957 ipse
1575 3899 1639 3939 se

1694 3852 1756 3905 in
1778 3852 1903 3907 dem
2009 3854 2142 3907 erke
2169 3854 2238 3907 de
2284 3871 2562 3909 consensu
2608 3856 2978 3924 evangelista-

1693 3943 1837 3978 rum.
1889 3924 2125 3977 Fatetur
2150 3928 2339 3980 tsmen
2367 3927 2643 3994 quasdam
2668 3927 2980 3981 solutiones

353 3969 584 4028 nemim*
630 3972 889 4028 testatur
935 3969 1092 4030 Retr·
1130 3968 1204 4040 11,
1262 3980 1336 4033 ¹3
1390 3974 1636 4039 ’Utrum
1693 3995 1866 4049 nimis
1883 4011 2000 4049 esse
2017 3995 2306 4064 quaesitas
2320 3998 2622 4065 minusque
2640 3998 2979 4067 probabiles.

355 4075 535 4117 suum
567 4076 720 4133 opus
767 4058 1070 4117 habendae
1116 4059 1256 4128 sint,
1308 4078 1385 4117 an
1435 4060 1636 4136 potius

353 4165 579 4215 eorum,
632 4147 736 4222 qui
786 4165 903 4210 eas,
965 4147 1120 4205 sicut
1168 4151 1495 4223 potuerunt
1544 4148 1639 4206 vel
1694 4138 2050 4194 Matthaeum
2083 4138 2327 4209 (XXXV,
2373 4144 2651 4196 1365—79

352 4236 693 4306 voluerunt,
724 4236 1083 4313 redegerunt
1113 4237 1177 4295 in
1205 4256 1394 4296 unum
1424 4255 1637 4312 corpus

1771 4071 1811 4137 ²)
1840 4070 2209 4134 Quaestionum
2235 4070 2412 4123 XVII
2448 4068 2508 4123 in
2534 4067 2635 4123 Ev.
2664 4068 2975 4150 secundum

1693 4211 1863 4265 detur
1888 4223 2008 4265 esse
2035 4227 2077 4262 a.
2105 4208 2441 4278 Augustini,
2461 4209 2545 4262 ita
2572 4213 2630 4290 et
2654 4144 2978 4265 libxel'fiich

1695 4285 2035 4337 Min-abillonis
2072 4300 2115 4337 s.
2155 4282 2469 4349 Scripturas
2509 4280 2724 4352 (Mlgne
2752 4280 2975 4345 XXXV,

355 4325 685 4400 descriptas
718 4325 790 4383 de
820 4325 1118 4384 frontibus
1150 4327 1432 4400 codici3‚‘
1473 4327 1534 4385 et
1564 4325 1637 4383 de
1693 4355 2104 4424 2149—2200):
2167 4355 2229 4406 de
2289 4355 2724 4410 benedictionibus
2772 4355 2976 4417 Jacobs,

352 4433 557 4473 earum
616 4413 979 4473 obscuritate
1032 4415 1433 4491 conqueritur.
1512 4415 1636 4473 En·
1693 4425 1850 4494 quod
1891 4427 1977 4478 est
2013 4423 2249 4478 Alcuini
2288 4422 2364 4477 ib.
2405 4441 2461 4492 p.
2507 4429 2881 4480 2199-2206.
2911 4457 2974 4464 —

352 4504 723 4561 naq-ration&
799 4505 862 4561 in
926 4505 1191 4579 pgalmos
1252 4502 1530 4584 (Migne
1592 4506 1635 4563 1:
1692 4495 1990 4566 Expositio
2031 4502 2088 4550 v'n
2115 4498 2475 4564 Apocalypsin
2506 4497 2556 4549 b.
2599 4493 2838 4548 Joannis
2878 4494 2976 4566 (ib.

352 4591 612 4653 XXXVI.
630 4587 941 4674 XXXVII),
965 4596 1218 4668 quarum
1238 4593 1473 4669 aliquae
1496 4594 1639 4653 sunt

1693 4571 2069 4638 2417-2452)
2097 4583 2199 4637 per
2222 4565 2488 4624 homilias
2515 4566 2660 4628 XIX,
2702 4564 2976 4620 consarci-

1692 4643 1830 4692 nata
1857 4656 1924 4692 ex
1955 4638 2347 4694 Victorini
2391 4638 2484 4702 M„
2512 4637 2876 4690 Primasii
2921 4641 2980 4691 et

355 4681 705 4752 succinctae,
755 4681 904 4741 aliae
948 4684 1225 4740 constant
1254 4682 1499 4759 prolixis
1531 4682 1635 4740 ho·
1691 4709 1736 4762 Β
1754 4727 1784 4765 e
1801 4711 1836 4763 d
1855 4725 1932 4766 ae
1974 4709 2163 4768 verbis
2187 4727 2301 4766 non
2326 4711 2412 4763 est
2437 4710 2636 4780 ipsius,
2682 4710 2780 4763 Sed
2805 4707 2977 4780 longe

354 4769 557 4842 miliis,
611 4789 762 4846 quae
807 4770 1058 4829 refertae
1106 4774 1251 4829 sunt
1294 4770 1636 4840 utilissimis
1691 4781 1979 4838 inferioris
2004 4781 2274 4838 auctoris.

575 4878 765 4937 Hurter,
793 4879 1120 4927 Nomenclator
1146 4880 1165 4926 1
1193 4880 1265 4927 ed.
1295 4880 1376 4929 111.

2595 4877 2657 4926 10
