<?xml version="1.0" encoding="UTF-8"?>
<!DOCTYPE html PUBLIC "-//W3C//DTD XHTML 1.0 Transitional//EN"
    "http://www.w3.org/TR/xhtml1/DTD/xhtml1-transitional.dtd">
<html xmlns="http://www.w3.org/1999/xhtml" xml:lang="en" lang="en">
 <head>
  <title>
</title>
<meta http-equiv="Content-Type" content="text/html;charset=utf-8" />
  <meta name='ocr-system' content='tesseract 3.04.00' />
  <meta name='ocr-capabilities' content='ocr_page ocr_carea ocr_par ocr_line ocrx_word'/>
</head>
<body>
  <div class='ocr_page' id='page_1' title='image "./nomenclatorlite09hurtgoog_0310.png"; bbox 0 0 3505 5161; ppageno 0'>
   <div class='ocr_carea' id='block_1_1' title="bbox 523 214 3133 297">
    <p class='ocr_par' dir='ltr' id='par_1_1' title="bbox 523 214 3133 297">
     <span class='ocr_line' id='line_1_1' title="bbox 523 214 3133 297; baseline -0.003 -16"><span class='ocrx_word' id='word_1_1' title='bbox 523 244 645 297; x_wconf 85' lang='lat'><strong>579</strong></span> <span class='ocrx_word' id='word_1_2' title='bbox 1028 214 1327 280; x_wconf 51' lang='lat'><strong>6014636.</strong></span> <span class='ocrx_word' id='word_1_3' title='bbox 1355 219 1680 292; x_wconf 87' lang='lat' dir='ltr'><strong>Hagiologi.</strong></span> <span class='ocrx_word' id='word_1_4' title='bbox 1708 220 2000 286; x_wconf 74' lang='lat' dir='ltr'><strong>Leontius,</strong></span> <span class='ocrx_word' id='word_1_5' title='bbox 2028 219 2310 286; x_wconf 71' lang='lat' dir='ltr'><strong>Plotium,</strong></span> <span class='ocrx_word' id='word_1_6' title='bbox 2341 219 2619 276; x_wconf 82' lang='lat' dir='ltr'><strong>Moschus.</strong></span> <span class='ocrx_word' id='word_1_7' title='bbox 3007 239 3133 294; x_wconf 78' lang='lat'><strong>580</strong></span> 
     </span>
    </p>
   </div>
   <div class='ocr_carea' id='block_1_2' title="bbox 509 406 3149 3512">
    <p class='ocr_par' dir='ltr' id='par_1_2' title="bbox 509 406 3149 3512">
     <span class='ocr_line' id='line_1_2' title="bbox 517 406 3137 485; baseline -0.002 -16"><span class='ocrx_word' id='word_1_8' title='bbox 517 411 673 482; x_wconf 90' lang='lat' dir='ltr'><strong>dine,</strong></span> <span class='ocrx_word' id='word_1_9' title='bbox 709 411 849 470; x_wconf 87' lang='lat' dir='ltr'><strong>stilo</strong></span> <span class='ocrx_word' id='word_1_10' title='bbox 882 408 1138 485; x_wconf 87' lang='lat' dir='ltr'><strong>simplici</strong></span> <span class='ocrx_word' id='word_1_11' title='bbox 1180 412 1241 467; x_wconf 92' lang='lat' dir='ltr'><strong>et</strong></span> <span class='ocrx_word' id='word_1_12' title='bbox 1272 406 1477 479; x_wconf 90' lang='lat' dir='ltr'><strong>nobili,</strong></span> <span class='ocrx_word' id='word_1_13' title='bbox 1510 426 1629 466; x_wconf 89' lang='lat' dir='ltr'><strong>non</strong></span> <span class='ocrx_word' id='word_1_14' title='bbox 1666 407 1796 466; x_wconf 85' lang='lat' dir='ltr'><strong>sine</strong></span> <span class='ocrx_word' id='word_1_15' title='bbox 1862 416 2045 472; x_wconf 80' lang='lat'><strong>1748.</strong></span> <span class='ocrx_word' id='word_1_16' title='bbox 2088 441 2158 451; x_wconf 89' lang='lat'>-</span> <span class='ocrx_word' id='word_1_17' title='bbox 2197 408 2512 467; x_wconf 82' lang='lat' dir='ltr'><strong>Tribuitur</strong></span> <span class='ocrx_word' id='word_1_18' title='bbox 2558 408 2677 483; x_wconf 89' lang='lat' dir='ltr'><strong>ipsi</strong></span> <span class='ocrx_word' id='word_1_19' title='bbox 2709 412 2772 468; x_wconf 90' lang='lat' dir='ltr'><strong>et</strong></span> <span class='ocrx_word' id='word_1_20' title='bbox 2800 411 2917 467; x_wconf 71' lang='lat' dir='ltr'><strong>vila</strong></span> <span class='ocrx_word' id='word_1_21' title='bbox 2947 428 2992 465; x_wconf 77' lang='lat' dir='ltr'><strong>s.</strong></span> <span class='ocrx_word' id='word_1_22' title='bbox 3038 409 3137 465; x_wconf 74' lang='lat' dir='ltr'><strong>Vi-</strong></span> 
     </span>
     <span class='ocr_line' id='line_1_3' title="bbox 517 495 3139 582; baseline -0.002 -22"><span class='ocrx_word' id='word_1_23' title='bbox 517 501 796 560; x_wconf 91' lang='lat' dir='ltr'><strong>unctione</strong></span> <span class='ocrx_word' id='word_1_24' title='bbox 814 496 877 582; x_wconf 84' lang='lat'><strong>¹).</strong></span> <span class='ocrx_word' id='word_1_25' title='bbox 1857 498 1988 555; x_wconf 72' lang='lat' dir='ltr'><strong>tatii</strong></span> <span class='ocrx_word' id='word_1_26' title='bbox 1999 515 2105 556; x_wconf 90' lang='lat' dir='ltr'><strong>seu</strong></span> <span class='ocrx_word' id='word_1_27' title='bbox 2119 496 2329 555; x_wconf 86' lang='lat' dir='ltr'><strong>Vitalis</strong></span> <span class='ocrx_word' id='word_1_28' title='bbox 2342 497 2615 556; x_wconf 87' lang='lat' dir='ltr'><strong>monachi</strong></span> <span class='ocrx_word' id='word_1_29' title='bbox 2625 498 2825 574; x_wconf 79' lang='lat' dir='ltr'>gazaei</span> <span class='ocrx_word' id='word_1_30' title='bbox 2841 495 3139 579; x_wconf 86' lang='lat' dir='ltr'><strong>(sec.VII),</strong></span> 
     </span>
     <span class='ocr_line' id='line_1_4' title="bbox 1857 586 3137 662; baseline 0 -18"><span class='ocrx_word' id='word_1_31' title='bbox 1857 604 2012 661; x_wconf 89' lang='lat' dir='ltr'><strong>quae</strong></span> <span class='ocrx_word' id='word_1_32' title='bbox 2061 586 2285 662; x_wconf 86' lang='lat' dir='ltr'><strong>legitur</strong></span> <span class='ocrx_word' id='word_1_33' title='bbox 2332 586 2393 644; x_wconf 90' lang='lat' dir='ltr'><strong>in</strong></span> <span class='ocrx_word' id='word_1_34' title='bbox 2427 586 2593 644; x_wconf 82' lang='lat' dir='ltr'><strong>Actis</strong></span> <span class='ocrx_word' id='word_1_35' title='bbox 2640 586 2738 648; x_wconf 84' lang='lat' dir='ltr'><strong>SS.</strong></span> <span class='ocrx_word' id='word_1_36' title='bbox 2798 599 2893 650; x_wconf 93' lang='grc'><strong>11.</strong></span> <span class='ocrx_word' id='word_1_37' title='bbox 2925 587 3059 650; x_wconf 90' lang='lat' dir='ltr'><strong>Jan.</strong></span> <span class='ocrx_word' id='word_1_38' title='bbox 3089 588 3137 655; x_wconf 88' lang='lat'><strong>1,</strong></span> 
     </span>
     <span class='ocr_line' id='line_1_5' title="bbox 608 674 3142 751; baseline -0.004 -9"><span class='ocrx_word' id='word_1_39' title='bbox 608 687 755 742; x_wconf 87' lang='grc'><strong>321.</strong></span> <span class='ocrx_word' id='word_1_40' title='bbox 831 677 904 736; x_wconf 93' lang='lat' dir='ltr'><strong>In</strong></span> <span class='ocrx_word' id='word_1_41' title='bbox 980 676 1219 735; x_wconf 90' lang='lat' dir='ltr'><strong>Oriente</strong></span> <span class='ocrx_word' id='word_1_42' title='bbox 1295 674 1468 734; x_wconf 88' lang='lat' dir='ltr'><strong>nobis</strong></span> <span class='ocrx_word' id='word_1_43' title='bbox 1546 675 1805 734; x_wconf 88' lang='lat' dir='ltr'><strong>occurrit</strong></span> <span class='ocrx_word' id='word_1_44' title='bbox 1864 683 1986 738; x_wconf 82' lang='lat'><strong>702</strong></span> <span class='ocrx_word' id='word_1_45' title='bbox 2023 693 2068 735; x_wconf 88' lang='lat' dir='ltr'><strong>s.</strong></span> <span class='ocrx_word' id='word_1_46' title='bbox 2131 674 2201 732; x_wconf 91' lang='lat' dir='ltr'><strong>In</strong></span> <span class='ocrx_word' id='word_1_47' title='bbox 2231 675 2381 734; x_wconf 87' lang='lat' dir='ltr'><strong>actis</strong></span> <span class='ocrx_word' id='word_1_48' title='bbox 2414 675 2624 751; x_wconf 80' lang='lat' dir='ltr'>synodi</span> <span class='ocrx_word' id='word_1_49' title='bbox 2655 675 2782 735; x_wconf 90' lang='lat' dir='ltr'><strong>VII.</strong></span> <span class='ocrx_word' id='word_1_50' title='bbox 2815 677 3039 735; x_wconf 82' lang='lat' dir='ltr'><strong>mentio</strong></span> <span class='ocrx_word' id='word_1_51' title='bbox 3071 677 3142 735; x_wconf 86' lang='lat' dir='ltr'><strong>fit</strong></span> 
     </span>
     <span class='ocr_line' id='line_1_6' title="bbox 516 761 3141 847; baseline -0.002 -19"><span class='ocrx_word' id='word_1_52' title='bbox 516 768 851 828; x_wconf 89' lang='lat' dir='ltr'><strong>Leontiu</strong></span> <span class='ocrx_word' id='word_1_53' title='bbox 870 761 958 847; x_wconf 74' lang='lat'><strong>82)</strong></span> <span class='ocrx_word' id='word_1_54' title='bbox 992 766 1301 842; x_wconf 88' lang='lat' dir='ltr'><strong>episcopus</strong></span> <span class='ocrx_word' id='word_1_55' title='bbox 1317 764 1643 840; x_wconf 87' lang='lat' dir='ltr'><strong>Neapoleos</strong></span> <span class='ocrx_word' id='word_1_56' title='bbox 1657 764 1800 839; x_wconf 82' lang='lat' dir='ltr'><strong>(Ha·</strong></span> <span class='ocrx_word' id='word_1_57' title='bbox 1859 764 2185 822; x_wconf 88' lang='lat' dir='ltr'><strong>multorum</strong></span> <span class='ocrx_word' id='word_1_58' title='bbox 2249 767 2629 823; x_wconf 81' lang='lat' dir='ltr'><strong>encomiorum</strong></span> <span class='ocrx_word' id='word_1_59' title='bbox 2691 770 2753 824; x_wconf 92' lang='lat' dir='ltr'><strong>et</strong></span> <span class='ocrx_word' id='word_1_60' title='bbox 2813 784 3141 824; x_wconf 77' lang='lat' dir='ltr'><strong><em>sermonum</em></strong></span> 
     </span>
     <span class='ocr_line' id='line_1_7' title="bbox 517 853 3143 933; baseline -0.002 -17"><span class='ocrx_word' id='word_1_61' title='bbox 517 858 833 933; x_wconf 88' lang='lat' dir='ltr'><strong>giopoleos‚</strong></span> <span class='ocrx_word' id='word_1_62' title='bbox 869 855 1238 930; x_wconf 87' lang='lat' dir='ltr'><strong>Nicopoleos‚</strong></span> <span class='ocrx_word' id='word_1_63' title='bbox 1274 854 1649 913; x_wconf 76' lang='lat' dir='ltr'><strong>Constantine</strong></span> <span class='ocrx_word' id='word_1_64' title='bbox 1693 872 1802 911; x_wconf 87' lang='lat' dir='ltr'><strong>seu</strong></span> <span class='ocrx_word' id='word_1_65' title='bbox 1859 853 2372 929; x_wconf 78' lang='lat' dir='ltr'><strong>panegyricornm,</strong></span> <span class='ocrx_word' id='word_1_66' title='bbox 2437 873 2587 929; x_wconf 83' lang='lat' dir='ltr'><strong>quae</strong></span> <span class='ocrx_word' id='word_1_67' title='bbox 2663 853 2992 930; x_wconf 86' lang='lat' dir='ltr'><strong>reliquerit.</strong></span> <span class='ocrx_word' id='word_1_68' title='bbox 3055 889 3143 900; x_wconf 87' lang='lat'><strong>--</strong></span> 
     </span>
     <span class='ocr_line' id='line_1_8' title="bbox 519 941 3143 1026; baseline -0.001 -21"><span class='ocrx_word' id='word_1_69' title='bbox 519 941 793 1026; x_wconf 82' lang='lat' dir='ltr'><strong>Salamis)</strong></span> <span class='ocrx_word' id='word_1_70' title='bbox 846 945 911 1003; x_wconf 91' lang='lat' dir='ltr'><strong>in</strong></span> <span class='ocrx_word' id='word_1_71' title='bbox 943 944 1120 1019; x_wconf 83' lang='lat' dir='ltr'>Cypri</span> <span class='ocrx_word' id='word_1_72' title='bbox 1172 943 1387 1013; x_wconf 89' lang='lat' dir='ltr'><strong>insula,</strong></span> <span class='ocrx_word' id='word_1_73' title='bbox 1444 944 1547 1017; x_wconf 90' lang='lat' dir='ltr'><strong>qui</strong></span> <span class='ocrx_word' id='word_1_74' title='bbox 1598 942 1804 1001; x_wconf 86' lang='lat' dir='ltr'><strong>floruit</strong></span> <span class='ocrx_word' id='word_1_75' title='bbox 1859 942 2192 1001; x_wconf 76' lang='lat' dir='ltr'><strong><em>Passionem</em></strong></span> <span class='ocrx_word' id='word_1_76' title='bbox 2223 962 2267 1000; x_wconf 85' lang='lat' dir='ltr'><strong>s.</strong></span> <span class='ocrx_word' id='word_1_77' title='bbox 2283 943 2565 1002; x_wconf 75' lang='lat' dir='ltr'><strong>Demetrii</strong></span> <span class='ocrx_word' id='word_1_78' title='bbox 2595 943 3143 1003; x_wconf 73' lang='lat' dir='ltr'><strong>MThessalonicae</strong></span> 
     </span>
     <span class='ocr_line' id='line_1_9' title="bbox 519 1028 3141 1114; baseline -0 -21"><span class='ocrx_word' id='word_1_79' title='bbox 519 1036 768 1094; x_wconf 84' lang='lat' dir='ltr'><strong>ineunte</strong></span> <span class='ocrx_word' id='word_1_80' title='bbox 814 1052 926 1093; x_wconf 89' lang='lat' dir='ltr'><strong>sec.</strong></span> <span class='ocrx_word' id='word_1_81' title='bbox 981 1032 1093 1092; x_wconf 89' lang='lat' dir='ltr'><strong>VH</strong></span> <span class='ocrx_word' id='word_1_82' title='bbox 1154 1028 1339 1114; x_wconf 87' lang='lat' dir='ltr'><strong>(intra</strong></span> <span class='ocrx_word' id='word_1_83' title='bbox 1405 1042 1527 1095; x_wconf 88' lang='grc'><strong>590</strong></span> <span class='ocrx_word' id='word_1_84' title='bbox 1545 1028 1801 1114; x_wconf 84' lang='grc'><strong>-668).</strong></span> <span class='ocrx_word' id='word_1_85' title='bbox 1858 1030 1923 1088; x_wconf 91' lang='lat' dir='ltr'><strong>in</strong></span> <span class='ocrx_word' id='word_1_86' title='bbox 1955 1030 2295 1089; x_wconf 83' lang='lat' dir='ltr'><strong>Macedonia</strong></span> <span class='ocrx_word' id='word_1_87' title='bbox 2345 1029 2419 1113; x_wconf 89' lang='lat' dir='ltr'><strong>(c.</strong></span> <span class='ocrx_word' id='word_1_88' title='bbox 2452 1052 2501 1092; x_wconf 89' lang='lat' dir='ltr'><strong>a.</strong></span> <span class='ocrx_word' id='word_1_89' title='bbox 2539 1029 2691 1114; x_wconf 88' lang='grc'>306)</span> <span class='ocrx_word' id='word_1_90' title='bbox 2744 1036 2947 1091; x_wconf 90' lang='lat' dir='ltr'><strong>narrat</strong></span> <span class='ocrx_word' id='word_1_91' title='bbox 2977 1033 3141 1092; x_wconf 91' lang='lat' dir='ltr'><strong>Plo·</strong></span> 
     </span>
     <span class='ocr_line' id='line_1_10' title="bbox 518 1115 3140 1202; baseline -0 -20"><span class='ocrx_word' id='word_1_92' title='bbox 518 1125 760 1183; x_wconf 88' lang='lat' dir='ltr'><strong>Praeter</strong></span> <span class='ocrx_word' id='word_1_93' title='bbox 791 1123 939 1181; x_wconf 89' lang='lat' dir='ltr'><strong>duos</strong></span> <span class='ocrx_word' id='word_1_94' title='bbox 958 1139 1243 1181; x_wconf 77' lang='lat' dir='ltr'><strong><em>sermones</em></strong></span> <span class='ocrx_word' id='word_1_95' title='bbox 1274 1115 1558 1202; x_wconf 90' lang='lat' dir='ltr'><strong>(quorum</strong></span> <span class='ocrx_word' id='word_1_96' title='bbox 1589 1122 1802 1197; x_wconf 89' lang='lat' dir='ltr'><strong>genui·</strong></span> <span class='ocrx_word' id='word_1_97' title='bbox 1858 1119 1976 1178; x_wconf 91' lang='lat' dir='ltr'><strong>tin</strong></span> <span class='ocrx_word' id='word_1_98' title='bbox 1995 1138 2080 1179; x_wconf 90' lang='lat' dir='ltr'><strong>us</strong></span> <span class='ocrx_word' id='word_1_99' title='bbox 2114 1120 2366 1196; x_wconf 83' lang='lat' dir='ltr'><strong>archiep.</strong></span> <span class='ocrx_word' id='word_1_100' title='bbox 2397 1121 2597 1193; x_wconf 68' lang='lat' dir='ltr'><strong>thess„</strong></span> <span class='ocrx_word' id='word_1_101' title='bbox 2631 1122 2737 1197; x_wconf 89' lang='lat' dir='ltr'><strong>qui</strong></span> <span class='ocrx_word' id='word_1_102' title='bbox 2769 1122 3039 1181; x_wconf 89' lang='lat' dir='ltr'><strong>floruisse</strong></span> <span class='ocrx_word' id='word_1_103' title='bbox 3056 1123 3140 1181; x_wconf 88' lang='lat' dir='ltr'><strong>le-</strong></span> 
     </span>
     <span class='ocr_line' id='line_1_11' title="bbox 517 1204 3143 1292; baseline 0.002 -21"><span class='ocrx_word' id='word_1_104' title='bbox 517 1213 673 1273; x_wconf 88' lang='lat' dir='ltr'><strong>nitas</strong></span> <span class='ocrx_word' id='word_1_105' title='bbox 724 1216 924 1271; x_wconf 80' lang='lat' dir='ltr'><strong>tamen</strong></span> <span class='ocrx_word' id='word_1_106' title='bbox 974 1230 1096 1270; x_wconf 90' lang='lat' dir='ltr'><strong>non</strong></span> <span class='ocrx_word' id='word_1_107' title='bbox 1144 1213 1237 1270; x_wconf 89' lang='lat' dir='ltr'><strong>est</strong></span> <span class='ocrx_word' id='word_1_108' title='bbox 1285 1210 1430 1269; x_wconf 86' lang='lat' dir='ltr'><strong>satis</strong></span> <span class='ocrx_word' id='word_1_109' title='bbox 1491 1204 1676 1291; x_wconf 82' lang='lat' dir='ltr'><strong>certa)</strong></span> <span class='ocrx_word' id='word_1_110' title='bbox 1742 1214 1805 1267; x_wconf 88' lang='lat' dir='ltr'><strong>et·</strong></span> <span class='ocrx_word' id='word_1_111' title='bbox 1858 1208 2026 1284; x_wconf 83' lang='lat' dir='ltr'><strong>gitur</strong></span> <span class='ocrx_word' id='word_1_112' title='bbox 2087 1210 2199 1267; x_wconf 89' lang='lat' dir='ltr'><strong>sub</strong></span> <span class='ocrx_word' id='word_1_113' title='bbox 2262 1210 2456 1269; x_wconf 87' lang='lat' dir='ltr'><strong>Phoca</strong></span> <span class='ocrx_word' id='word_1_114' title='bbox 2515 1210 2657 1286; x_wconf 85' lang='lat' dir='ltr'><strong>imp.</strong></span> <span class='ocrx_word' id='word_1_115' title='bbox 2715 1207 3143 1292; x_wconf 48' lang='lat' dir='ltr'><strong>(now-610).</strong></span> 
     </span>
     <span class='ocr_line' id='line_1_12' title="bbox 516 1297 3144 1379; baseline -0 -19"><span class='ocrx_word' id='word_1_116' title='bbox 516 1302 918 1379; x_wconf 77' lang='lat' dir='ltr'><strong>fragmentum</strong></span> <span class='ocrx_word' id='word_1_117' title='bbox 964 1301 1249 1359; x_wconf 78' lang='lat' dir='ltr'><strong>sermonis</strong></span> <span class='ocrx_word' id='word_1_118' title='bbox 1298 1306 1500 1358; x_wconf 78' lang='lat' dir='ltr'><strong>contra</strong></span> <span class='ocrx_word' id='word_1_119' title='bbox 1545 1299 1804 1357; x_wconf 77' lang='lat' dir='ltr'><strong>Judaeos</strong></span> <span class='ocrx_word' id='word_1_120' title='bbox 1858 1297 2003 1356; x_wconf 86' lang='lat' dir='ltr'><strong>Eam</strong></span> <span class='ocrx_word' id='word_1_121' title='bbox 2080 1297 2260 1357; x_wconf 84' lang='lat' dir='ltr'><strong>habes</strong></span> <span class='ocrx_word' id='word_1_122' title='bbox 2345 1299 2409 1358; x_wconf 91' lang='lat' dir='ltr'><strong>in</strong></span> <span class='ocrx_word' id='word_1_123' title='bbox 2495 1300 2754 1376; x_wconf 82' lang='lat' dir='ltr'><strong>Theoph.</strong></span> <span class='ocrx_word' id='word_1_124' title='bbox 2835 1300 2875 1359; x_wconf 85' lang='lat' dir='ltr'><strong>J</strong></span> <span class='ocrx_word' id='word_1_125' title='bbox 2890 1319 3144 1360; x_wconf 89' lang='lat' dir='ltr'><strong>oannu</strong></span> 
     </span>
     <span class='ocr_line' id='line_1_13' title="bbox 517 1380 2776 1471; baseline -0 -23"><span class='ocrx_word' id='word_1_126' title='bbox 517 1390 771 1449; x_wconf 91' lang='lat' dir='ltr'><strong>habetur</strong></span> <span class='ocrx_word' id='word_1_127' title='bbox 811 1389 943 1448; x_wconf 79' lang='lat' dir='ltr'><strong>Vita</strong></span> <span class='ocrx_word' id='word_1_128' title='bbox 973 1409 1019 1448; x_wconf 87' lang='lat' dir='ltr'><strong>s.</strong></span> <span class='ocrx_word' id='word_1_129' title='bbox 1051 1389 1304 1447; x_wconf 78' lang='lat' dir='ltr'><strong>Joamu&#39;s</strong></span> <span class='ocrx_word' id='word_1_130' title='bbox 1321 1388 1799 1464; x_wconf 72' lang='lat' dir='ltr'><strong>Eleemosynarii,</strong></span> <span class='ocrx_word' id='word_1_131' title='bbox 1858 1380 2144 1471; x_wconf 80' lang='grc' dir='ltr'>Μνημεῐα</span> <span class='ocrx_word' id='word_1_132' title='bbox 2174 1383 2369 1466; x_wconf 80' lang='grc' dir='ltr'><strong>ἁγιολ.</strong></span> <span class='ocrx_word' id='word_1_133' title='bbox 2405 1409 2460 1464; x_wconf 90' lang='lat' dir='ltr'><strong>p.</strong></span> <span class='ocrx_word' id='word_1_134' title='bbox 2498 1399 2776 1452; x_wconf 80' lang='lat'>40-53,</span> 
     </span>
     <span class='ocr_line' id='line_1_14' title="bbox 517 1473 1799 1561; baseline -0.002 -24"><span class='ocrx_word' id='word_1_135' title='bbox 517 1479 886 1556; x_wconf 79' lang='lat' dir='ltr'><strong>patriarchae</strong></span> <span class='ocrx_word' id='word_1_136' title='bbox 919 1478 1065 1536; x_wconf 86' lang='lat' dir='ltr'><strong>alex.</strong></span> <span class='ocrx_word' id='word_1_137' title='bbox 1107 1473 1170 1561; x_wconf 89' lang='lat'><strong>(†</strong></span> <span class='ocrx_word' id='word_1_138' title='bbox 1206 1475 1359 1558; x_wconf 85' lang='lat'>616)</span> <span class='ocrx_word' id='word_1_139' title='bbox 1406 1496 1515 1536; x_wconf 88' lang='lat' dir='ltr'><strong>seu</strong></span> <span class='ocrx_word' id='word_1_140' title='bbox 1545 1477 1799 1536; x_wconf 87' lang='lat' dir='ltr'><strong>additio-</strong></span> 
     </span>
     <span class='ocr_line' id='line_1_15' title="bbox 517 1565 3143 1645; baseline -0.001 -18"><span class='ocrx_word' id='word_1_141' title='bbox 517 1586 624 1627; x_wconf 88' lang='lat' dir='ltr'><strong>nes</strong></span> <span class='ocrx_word' id='word_1_142' title='bbox 645 1569 719 1627; x_wconf 90' lang='lat' dir='ltr'><strong>ad</strong></span> <span class='ocrx_word' id='word_1_143' title='bbox 739 1568 902 1626; x_wconf 84' lang='lat' dir='ltr'><strong>illius</strong></span> <span class='ocrx_word' id='word_1_144' title='bbox 924 1568 1126 1637; x_wconf 85' lang='lat' dir='ltr'><strong>vitam,</strong></span> <span class='ocrx_word' id='word_1_145' title='bbox 1149 1586 1328 1642; x_wconf 89' lang='lat' dir='ltr'><strong>quam</strong></span> <span class='ocrx_word' id='word_1_146' title='bbox 1357 1566 1805 1625; x_wconf 86' lang='lat' dir='ltr'><strong>elaboraverant</strong></span> <span class='ocrx_word' id='word_1_147' title='bbox 1957 1573 2101 1625; x_wconf 84' lang='lat'><strong>322.</strong></span> <span class='ocrx_word' id='word_1_148' title='bbox 2135 1565 2662 1627; x_wconf 88' lang='lat' dir='ltr'><strong>Nominatissimus</strong></span> <span class='ocrx_word' id='word_1_149' title='bbox 2696 1588 2834 1628; x_wconf 84' lang='lat' dir='ltr'><strong>vero</strong></span> <span class='ocrx_word' id='word_1_150' title='bbox 2855 1568 2920 1628; x_wconf 89' lang='lat' dir='ltr'><strong>in</strong></span> <span class='ocrx_word' id='word_1_151' title='bbox 2939 1567 3143 1645; x_wconf 87' lang='lat' dir='ltr'><strong>hagio-</strong></span> 
     </span>
     <span class='ocr_line' id='line_1_16' title="bbox 509 1652 3145 1733; baseline -0 -17"><span class='ocrx_word' id='word_1_152' title='bbox 509 1658 632 1733; x_wconf 89' lang='lat' dir='ltr'><strong>jam</strong></span> <span class='ocrx_word' id='word_1_153' title='bbox 665 1657 758 1720; x_wconf 88' lang='lat' dir='ltr'><strong>J0.</strong></span> <span class='ocrx_word' id='word_1_154' title='bbox 790 1657 1144 1715; x_wconf 85' lang='lat' dir='ltr'><strong>Moschus</strong></span> <span class='ocrx_word' id='word_1_155' title='bbox 1185 1661 1247 1714; x_wconf 88' lang='lat' dir='ltr'><strong>et</strong></span> <span class='ocrx_word' id='word_1_156' title='bbox 1293 1655 1801 1730; x_wconf 75' lang='lat' dir='ltr'><strong>Sophronias.</strong></span> <span class='ocrx_word' id='word_1_157' title='bbox 1861 1652 2489 1729; x_wconf 83' lang='lat' dir='ltr'><strong>graphiaestJoannes</strong></span> <span class='ocrx_word' id='word_1_158' title='bbox 2520 1657 2894 1727; x_wconf 82' lang='lat' dir='ltr'><strong>Moschus,</strong></span> <span class='ocrx_word' id='word_1_159' title='bbox 2930 1674 3145 1733; x_wconf 89' lang='lat' dir='ltr'><strong>cogno-</strong></span> 
     </span>
     <span class='ocr_line' id='line_1_17' title="bbox 519 1735 3145 1827; baseline -0 -22"><span class='ocrx_word' id='word_1_160' title='bbox 519 1747 665 1805; x_wconf 83' lang='lat' dir='ltr'><strong>Cum</strong></span> <span class='ocrx_word' id='word_1_161' title='bbox 714 1751 913 1805; x_wconf 88' lang='lat' dir='ltr'><strong>autem</strong></span> <span class='ocrx_word' id='word_1_162' title='bbox 958 1745 1256 1805; x_wconf 76' lang='lat' dir='ltr'><strong>niteretur</strong></span> <span class='ocrx_word' id='word_1_163' title='bbox 1303 1744 1647 1803; x_wconf 87' lang='lat' dir='ltr'><strong>testimonio</strong></span> <span class='ocrx_word' id='word_1_164' title='bbox 1681 1746 1802 1803; x_wconf 89' lang='lat' dir='ltr'><strong>tes-</strong></span> <span class='ocrx_word' id='word_1_165' title='bbox 1857 1745 2058 1800; x_wconf 87' lang='lat' dir='ltr'><strong>mento</strong></span> <span class='ocrx_word' id='word_1_166' title='bbox 2091 1735 2410 1827; x_wconf 77' lang='grc' dir='ltr'>Εὐκρατᾶς</span> <span class='ocrx_word' id='word_1_167' title='bbox 2442 1743 2626 1823; x_wconf 92' lang='lat' dir='ltr'><strong>(unde</strong></span> <span class='ocrx_word' id='word_1_168' title='bbox 2658 1750 3004 1822; x_wconf 89' lang='lat' dir='ltr'><strong>corruptum</strong></span> <span class='ocrx_word' id='word_1_169' title='bbox 3037 1764 3145 1804; x_wconf 92' lang='lat' dir='ltr'><strong>no-</strong></span> 
     </span>
     <span class='ocr_line' id='line_1_18' title="bbox 517 1832 3144 1911; baseline -0.001 -17"><span class='ocrx_word' id='word_1_170' title='bbox 517 1835 672 1894; x_wconf 89' lang='lat' dir='ltr'><strong>tium</strong></span> <span class='ocrx_word' id='word_1_171' title='bbox 704 1835 1076 1894; x_wconf 76' lang='lat' dir='ltr'><strong>oculatorum</strong></span> <span class='ocrx_word' id='word_1_172' title='bbox 1109 1836 1170 1892; x_wconf 89' lang='lat' dir='ltr'><strong>et</strong></span> <span class='ocrx_word' id='word_1_173' title='bbox 1201 1832 1602 1903; x_wconf 86' lang='lat' dir='ltr'><strong>familiarium,</strong></span> <span class='ocrx_word' id='word_1_174' title='bbox 1635 1852 1801 1909; x_wconf 86' lang='lat' dir='ltr'><strong>mag·</strong></span> <span class='ocrx_word' id='word_1_175' title='bbox 1858 1849 1995 1889; x_wconf 92' lang='lat' dir='ltr'><strong>men</strong></span> <span class='ocrx_word' id='word_1_176' title='bbox 2015 1832 2299 1891; x_wconf 82' lang='lat' dir='ltr'><strong>Everatae</strong></span> <span class='ocrx_word' id='word_1_177' title='bbox 2331 1835 2426 1893; x_wconf 86' lang='lat' dir='ltr'><strong>vel</strong></span> <span class='ocrx_word' id='word_1_178' title='bbox 2446 1835 2674 1894; x_wconf 82' lang='lat' dir='ltr'><strong>Evirati</strong></span> <span class='ocrx_word' id='word_1_179' title='bbox 2707 1835 2895 1911; x_wconf 86' lang='lat' dir='ltr'><strong>aliqui</strong></span> <span class='ocrx_word' id='word_1_180' title='bbox 2926 1834 3144 1893; x_wconf 84' lang='lat' dir='ltr'><strong>forma-</strong></span> 
     </span>
     <span class='ocr_line' id='line_1_19' title="bbox 515 1916 3144 2000; baseline -0.001 -18"><span class='ocrx_word' id='word_1_181' title='bbox 515 1943 627 1983; x_wconf 88' lang='lat' dir='ltr'><strong>nae</strong></span> <span class='ocrx_word' id='word_1_182' title='bbox 675 1924 1049 1983; x_wconf 70' lang='lat' dir='ltr'><strong>auctoritatis</strong></span> <span class='ocrx_word' id='word_1_183' title='bbox 1100 1925 1192 1982; x_wconf 82' lang='lat' dir='ltr'><strong>est</strong></span> <span class='ocrx_word' id='word_1_184' title='bbox 1240 1942 1308 1981; x_wconf 92' lang='lat' dir='ltr'><strong>ea</strong></span> <span class='ocrx_word' id='word_1_185' title='bbox 1351 1924 1476 1981; x_wconf 82' lang='lat' dir='ltr'><strong>vita</strong></span> <span class='ocrx_word' id='word_1_186' title='bbox 1521 1923 1800 1997; x_wconf 86' lang='lat' dir='ltr'><strong>lectuque</strong></span> <span class='ocrx_word' id='word_1_187' title='bbox 1858 1916 2040 2000; x_wconf 84' lang='lat' dir='ltr'><strong>vere).</strong></span> <span class='ocrx_word' id='word_1_188' title='bbox 2103 1921 2487 1982; x_wconf 85' lang='lat' dir='ltr'><strong>Monasticam</strong></span> <span class='ocrx_word' id='word_1_189' title='bbox 2534 1924 2723 1985; x_wconf 82' lang='lat' dir='ltr'><strong>vitam</strong></span> <span class='ocrx_word' id='word_1_190' title='bbox 2767 1925 2829 1983; x_wconf 90' lang='lat' dir='ltr'><strong>in</strong></span> <span class='ocrx_word' id='word_1_191' title='bbox 2864 1924 3144 1983; x_wconf 90' lang='lat' dir='ltr'><strong>coenobio</strong></span> 
     </span>
     <span class='ocr_line' id='line_1_20' title="bbox 519 2009 3144 2090; baseline 0 -19"><span class='ocrx_word' id='word_1_192' title='bbox 519 2013 887 2090; x_wconf 88' lang='lat' dir='ltr'><strong>dignissima.</strong></span> <span class='ocrx_word' id='word_1_193' title='bbox 948 2012 1427 2071; x_wconf 87' lang='lat' dir='ltr'><strong>Anastasius</strong></span> <span class='ocrx_word' id='word_1_194' title='bbox 1477 2011 1801 2070; x_wconf 89' lang='lat' dir='ltr'><strong>bibliothe-</strong></span> <span class='ocrx_word' id='word_1_195' title='bbox 1859 2027 1905 2072; x_wconf 90' lang='lat' dir='ltr'><strong>s.</strong></span> <span class='ocrx_word' id='word_1_196' title='bbox 1938 2009 2251 2068; x_wconf 88' lang='lat' dir='ltr'><strong>Theodosii</strong></span> <span class='ocrx_word' id='word_1_197' title='bbox 2284 2011 2715 2090; x_wconf 81' lang='lat' dir='ltr'><strong>Hierosolymis</strong></span> <span class='ocrx_word' id='word_1_198' title='bbox 2748 2016 2810 2073; x_wconf 89' lang='lat' dir='ltr'><strong>et</strong></span> <span class='ocrx_word' id='word_1_199' title='bbox 2829 2013 2891 2072; x_wconf 92' lang='lat' dir='ltr'><strong>in</strong></span> <span class='ocrx_word' id='word_1_200' title='bbox 2908 2013 3144 2072; x_wconf 85' lang='lat' dir='ltr'><strong>deserto</strong></span> 
     </span>
     <span class='ocr_line' id='line_1_21' title="bbox 518 2098 3147 2177; baseline -0.001 -16"><span class='ocrx_word' id='word_1_201' title='bbox 518 2102 712 2161; x_wconf 88' lang='lat' dir='ltr'><strong>carius</strong></span> <span class='ocrx_word' id='word_1_202' title='bbox 774 2120 901 2161; x_wconf 88' lang='lat' dir='ltr'><strong>eam</strong></span> <span class='ocrx_word' id='word_1_203' title='bbox 962 2101 1148 2160; x_wconf 86' lang='lat' dir='ltr'><strong>latine</strong></span> <span class='ocrx_word' id='word_1_204' title='bbox 1209 2100 1486 2160; x_wconf 81' lang='lat' dir='ltr'><strong>reddidit.</strong></span> <span class='ocrx_word' id='word_1_205' title='bbox 1547 2099 1801 2177; x_wconf 80' lang='lat' dir='ltr'><strong>Egregie</strong></span> <span class='ocrx_word' id='word_1_206' title='bbox 1857 2098 1930 2157; x_wconf 87' lang='lat' dir='ltr'><strong>ad</strong></span> <span class='ocrx_word' id='word_1_207' title='bbox 1964 2098 2283 2158; x_wconf 85' lang='lat' dir='ltr'><strong>Jordanem</strong></span> <span class='ocrx_word' id='word_1_208' title='bbox 2319 2104 2380 2159; x_wconf 90' lang='lat' dir='ltr'><strong>et</strong></span> <span class='ocrx_word' id='word_1_209' title='bbox 2411 2101 2475 2160; x_wconf 93' lang='lat' dir='ltr'><strong>in</strong></span> <span class='ocrx_word' id='word_1_210' title='bbox 2506 2122 2660 2162; x_wconf 85' lang='lat' dir='ltr'><strong>nova</strong></span> <span class='ocrx_word' id='word_1_211' title='bbox 2692 2122 2736 2161; x_wconf 77' lang='lat' dir='ltr'><strong>a.</strong></span> <span class='ocrx_word' id='word_1_212' title='bbox 2771 2102 2954 2161; x_wconf 90' lang='lat' dir='ltr'><strong>Sabae</strong></span> <span class='ocrx_word' id='word_1_213' title='bbox 2976 2104 3147 2160; x_wconf 89' lang='lat' dir='ltr'><strong>laura</strong></span> 
     </span>
     <span class='ocr_line' id='line_1_22' title="bbox 518 2187 3146 2266; baseline 0 -17"><span class='ocrx_word' id='word_1_214' title='bbox 518 2190 676 2250; x_wconf 80' lang='lat' dir='ltr'><strong>edite</strong></span> <span class='ocrx_word' id='word_1_215' title='bbox 736 2193 828 2249; x_wconf 88' lang='lat' dir='ltr'><strong>est</strong></span> <span class='ocrx_word' id='word_1_216' title='bbox 890 2190 964 2249; x_wconf 89' lang='lat' dir='ltr'><strong>ab</strong></span> <span class='ocrx_word' id='word_1_217' title='bbox 1013 2190 1086 2248; x_wconf 90' lang='lat' dir='ltr'><strong>H.</strong></span> <span class='ocrx_word' id='word_1_218' title='bbox 1136 2190 1409 2248; x_wconf 84' lang='lat' dir='ltr'><strong>Gelzer</strong></span> <span class='ocrx_word' id='word_1_219' title='bbox 1458 2190 1521 2248; x_wconf 90' lang='lat' dir='ltr'><strong>in</strong></span> <span class='ocrx_word' id='word_1_220' title='bbox 1565 2189 1802 2266; x_wconf 84' lang='lat' dir='ltr'><strong>Kriiger</strong></span> <span class='ocrx_word' id='word_1_221' title='bbox 1857 2187 2045 2246; x_wconf 89' lang='lat' dir='ltr'><strong>coluit</strong></span> <span class='ocrx_word' id='word_1_222' title='bbox 2076 2191 2589 2266; x_wconf 85' lang='lat' dir='ltr'><strong>praecentorisque</strong></span> <span class='ocrx_word' id='word_1_223' title='bbox 2621 2192 2812 2251; x_wconf 85' lang='lat' dir='ltr'><strong>officio</strong></span> <span class='ocrx_word' id='word_1_224' title='bbox 2845 2195 2936 2250; x_wconf 88' lang='lat' dir='ltr'><strong>est</strong></span> <span class='ocrx_word' id='word_1_225' title='bbox 2964 2192 3146 2250; x_wconf 86' lang='lat' dir='ltr'><strong>etiam</strong></span> 
     </span>
     <span class='ocr_line' id='line_1_23' title="bbox 519 2276 3146 2356; baseline -0.001 -18"><span class='ocrx_word' id='word_1_226' title='bbox 519 2279 756 2338; x_wconf 89' lang='lat' dir='ltr'><strong>Samml.</strong></span> <span class='ocrx_word' id='word_1_227' title='bbox 789 2279 1221 2356; x_wconf 68' lang='lat' dir='ltr'><strong>ausgewahlter</strong></span> <span class='ocrx_word' id='word_1_228' title='bbox 1251 2324 1264 2337; x_wconf 95' lang='lat'><strong>.</strong></span> <span class='ocrx_word' id='word_1_229' title='bbox 1302 2321 1314 2334; x_wconf 95' lang='lat'><strong>.</strong></span> <span class='ocrx_word' id='word_1_230' title='bbox 1346 2327 1359 2341; x_wconf 94' lang='lat'><strong>.</strong></span> <span class='ocrx_word' id='word_1_231' title='bbox 1395 2277 1798 2347; x_wconf 86' lang='lat' dir='ltr'><strong>Quellenschr.</strong></span> <span class='ocrx_word' id='word_1_232' title='bbox 1857 2276 2099 2336; x_wconf 87' lang='lat' dir='ltr'><strong>functus</strong></span> <span class='ocrx_word' id='word_1_233' title='bbox 2116 2280 2178 2351; x_wconf 88' lang='lat'><strong>1).</strong></span> <span class='ocrx_word' id='word_1_234' title='bbox 2226 2278 2496 2339; x_wconf 85' lang='lat' dir='ltr'><strong>Visitatis</strong></span> <span class='ocrx_word' id='word_1_235' title='bbox 2529 2280 2753 2341; x_wconf 87' lang='lat' dir='ltr'><strong>Tiberii</strong></span> <span class='ocrx_word' id='word_1_236' title='bbox 2785 2284 2846 2339; x_wconf 91' lang='lat' dir='ltr'><strong>et</strong></span> <span class='ocrx_word' id='word_1_237' title='bbox 2876 2279 3146 2338; x_wconf 80' lang='lat' dir='ltr'><strong>Mauritii</strong></span> 
     </span>
     <span class='ocr_line' id='line_1_24' title="bbox 516 2366 3146 2447; baseline 0.001 -22"><span class='ocrx_word' id='word_1_238' title='bbox 516 2368 710 2431; x_wconf 87' lang='lat' dir='ltr'><strong>fascic.</strong></span> <span class='ocrx_word' id='word_1_239' title='bbox 750 2379 815 2438; x_wconf 87' lang='lat'><strong>5;</strong></span> <span class='ocrx_word' id='word_1_240' title='bbox 849 2369 1054 2427; x_wconf 88' lang='lat' dir='ltr'><strong>eodem</strong></span> <span class='ocrx_word' id='word_1_241' title='bbox 1091 2367 1272 2427; x_wconf 82' lang='lat' dir='ltr'><strong>etiam</strong></span> <span class='ocrx_word' id='word_1_242' title='bbox 1304 2367 1631 2444; x_wconf 87' lang='lat' dir='ltr'><strong>interprete</strong></span> <span class='ocrx_word' id='word_1_243' title='bbox 1665 2386 1799 2444; x_wconf 83' lang='lat' dir='ltr'><strong>ger·</strong></span> <span class='ocrx_word' id='word_1_244' title='bbox 1857 2366 1998 2440; x_wconf 90' lang='lat' dir='ltr'><strong>imp.</strong></span> <span class='ocrx_word' id='word_1_245' title='bbox 2074 2370 2338 2443; x_wconf 88' lang='lat' dir='ltr'><strong>tempore</strong></span> <span class='ocrx_word' id='word_1_246' title='bbox 2415 2370 2593 2447; x_wconf 87' lang='lat' dir='ltr'><strong>longa</strong></span> <span class='ocrx_word' id='word_1_247' title='bbox 2669 2369 3146 2447; x_wconf 88' lang='lat' dir='ltr'><strong>peregrinatione</strong></span> 
     </span>
     <span class='ocr_line' id='line_1_25' title="bbox 515 2455 3149 2535; baseline -0 -19"><span class='ocrx_word' id='word_1_248' title='bbox 515 2458 743 2517; x_wconf 86' lang='lat' dir='ltr'><strong>manice</strong></span> <span class='ocrx_word' id='word_1_249' title='bbox 792 2457 1067 2516; x_wconf 88' lang='lat' dir='ltr'><strong>Leontios</strong></span> <span class='ocrx_word' id='word_1_250' title='bbox 1111 2475 1166 2519; x_wconf 80' lang='lat' dir='ltr'><strong>v.</strong></span> <span class='ocrx_word' id='word_1_251' title='bbox 1198 2457 1268 2517; x_wconf 90' lang='lat' dir='ltr'><strong>N.</strong></span> <span class='ocrx_word' id='word_1_252' title='bbox 1319 2457 1516 2516; x_wconf 91' lang='lat' dir='ltr'><strong>Leben</strong></span> <span class='ocrx_word' id='word_1_253' title='bbox 1565 2455 1670 2514; x_wconf 90' lang='lat' dir='ltr'><strong>des</strong></span> <span class='ocrx_word' id='word_1_254' title='bbox 1723 2455 1802 2513; x_wconf 90' lang='lat' dir='ltr'><strong>hl.</strong></span> <span class='ocrx_word' id='word_1_255' title='bbox 1859 2474 2038 2530; x_wconf 88' lang='lat' dir='ltr'><strong>quam</strong></span> <span class='ocrx_word' id='word_1_256' title='bbox 2071 2457 2347 2531; x_wconf 90' lang='lat' dir='ltr'><strong>plurimis</strong></span> <span class='ocrx_word' id='word_1_257' title='bbox 2370 2457 2578 2534; x_wconf 82' lang='lat' dir='ltr'><strong>Syriae</strong></span> <span class='ocrx_word' id='word_1_258' title='bbox 2610 2462 2671 2517; x_wconf 87' lang='lat' dir='ltr'><strong>et</strong></span> <span class='ocrx_word' id='word_1_259' title='bbox 2689 2458 2950 2535; x_wconf 84' lang='lat' dir='ltr'><strong>Aegypti</strong></span> <span class='ocrx_word' id='word_1_260' title='bbox 2965 2460 3149 2533; x_wconf 88' lang='lat' dir='ltr'><strong>atque</strong></span> 
     </span>
     <span class='ocr_line' id='line_1_26' title="bbox 515 2544 3144 2623; baseline -0.001 -16"><span class='ocrx_word' id='word_1_261' title='bbox 515 2546 816 2607; x_wconf 85' lang='lat' dir='ltr'><strong>Johannes</strong></span> <span class='ocrx_word' id='word_1_262' title='bbox 855 2546 961 2606; x_wconf 90' lang='lat' dir='ltr'><strong>des</strong></span> <span class='ocrx_word' id='word_1_263' title='bbox 993 2546 1448 2623; x_wconf 85' lang='lat' dir='ltr'><strong>Barmherzigen</strong></span> <span class='ocrx_word' id='word_1_264' title='bbox 1479 2545 1647 2604; x_wconf 85' lang='lat' dir='ltr'><strong>Erzb.</strong></span> <span class='ocrx_word' id='word_1_265' title='bbox 1680 2564 1799 2604; x_wconf 81' lang='lat' dir='ltr'><strong>von</strong></span> <span class='ocrx_word' id='word_1_266' title='bbox 1862 2544 2198 2606; x_wconf 86' lang='lat' dir='ltr'><strong>Occidentis</strong></span> <span class='ocrx_word' id='word_1_267' title='bbox 2232 2546 2410 2605; x_wconf 91' lang='lat' dir='ltr'><strong>etiam</strong></span> <span class='ocrx_word' id='word_1_268' title='bbox 2457 2548 2835 2607; x_wconf 86' lang='lat' dir='ltr'><strong>monasteriis</strong></span> <span class='ocrx_word' id='word_1_269' title='bbox 2877 2547 3144 2606; x_wconf 90' lang='lat' dir='ltr'><strong>animum</strong></span> 
     </span>
     <span class='ocr_line' id='line_1_27' title="bbox 514 2634 3145 2712; baseline -0 -17"><span class='ocrx_word' id='word_1_270' title='bbox 514 2637 930 2708; x_wconf 84' lang='lat' dir='ltr'><strong>Alexandrien,</strong></span> <span class='ocrx_word' id='word_1_271' title='bbox 962 2636 1254 2711; x_wconf 87' lang='lat' dir='ltr'><strong>Freiburg</strong></span> <span class='ocrx_word' id='word_1_272' title='bbox 1292 2645 1477 2706; x_wconf 86' lang='grc'><strong>1893,</strong></span> <span class='ocrx_word' id='word_1_273' title='bbox 1521 2653 1670 2710; x_wconf 85' lang='lat' dir='ltr'><strong>opus</strong></span> <span class='ocrx_word' id='word_1_274' title='bbox 1701 2653 1801 2694; x_wconf 87' lang='lat' dir='ltr'><strong>ac·</strong></span> <span class='ocrx_word' id='word_1_275' title='bbox 1859 2634 1931 2692; x_wconf 92' lang='lat' dir='ltr'><strong>ad</strong></span> <span class='ocrx_word' id='word_1_276' title='bbox 1952 2635 2330 2695; x_wconf 88' lang='lat' dir='ltr'><strong>scribendum</strong></span> <span class='ocrx_word' id='word_1_277' title='bbox 2352 2637 2734 2697; x_wconf 90' lang='lat' dir='ltr'><strong>notissimum</strong></span> <span class='ocrx_word' id='word_1_278' title='bbox 2765 2637 3145 2712; x_wconf 86' lang='lat' dir='ltr'><strong>multumque</strong></span> 
     </span>
     <span class='ocr_line' id='line_1_28' title="bbox 515 2723 3142 2786; baseline -0.001 -1"><span class='ocrx_word' id='word_1_279' title='bbox 515 2731 790 2785; x_wconf 89' lang='lat' dir='ltr'><strong>curatum</strong></span> <span class='ocrx_word' id='word_1_280' title='bbox 852 2744 990 2785; x_wconf 89' lang='lat' dir='ltr'><strong>cum</strong></span> <span class='ocrx_word' id='word_1_281' title='bbox 1050 2724 1287 2784; x_wconf 79' lang='lat' dir='ltr'><strong>erudita</strong></span> <span class='ocrx_word' id='word_1_282' title='bbox 1335 2723 1799 2785; x_wconf 89' lang='lat' dir='ltr'><strong>introductione.</strong></span> <span class='ocrx_word' id='word_1_283' title='bbox 1858 2723 2196 2784; x_wconf 89' lang='lat' dir='ltr'><strong>lectitatum</strong></span> <span class='ocrx_word' id='word_1_284' title='bbox 2232 2724 2406 2784; x_wconf 90' lang='lat' dir='ltr'><strong>illum</strong></span> <span class='ocrx_word' id='word_1_285' title='bbox 2425 2727 2651 2786; x_wconf 89' lang='lat' dir='ltr'><strong>librum</strong></span> <span class='ocrx_word' id='word_1_286' title='bbox 2682 2728 2752 2785; x_wconf 81' lang='lat' dir='ltr'><strong>de</strong></span> <span class='ocrx_word' id='word_1_287' title='bbox 2781 2728 2911 2784; x_wconf 80' lang='lat' dir='ltr'><strong>vitis</strong></span> <span class='ocrx_word' id='word_1_288' title='bbox 2943 2745 3142 2784; x_wconf 83' lang='lat' dir='ltr'><strong>mona-</strong></span> 
     </span>
     <span class='ocr_line' id='line_1_29' title="bbox 513 2808 3145 2895; baseline 0 -23"><span class='ocrx_word' id='word_1_289' title='bbox 513 2816 779 2874; x_wconf 89' lang='lat' dir='ltr'><strong>Pretiosa</strong></span> <span class='ocrx_word' id='word_1_290' title='bbox 809 2814 1034 2890; x_wconf 89' lang='lat' dir='ltr'><strong>pariter</strong></span> <span class='ocrx_word' id='word_1_291' title='bbox 1077 2808 1227 2895; x_wconf 77' lang='lat' dir='ltr'><strong>est3)</strong></span> <span class='ocrx_word' id='word_1_292' title='bbox 1276 2815 1393 2872; x_wconf 79' lang='lat' dir='ltr'><strong>vita</strong></span> <span class='ocrx_word' id='word_1_293' title='bbox 1423 2834 1471 2871; x_wconf 86' lang='lat' dir='ltr'><strong>s.</strong></span> <span class='ocrx_word' id='word_1_294' title='bbox 1508 2814 1805 2889; x_wconf 81' lang='lat' dir='ltr'><strong>Symeom&#39;s</strong></span> <span class='ocrx_word' id='word_1_295' title='bbox 1860 2812 2098 2871; x_wconf 78' lang='lat' dir='ltr'><strong>chorum</strong></span> <span class='ocrx_word' id='word_1_296' title='bbox 2131 2811 2297 2872; x_wconf 89' lang='lat' dir='ltr'><strong>illius</strong></span> <span class='ocrx_word' id='word_1_297' title='bbox 2330 2816 2542 2874; x_wconf 77' lang='lat' dir='ltr'><strong>aetatis</strong></span> <span class='ocrx_word' id='word_1_298' title='bbox 2589 2835 2656 2874; x_wconf 82' lang='lat' dir='ltr'><strong>ex</strong></span> <span class='ocrx_word' id='word_1_299' title='bbox 2690 2816 2783 2887; x_wconf 89' lang='lat' dir='ltr'><strong>iis,</strong></span> <span class='ocrx_word' id='word_1_300' title='bbox 2833 2834 2983 2889; x_wconf 83' lang='lat' dir='ltr'><strong>quae</strong></span> <span class='ocrx_word' id='word_1_301' title='bbox 3016 2815 3145 2890; x_wconf 89' lang='lat' dir='ltr'><strong>ipse</strong></span> 
     </span>
     <span class='ocr_line' id='line_1_30' title="bbox 514 2899 3149 2986; baseline -0.001 -23"><span class='ocrx_word' id='word_1_302' title='bbox 514 2904 641 2964; x_wconf 65' lang='lat' dir='ltr'><strong>Sala·</strong></span> <span class='ocrx_word' id='word_1_303' title='bbox 675 2900 807 2986; x_wconf 81' lang='grc' dir='ltr'>(τοῦ</span> <span class='ocrx_word' id='word_1_304' title='bbox 841 2905 1035 2966; x_wconf 85' lang='grc' dir='ltr'>σαλοῦ</span> <span class='ocrx_word' id='word_1_305' title='bbox 1068 2902 1222 2961; x_wconf 86' lang='lat' dir='ltr'><strong>fatui</strong></span> <span class='ocrx_word' id='word_1_306' title='bbox 1253 2921 1449 2961; x_wconf 88' lang='lat' dir='ltr'><strong>amore</strong></span> <span class='ocrx_word' id='word_1_307' title='bbox 1472 2899 1717 2982; x_wconf 87' lang='lat' dir='ltr'><strong>Christi)</strong></span> <span class='ocrx_word' id='word_1_308' title='bbox 1739 2902 1804 2959; x_wconf 91' lang='lat' dir='ltr'><strong>in</strong></span> <span class='ocrx_word' id='word_1_309' title='bbox 1865 2901 2092 2960; x_wconf 82' lang='lat' dir='ltr'><strong>viderat</strong></span> <span class='ocrx_word' id='word_1_310' title='bbox 2124 2903 2218 2961; x_wconf 85' lang='lat' dir='ltr'><strong>vel</strong></span> <span class='ocrx_word' id='word_1_311' title='bbox 2249 2902 2323 2962; x_wconf 85' lang='lat' dir='ltr'><strong>ab</strong></span> <span class='ocrx_word' id='word_1_312' title='bbox 2367 2904 2501 2962; x_wconf 88' lang='lat' dir='ltr'><strong>aliis</strong></span> <span class='ocrx_word' id='word_1_313' title='bbox 2534 2904 2820 2976; x_wconf 88' lang='lat' dir='ltr'><strong>audierat,</strong></span> <span class='ocrx_word' id='word_1_314' title='bbox 2853 2903 3149 2980; x_wconf 83' lang='lat' dir='ltr'><strong>applicuit</strong></span> 
     </span>
     <span class='ocr_line' id='line_1_31' title="bbox 512 2989 3145 3071; baseline -0 -20"><span class='ocrx_word' id='word_1_315' title='bbox 512 2995 641 3054; x_wconf 86' lang='lat' dir='ltr'><strong>Act.</strong></span> <span class='ocrx_word' id='word_1_316' title='bbox 676 2992 771 3053; x_wconf 90' lang='lat' dir='ltr'><strong>SS.</strong></span> <span class='ocrx_word' id='word_1_317' title='bbox 805 2992 845 3050; x_wconf 84' lang='lat' dir='ltr'>J</span> <span class='ocrx_word' id='word_1_318' title='bbox 849 2993 928 3051; x_wconf 88' lang='lat' dir='ltr'><strong>ul.</strong></span> <span class='ocrx_word' id='word_1_319' title='bbox 960 2993 1004 3063; x_wconf 90' lang='lat' dir='ltr'><strong>I,</strong></span> <span class='ocrx_word' id='word_1_320' title='bbox 1050 2989 1440 3071; x_wconf 85' lang='lat'><strong>136—169).</strong></span> <span class='ocrx_word' id='word_1_321' title='bbox 1488 2991 1645 3049; x_wconf 89' lang='lat' dir='ltr'><strong>Haec</strong></span> <span class='ocrx_word' id='word_1_322' title='bbox 1678 3009 1803 3050; x_wconf 90' lang='lat' dir='ltr'><strong>om·</strong></span> <span class='ocrx_word' id='word_1_323' title='bbox 1862 2993 2044 3065; x_wconf 89' lang='lat' dir='ltr'><strong>atque</strong></span> <span class='ocrx_word' id='word_1_324' title='bbox 2077 2991 2405 3066; x_wconf 91' lang='lat' dir='ltr'><strong>Sophronio</strong></span> <span class='ocrx_word' id='word_1_325' title='bbox 2427 2993 2720 3070; x_wconf 87' lang='lat' dir='ltr'><strong>discipulo</strong></span> <span class='ocrx_word' id='word_1_326' title='bbox 2740 2994 3145 3067; x_wconf 91' lang='lat' dir='ltr'><strong>itinerumque</strong></span> 
     </span>
     <span class='ocr_line' id='line_1_32' title="bbox 510 3077 3145 3162; baseline -0.001 -22"><span class='ocrx_word' id='word_1_327' title='bbox 510 3083 610 3141; x_wconf 90' lang='lat' dir='ltr'><strong>nia</strong></span> <span class='ocrx_word' id='word_1_328' title='bbox 642 3082 824 3140; x_wconf 90' lang='lat' dir='ltr'><strong>habes</strong></span> <span class='ocrx_word' id='word_1_329' title='bbox 860 3080 1112 3157; x_wconf 86' lang='lat' dir='ltr'><strong>Migne</strong></span> <span class='ocrx_word' id='word_1_330' title='bbox 1158 3081 1220 3140; x_wconf 87' lang='lat' dir='ltr'><strong>P.</strong></span> <span class='ocrx_word' id='word_1_331' title='bbox 1256 3080 1320 3139; x_wconf 80' lang='lat' dir='ltr'><strong>G.</strong></span> <span class='ocrx_word' id='word_1_332' title='bbox 1354 3078 1556 3150; x_wconf 83' lang='lat' dir='ltr'>XCIII,</span> <span class='ocrx_word' id='word_1_333' title='bbox 1602 3089 1802 3142; x_wconf 79' lang='lat'>1559-</span> <span class='ocrx_word' id='word_1_334' title='bbox 1865 3080 2064 3138; x_wconf 89' lang='lat' dir='ltr'><strong>comiti</strong></span> <span class='ocrx_word' id='word_1_335' title='bbox 2098 3077 2330 3162; x_wconf 87' lang='lat' dir='ltr'><strong>(postea</strong></span> <span class='ocrx_word' id='word_1_336' title='bbox 2350 3082 2715 3157; x_wconf 78' lang='lat' dir='ltr'><strong>patriarchae</strong></span> <span class='ocrx_word' id='word_1_337' title='bbox 2734 3080 3145 3157; x_wconf 85' lang='lat' dir='ltr'><strong>hierosolymi-</strong></span> 
     </span>
     <span class='ocr_line' id='line_1_33' title="bbox 1796 3165 3146 3249; baseline 0 -23"><span class='ocrx_word' id='word_1_338' title='bbox 1796 3213 1810 3235; x_wconf 88' lang='lat'>,</span> <span class='ocrx_word' id='word_1_339' title='bbox 1863 3165 2030 3249; x_wconf 90' lang='lat' dir='ltr'><strong>tano)</strong></span> <span class='ocrx_word' id='word_1_340' title='bbox 2048 3168 2359 3228; x_wconf 84' lang='lat' dir='ltr'><strong>dedicavit.</strong></span> <span class='ocrx_word' id='word_1_341' title='bbox 2377 3171 2733 3229; x_wconf 85' lang='lat' dir='ltr'><strong>Inscribitur</strong></span> <span class='ocrx_word' id='word_1_342' title='bbox 2747 3170 2994 3228; x_wconf 78' lang='lat' dir='ltr'><strong>Pratum</strong></span> <span class='ocrx_word' id='word_1_343' title='bbox 3023 3172 3146 3242; x_wconf 78' lang='lat' dir='ltr'><strong>spi-</strong></span> 
     </span>
     <span class='ocr_line' id='line_1_34' title="bbox 596 3260 3142 3356; baseline 0 -16"><span class='ocrx_word' id='word_1_344' title='bbox 596 3292 627 3356; x_wconf 83' lang='lat'><strong>·)</strong></span> <span class='ocrx_word' id='word_1_345' title='bbox 656 3287 801 3341; x_wconf 87' lang='lat' dir='ltr'><strong>Hist.</strong></span> <span class='ocrx_word' id='word_1_346' title='bbox 843 3287 927 3341; x_wconf 85' lang='lat' dir='ltr'><strong>lit.</strong></span> <span class='ocrx_word' id='word_1_347' title='bbox 970 3288 1064 3350; x_wconf 77' lang='lat'>111,</span> <span class='ocrx_word' id='word_1_348' title='bbox 1108 3293 1243 3346; x_wconf 79' lang='lat'>553:</span> <span class='ocrx_word' id='word_1_349' title='bbox 1310 3286 1715 3341; x_wconf 75' lang='lat' dir='ltr'><strong>Fabricius</strong></span> <span class='ocrx_word' id='word_1_350' title='bbox 1768 3289 1793 3341; x_wconf 89' lang='lat'>1</span> <span class='ocrx_word' id='word_1_351' title='bbox 1865 3260 2096 3335; x_wconf 62' lang='lat' dir='ltr'><strong>rituale)</strong></span> <span class='ocrx_word' id='word_1_352' title='bbox 2165 3261 2537 3334; x_wconf 57' lang='lat' dir='ltr'><strong>viridarium)</strong></span> <span class='ocrx_word' id='word_1_353' title='bbox 2582 3279 2760 3319; x_wconf 58' lang='lat' dir='ltr'><strong>”mm-‘3</strong></span> <span class='ocrx_word' id='word_1_354' title='bbox 2799 3261 3142 3333; x_wconf 54' lang='lat' dir='ltr'><strong>paradisus·</strong></span> 
     </span>
     <span class='ocr_line' id='line_1_35' title="bbox 515 3347 3145 3424; baseline 0.001 -20"><span class='ocrx_word' id='word_1_355' title='bbox 515 3363 637 3416; x_wconf 84' lang='lat'><strong>578.</strong></span> <span class='ocrx_word' id='word_1_356' title='bbox 1867 3347 2011 3424; x_wconf 90' lang='lat' dir='ltr'><strong>Agit</strong></span> <span class='ocrx_word' id='word_1_357' title='bbox 2041 3348 2105 3407; x_wconf 91' lang='lat' dir='ltr'><strong>in</strong></span> <span class='ocrx_word' id='word_1_358' title='bbox 2137 3366 2203 3406; x_wconf 94' lang='lat' dir='ltr'><strong>eo</strong></span> <span class='ocrx_word' id='word_1_359' title='bbox 2237 3348 2308 3408; x_wconf 90' lang='lat' dir='ltr'><strong>de</strong></span> <span class='ocrx_word' id='word_1_360' title='bbox 2340 3349 2480 3419; x_wconf 81' lang='lat' dir='ltr'><strong>vita,</strong></span> <span class='ocrx_word' id='word_1_361' title='bbox 2515 3350 2811 3408; x_wconf 82' lang='lat' dir='ltr'><strong>virtutum</strong></span> <span class='ocrx_word' id='word_1_362' title='bbox 2862 3347 3145 3423; x_wconf 86' lang='lat' dir='ltr'><strong>exemplis</strong></span> 
     </span>
     <span class='ocr_line' id='line_1_36' title="bbox 587 3427 3143 3512; baseline -0.001 -14"><span class='ocrx_word' id='word_1_363' title='bbox 587 3436 626 3498; x_wconf 68' lang='lat'><strong>²)</strong></span> <span class='ocrx_word' id='word_1_364' title='bbox 655 3429 762 3483; x_wconf 70' lang='lat' dir='ltr'><strong>Hic</strong></span> <span class='ocrx_word' id='word_1_365' title='bbox 778 3427 1065 3498; x_wconf 61' lang='lat' dir='ltr'><strong>distingui</strong></span> <span class='ocrx_word' id='word_1_366' title='bbox 1096 3428 1268 3482; x_wconf 58' lang='lat' dir='ltr'><strong>debet</strong></span> <span class='ocrx_word' id='word_1_367' title='bbox 1292 3444 1326 3480; x_wconf 65' lang='lat' dir='ltr'><strong>a</strong></span> <span class='ocrx_word' id='word_1_368' title='bbox 1345 3428 1569 3499; x_wconf 85' lang='lat' dir='ltr'><strong>duplici</strong></span> <span class='ocrx_word' id='word_1_369' title='bbox 1595 3429 1723 3484; x_wconf 68' lang='lat'><strong>1¹80</strong></span> <span class='ocrx_word' id='word_1_370' title='bbox 1741 3447 1800 3481; x_wconf 81' lang='lat'><strong>¹1·</strong></span> <span class='ocrx_word' id='word_1_371' title='bbox 1863 3439 2042 3511; x_wconf 87' lang='lat' dir='ltr'><strong>atque</strong></span> <span class='ocrx_word' id='word_1_372' title='bbox 2074 3436 2375 3496; x_wconf 86' lang='lat' dir='ltr'><strong>miraculis</strong></span> <span class='ocrx_word' id='word_1_373' title='bbox 2408 3442 2739 3497; x_wconf 86' lang='lat' dir='ltr'><strong>ascetarum</strong></span> <span class='ocrx_word' id='word_1_374' title='bbox 2789 3438 2883 3496; x_wconf 92' lang='lat' dir='ltr'><strong>sui</strong></span> <span class='ocrx_word' id='word_1_375' title='bbox 2913 3441 3143 3512; x_wconf 82' lang='lat' dir='ltr'><strong>tempo-</strong></span> 
     </span>
    </p>
   </div>
   <div class='ocr_carea' id='block_1_3' title="bbox 513 3502 3143 3635">
    <p class='ocr_par' dir='ltr' id='par_1_3' title="bbox 513 3502 3143 3635">
     <span class='ocr_line' id='line_1_37' title="bbox 513 3502 3143 3635; baseline 0.001 -54"><span class='ocrx_word' id='word_1_376' title='bbox 513 3502 1101 3624; x_wconf 46' lang='lat' dir='ltr'><strong>}gggggffisscffiffiig·</strong></span> <span class='ocrx_word' id='word_1_377' title='bbox 1116 3507 1196 3624; x_wconf 53' lang='grc' dir='ltr'><strong>ξιξ</strong></span> <span class='ocrx_word' id='word_1_378' title='bbox 1200 3508 1237 3623; x_wconf 53' lang='lat'><strong>31</strong></span> <span class='ocrx_word' id='word_1_379' title='bbox 1242 3502 1326 3622; x_wconf 50' lang='grc' dir='ltr'><strong>ἐξ</strong></span> <span class='ocrx_word' id='word_1_380' title='bbox 1328 3503 1448 3624; x_wconf 50' lang='lat'><strong>333</strong></span> <span class='ocrx_word' id='word_1_381' title='bbox 1455 3504 1804 3635; x_wconf 55' lang='lat' dir='ltr'><strong>fffissssffiffssf</strong></span> <span class='ocrx_word' id='word_1_382' title='bbox 1862 3525 1944 3581; x_wconf 68' lang='lat' dir='ltr'><strong>ris</strong></span> <span class='ocrx_word' id='word_1_383' title='bbox 1967 3543 2044 3583; x_wconf 63' lang='grc' dir='ltr'><strong>ω.</strong></span> <span class='ocrx_word' id='word_1_384' title='bbox 2074 3535 2196 3588; x_wconf 82' lang='lat'><strong>219</strong></span> <span class='ocrx_word' id='word_1_385' title='bbox 2222 3523 2311 3606; x_wconf 71' lang='lat' dir='ltr'><strong>(in</strong></span> <span class='ocrx_word' id='word_1_386' title='bbox 2330 3527 2466 3585; x_wconf 66' lang='lat' dir='ltr'><strong>anis</strong></span> <span class='ocrx_word' id='word_1_387' title='bbox 2487 3528 2650 3587; x_wconf 70' lang='lat' dir='ltr'><strong>codd.</strong></span> <span class='ocrx_word' id='word_1_388' title='bbox 2675 3536 2819 3596; x_wconf 82' lang='lat'>304,</span> <span class='ocrx_word' id='word_1_389' title='bbox 2845 3527 2937 3585; x_wconf 60' lang='grc' dir='ltr'><strong>νει</strong></span> <span class='ocrx_word' id='word_1_390' title='bbox 2963 3524 3143 3603; x_wconf 79' lang='lat'>342):</span> 
     </span>
    </p>
   </div>
   <div class='ocr_carea' id='block_1_4' title="bbox 511 3615 3144 3787">
    <p class='ocr_par' dir='ltr' id='par_1_4' title="bbox 511 3615 3144 3787">
     <span class='ocr_line' id='line_1_38' title="bbox 513 3615 3144 3711; baseline -0.008 -16"><span class='ocrx_word' id='word_1_391' title='bbox 513 3641 756 3711; x_wconf 86' lang='lat' dir='ltr'><strong>scriptor</strong></span> <span class='ocrx_word' id='word_1_392' title='bbox 783 3642 953 3711; x_wconf 86' lang='lat' dir='ltr'><strong>plane</strong></span> <span class='ocrx_word' id='word_1_393' title='bbox 979 3641 1234 3711; x_wconf 83' lang='lat' dir='ltr'><strong>ignotus,</strong></span> <span class='ocrx_word' id='word_1_394' title='bbox 1261 3642 1365 3709; x_wconf 90' lang='lat' dir='ltr'><strong>qui</strong></span> <span class='ocrx_word' id='word_1_395' title='bbox 1392 3659 1461 3695; x_wconf 87' lang='lat' dir='ltr'><strong>cu</strong></span> <span class='ocrx_word' id='word_1_396' title='bbox 1486 3662 1520 3695; x_wconf 87' lang='lat' dir='ltr'><strong>n</strong></span> <span class='ocrx_word' id='word_1_397' title='bbox 1549 3644 1801 3711; x_wconf 80' lang='lat' dir='ltr'><strong>quodam</strong></span> <span class='ocrx_word' id='word_1_398' title='bbox 1860 3632 1979 3689; x_wconf 80' lang='lat' dir='ltr'><strong>qua</strong></span> <span class='ocrx_word' id='word_1_399' title='bbox 2010 3619 2207 3674; x_wconf 84' lang='lat' dir='ltr'><strong>tamen</strong></span> <span class='ocrx_word' id='word_1_400' title='bbox 2240 3615 2302 3673; x_wconf 93' lang='lat' dir='ltr'><strong>in</strong></span> <span class='ocrx_word' id='word_1_401' title='bbox 2335 3616 2672 3675; x_wconf 85' lang='lat' dir='ltr'><strong>narratione</strong></span> <span class='ocrx_word' id='word_1_402' title='bbox 2714 3635 2776 3674; x_wconf 88' lang='lat' dir='ltr'><strong>se</strong></span> <span class='ocrx_word' id='word_1_403' title='bbox 2808 3616 2986 3674; x_wconf 91' lang='lat' dir='ltr'><strong>nimis</strong></span> <span class='ocrx_word' id='word_1_404' title='bbox 3018 3633 3144 3674; x_wconf 89' lang='lat' dir='ltr'><strong>cre-</strong></span> 
     </span>
     <span class='ocr_line' id='line_1_39' title="bbox 511 3701 3144 3787; baseline 0.002 -20"><span class='ocrx_word' id='word_1_405' title='bbox 511 3713 733 3767; x_wconf 80' lang='lat' dir='ltr'><strong>Joanne</strong></span> <span class='ocrx_word' id='word_1_406' title='bbox 761 3711 1134 3767; x_wconf 76' lang='lat' dir='ltr'><strong>concinnavit</strong></span> <span class='ocrx_word' id='word_1_407' title='bbox 1174 3715 1511 3782; x_wconf 52' lang='lat' dir='ltr'><strong>marileffum</strong></span> <span class='ocrx_word' id='word_1_408' title='bbox 1556 3719 1801 3784; x_wconf 60' lang='lat' dir='ltr'><strong>theoloye·</strong></span> <span class='ocrx_word' id='word_1_409' title='bbox 1859 3701 2067 3762; x_wconf 86' lang='lat' dir='ltr'><strong>dnlum</strong></span> <span class='ocrx_word' id='word_1_410' title='bbox 2103 3704 2342 3763; x_wconf 81' lang='lat' dir='ltr'><strong>exhibet</strong></span> <span class='ocrx_word' id='word_1_411' title='bbox 2373 3702 2437 3787; x_wconf 88' lang='lat'><strong>(†</strong></span> <span class='ocrx_word' id='word_1_412' title='bbox 2473 3701 2646 3785; x_wconf 82' lang='lat'><strong>619).</strong></span> <span class='ocrx_word' id='word_1_413' title='bbox 2679 3705 2824 3764; x_wconf 86' lang='lat' dir='ltr'><strong>Cum</strong></span> <span class='ocrx_word' id='word_1_414' title='bbox 2852 3722 2991 3764; x_wconf 81' lang='lat' dir='ltr'><strong>vero</strong></span> <span class='ocrx_word' id='word_1_415' title='bbox 3014 3722 3144 3762; x_wconf 79' lang='lat' dir='ltr'><strong>sae-</strong></span> 
     </span>
    </p>
   </div>
   <div class='ocr_carea' id='block_1_5' title="bbox 512 3783 3144 3866">
    <p class='ocr_par' dir='ltr' id='par_1_5' title="bbox 512 3783 3144 3866">
     <span class='ocr_line' id='line_1_40' title="bbox 512 3783 3144 3866; baseline -0.001 -13"><span class='ocrx_word' id='word_1_416' title='bbox 512 3804 647 3841; x_wconf 65' lang='lat' dir='ltr'><strong>cum·</strong></span> <span class='ocrx_word' id='word_1_417' title='bbox 677 3785 841 3853; x_wconf 70' lang='lat' dir='ltr'>OUJUS</span> <span class='ocrx_word' id='word_1_418' title='bbox 863 3785 899 3837; x_wconf 90' lang='lat' dir='ltr'><strong>l·</strong></span> <span class='ocrx_word' id='word_1_419' title='bbox 918 3791 967 3840; x_wconf 82' lang='lat'><strong>2·</strong></span> <span class='ocrx_word' id='word_1_420' title='bbox 983 3783 1170 3838; x_wconf 73' lang='lat' dir='ltr'><strong>edidit</strong></span> <span class='ocrx_word' id='word_1_421' title='bbox 1194 3783 1338 3838; x_wconf 78' lang='lat' dir='ltr'><strong>Mai</strong></span> <span class='ocrx_word' id='word_1_422' title='bbox 1363 3785 1519 3855; x_wconf 83' lang='lat' dir='ltr'><strong>apud</strong></span> <span class='ocrx_word' id='word_1_423' title='bbox 1548 3785 1752 3856; x_wconf 85' lang='lat' dir='ltr'><strong>Mign</strong></span> <span class='ocrx_word' id='word_1_424' title='bbox 1775 3803 1802 3839; x_wconf 83' lang='lat' dir='ltr'><strong>e</strong></span> <span class='ocrx_word' id='word_1_425' title='bbox 1858 3792 1995 3866; x_wconf 88' lang='lat' dir='ltr'><strong>pius</strong></span> <span class='ocrx_word' id='word_1_426' title='bbox 2029 3793 2483 3865; x_wconf 84' lang='lat' dir='ltr'><strong>describeretur,</strong></span> <span class='ocrx_word' id='word_1_427' title='bbox 2518 3793 2592 3852; x_wconf 93' lang='lat' dir='ltr'><strong>ab</strong></span> <span class='ocrx_word' id='word_1_428' title='bbox 2627 3793 2762 3853; x_wconf 84' lang='lat' dir='ltr'><strong>aliis</strong></span> <span class='ocrx_word' id='word_1_429' title='bbox 2794 3796 3144 3852; x_wconf 86' lang='lat' dir='ltr'><strong>retractare-</strong></span> 
     </span>
    </p>
   </div>
   <div class='ocr_carea' id='block_1_6' title="bbox 514 3854 3141 3958">
    <p class='ocr_par' dir='ltr' id='par_1_6' title="bbox 514 3854 3141 3958">
     <span class='ocr_line' id='line_1_41' title="bbox 514 3854 3141 3958; baseline 0.008 -39"><span class='ocrx_word' id='word_1_430' title='bbox 514 3854 573 3908; x_wconf 86' lang='lat' dir='ltr'><strong>P·</strong></span> <span class='ocrx_word' id='word_1_431' title='bbox 603 3854 666 3912; x_wconf 84' lang='lat' dir='ltr'><strong>G·</strong></span> <span class='ocrx_word' id='word_1_432' title='bbox 696 3855 992 3919; x_wconf 53' lang='lat' dir='ltr'>LXXXVI,</span> <span class='ocrx_word' id='word_1_433' title='bbox 1016 3864 1063 3920; x_wconf 81' lang='lat'><strong>2,</strong></span> <span class='ocrx_word' id='word_1_434' title='bbox 1088 3857 1471 3914; x_wconf 77' lang='lat'>2017—2100;</span> <span class='ocrx_word' id='word_1_435' title='bbox 1500 3859 1559 3910; x_wconf 58' lang='lat' dir='ltr'><strong>et</strong></span> <span class='ocrx_word' id='word_1_436' title='bbox 1584 3857 1671 3910; x_wconf 64' lang='lat' dir='ltr'><strong>Le</strong></span> <span class='ocrx_word' id='word_1_437' title='bbox 1692 3875 1723 3911; x_wconf 87' lang='lat'>⁰</span> <span class='ocrx_word' id='word_1_438' title='bbox 1744 3876 1803 3909; x_wconf 75' lang='lat'><strong>¹¹·</strong></span> <span class='ocrx_word' id='word_1_439' title='bbox 1858 3882 1975 3950; x_wconf 86' lang='lat' dir='ltr'><strong>tur,</strong></span> <span class='ocrx_word' id='word_1_440' title='bbox 2011 3887 2334 3958; x_wconf 85' lang='lat' dir='ltr'><strong>augeretur</strong></span> <span class='ocrx_word' id='word_1_441' title='bbox 2364 3887 2491 3954; x_wconf 71' lang='lat' dir='ltr'><strong>ete,</strong></span> <span class='ocrx_word' id='word_1_442' title='bbox 2526 3884 2754 3941; x_wconf 86' lang='lat' dir='ltr'><strong>codices</strong></span> <span class='ocrx_word' id='word_1_443' title='bbox 2805 3899 2947 3940; x_wconf 90' lang='lat' dir='ltr'><strong>msc.</strong></span> <span class='ocrx_word' id='word_1_444' title='bbox 2994 3883 3141 3940; x_wconf 85' lang='lat' dir='ltr'><strong>satis</strong></span> 
     </span>
    </p>
   </div>
   <div class='ocr_carea' id='block_1_7' title="bbox 514 3926 3144 4067">
    <p class='ocr_par' dir='ltr' id='par_1_7' title="bbox 514 3926 3144 4067">
     <span class='ocr_line' id='line_1_42' title="bbox 514 3926 2722 3998; baseline 0.001 -18"><span class='ocrx_word' id='word_1_445' title='bbox 514 3926 627 3980; x_wconf 85' lang='lat' dir='ltr'><strong>tiu</strong></span> <span class='ocrx_word' id='word_1_446' title='bbox 646 3944 670 3980; x_wconf 88' lang='lat' dir='ltr'><strong>s</strong></span> <span class='ocrx_word' id='word_1_447' title='bbox 698 3927 955 3981; x_wconf 82' lang='lat' dir='ltr'><strong>Arabissi</strong></span> <span class='ocrx_word' id='word_1_448' title='bbox 980 3928 1284 3998; x_wconf 89' lang='lat' dir='ltr'><strong>episcopus</strong></span> <span class='ocrx_word' id='word_1_449' title='bbox 1320 3944 1425 3981; x_wconf 89' lang='lat' dir='ltr'><strong>sec.</strong></span> <span class='ocrx_word' id='word_1_450' title='bbox 1453 3928 1531 3980; x_wconf 90' lang='lat' dir='ltr'><strong>Vl</strong></span> <span class='ocrx_word' id='word_1_451' title='bbox 1562 3929 1651 3984; x_wconf 83' lang='lat' dir='ltr'><strong>vel</strong></span> <span class='ocrx_word' id='word_1_452' title='bbox 1678 3928 1799 3993; x_wconf 84' lang='lat' dir='ltr'>VII,</span> <span class='ocrx_word' id='word_1_453' title='bbox 1861 3970 1872 3980; x_wconf 92' lang='lat'><strong>.</strong></span> <span class='ocrx_word' id='word_1_454' title='bbox 2219 3972 2230 3984; x_wconf 93' lang='lat'><strong>.</strong></span> <span class='ocrx_word' id='word_1_455' title='bbox 2438 3973 2449 3984; x_wconf 94' lang='lat'><strong>.</strong></span> <span class='ocrx_word' id='word_1_456' title='bbox 2593 3973 2603 3983; x_wconf 90' lang='lat'><strong>.</strong></span> <span class='ocrx_word' id='word_1_457' title='bbox 2712 3973 2722 3983; x_wconf 94' lang='lat'><strong>.</strong></span> 
     </span>
     <span class='ocr_line' id='line_1_43' title="bbox 514 3972 3144 4067; baseline 0 -38"><span class='ocrx_word' id='word_1_458' title='bbox 514 4014 579 4050; x_wconf 56' lang='lat' dir='ltr'><strong>ex</strong></span> <span class='ocrx_word' id='word_1_459' title='bbox 626 3999 790 4067; x_wconf 80' lang='lat' dir='ltr'><strong>cujus</strong></span> <span class='ocrx_word' id='word_1_460' title='bbox 830 4015 1086 4052; x_wconf 81' lang='lat' dir='ltr'><strong>sermono</strong></span> <span class='ocrx_word' id='word_1_461' title='bbox 1130 4002 1190 4052; x_wconf 73' lang='lat' dir='ltr'><strong>de</strong></span> <span class='ocrx_word' id='word_1_462' title='bbox 1228 4003 1489 4054; x_wconf 79' lang='lat' dir='ltr'><strong>creatione</strong></span> <span class='ocrx_word' id='word_1_463' title='bbox 1512 4010 1559 4054; x_wconf 82' lang='lat' dir='ltr'><strong>et</strong></span> <span class='ocrx_word' id='word_1_464' title='bbox 1584 4002 1801 4054; x_wconf 62' lang='lat' dir='ltr'><strong>Lazaro</strong></span> <span class='ocrx_word' id='word_1_465' title='bbox 1857 3975 2089 4030; x_wconf 81' lang='lat' dir='ltr'><strong>interse</strong></span> <span class='ocrx_word' id='word_1_466' title='bbox 2110 3976 2370 4030; x_wconf 79' lang='lat' dir='ltr'><strong>variant:</strong></span> <span class='ocrx_word' id='word_1_467' title='bbox 2396 3973 2531 4031; x_wconf 78' lang='lat' dir='ltr'><strong>hinc</strong></span> <span class='ocrx_word' id='word_1_468' title='bbox 2548 3972 2786 4030; x_wconf 77' lang='lat' dir='ltr'><strong>difficile</strong></span> <span class='ocrx_word' id='word_1_469' title='bbox 2802 3974 3144 4030; x_wconf 80' lang='lat' dir='ltr'><strong>esttextum</strong></span> 
     </span>
    </p>
   </div>
   <div class='ocr_carea' id='block_1_8' title="bbox 513 4059 3144 4224">
    <p class='ocr_par' dir='ltr' id='par_1_8' title="bbox 513 4059 3144 4224">
     <span class='ocr_line' id='line_1_44' title="bbox 513 4059 3140 4138; baseline -0.003 -14"><span class='ocrx_word' id='word_1_470' title='bbox 513 4073 744 4125; x_wconf 77' lang='lat' dir='ltr'><strong>redivivo</strong></span> <span class='ocrx_word' id='word_1_471' title='bbox 770 4069 970 4138; x_wconf 83' lang='lat' dir='ltr'><strong>aliqua</strong></span> <span class='ocrx_word' id='word_1_472' title='bbox 995 4071 1163 4124; x_wconf 85' lang='lat' dir='ltr'><strong>affert</strong></span> <span class='ocrx_word' id='word_1_473' title='bbox 1187 4069 1230 4122; x_wconf 92' lang='lat' dir='ltr'>P</span> <span class='ocrx_word' id='word_1_474' title='bbox 1246 4070 1285 4122; x_wconf 92' lang='lat' dir='ltr'><strong>h</strong></span> <span class='ocrx_word' id='word_1_475' title='bbox 1305 4088 1335 4123; x_wconf 93' lang='lat' dir='ltr'><strong>o</strong></span> <span class='ocrx_word' id='word_1_476' title='bbox 1355 4071 1468 4124; x_wconf 88' lang='lat' dir='ltr'><strong>tiu</strong></span> <span class='ocrx_word' id='word_1_477' title='bbox 1487 4090 1511 4125; x_wconf 83' lang='lat' dir='ltr'><strong>s</strong></span> <span class='ocrx_word' id='word_1_478' title='bbox 1546 4073 1669 4125; x_wconf 88' lang='lat' dir='ltr'><strong>cod.</strong></span> <span class='ocrx_word' id='word_1_479' title='bbox 1696 4073 1800 4125; x_wconf 79' lang='lat'><strong>272</strong></span> <span class='ocrx_word' id='word_1_480' title='bbox 1856 4078 2005 4133; x_wconf 79' lang='lat' dir='ltr'><strong>pure</strong></span> <span class='ocrx_word' id='word_1_481' title='bbox 2038 4059 2383 4136; x_wconf 84' lang='lat' dir='ltr'><strong>originalem</strong></span> <span class='ocrx_word' id='word_1_482' title='bbox 2404 4066 2467 4120; x_wconf 84' lang='lat' dir='ltr'><strong>et</strong></span> <span class='ocrx_word' id='word_1_483' title='bbox 2486 4061 2910 4137; x_wconf 84' lang='lat' dir='ltr'><strong>primigenium</strong></span> <span class='ocrx_word' id='word_1_484' title='bbox 2944 4060 3140 4118; x_wconf 89' lang='lat' dir='ltr'><strong>deter-</strong></span> 
     </span>
     <span class='ocr_line' id='line_1_45' title="bbox 513 4140 3144 4224; baseline -0.003 -11"><span class='ocrx_word' id='word_1_485' title='bbox 513 4140 684 4213; x_wconf 67' lang='lat' dir='ltr'><strong>(Mig</strong></span> <span class='ocrx_word' id='word_1_486' title='bbox 703 4158 784 4195; x_wconf 88' lang='lat' dir='ltr'><strong>ne</strong></span> <span class='ocrx_word' id='word_1_487' title='bbox 814 4141 952 4203; x_wconf 53' lang='grc' dir='ltr'><strong>ΟΝ,</strong></span> <span class='ocrx_word' id='word_1_488' title='bbox 982 4146 1283 4198; x_wconf 76' lang='lat'>223-‘230-</span> <span class='ocrx_word' id='word_1_489' title='bbox 1857 4148 2099 4206; x_wconf 88' lang='lat' dir='ltr'><strong>minare.</strong></span> <span class='ocrx_word' id='word_1_490' title='bbox 2162 4150 2370 4208; x_wconf 88' lang='lat' dir='ltr'><strong>Edidit</strong></span> <span class='ocrx_word' id='word_1_491' title='bbox 2416 4150 2568 4209; x_wconf 89' lang='lat' dir='ltr'><strong>illud</strong></span> <span class='ocrx_word' id='word_1_492' title='bbox 2614 4168 2819 4224; x_wconf 88' lang='lat' dir='ltr'><strong>graece</strong></span> <span class='ocrx_word' id='word_1_493' title='bbox 2865 4153 2926 4206; x_wconf 90' lang='lat' dir='ltr'><strong>et</strong></span> <span class='ocrx_word' id='word_1_494' title='bbox 2956 4149 3144 4207; x_wconf 85' lang='lat' dir='ltr'><strong>latine</strong></span> 
     </span>
    </p>
   </div>
   <div class='ocr_carea' id='block_1_9' title="bbox 514 4211 3136 4352">
    <p class='ocr_par' dir='ltr' id='par_1_9' title="bbox 514 4211 3136 4352">
     <span class='ocr_line' id='line_1_46' title="bbox 514 4211 3136 4340; baseline 0.001 -47"><span class='ocrx_word' id='word_1_495' title='bbox 514 4282 561 4332; x_wconf 78' lang='lat' dir='ltr'><strong>V</strong></span> <span class='ocrx_word' id='word_1_496' title='bbox 568 4217 625 4336; x_wconf 52' lang='lat'><strong>1⁸3</strong></span> <span class='ocrx_word' id='word_1_497' title='bbox 656 4211 861 4340; x_wconf 52' lang='grc' dir='ltr'>Οιῗὸἐέῧ</span> <span class='ocrx_word' id='word_1_498' title='bbox 877 4212 960 4337; x_wconf 62' lang='lat' dir='ltr'><strong>fg</strong></span> <span class='ocrx_word' id='word_1_499' title='bbox 976 4213 1230 4337; x_wconf 51' lang='grc' dir='ltr'>ἓῗΖῙῙΒΘΓὛ</span> <span class='ocrx_word' id='word_1_500' title='bbox 1243 4222 1385 4336; x_wconf 51' lang='grc' dir='ltr'><strong>ἓξῃὲ</strong></span> <span class='ocrx_word' id='word_1_501' title='bbox 1412 4219 1500 4293; x_wconf 76' lang='grc'><strong>85.</strong></span> <span class='ocrx_word' id='word_1_502' title='bbox 1523 4219 1658 4337; x_wconf 75' lang='lat' dir='ltr'><strong>¹¹·h².3·</strong></span> <span class='ocrx_word' id='word_1_503' title='bbox 1686 4212 1798 4336; x_wconf 50' lang='lat' dir='ltr'><strong>{L’</strong></span> <span class='ocrx_word' id='word_1_504' title='bbox 1857 4236 2074 4296; x_wconf 83' lang='lat' dir='ltr'><strong>Fronto</strong></span> <span class='ocrx_word' id='word_1_505' title='bbox 2096 4238 2132 4295; x_wconf 86' lang='lat' dir='ltr'><strong>d</strong></span> <span class='ocrx_word' id='word_1_506' title='bbox 2152 4258 2190 4296; x_wconf 92' lang='lat' dir='ltr'><strong>u</strong></span> <span class='ocrx_word' id='word_1_507' title='bbox 2213 4241 2262 4297; x_wconf 93' lang='lat' dir='ltr'>D</span> <span class='ocrx_word' id='word_1_508' title='bbox 2279 4259 2321 4298; x_wconf 92' lang='lat' dir='ltr'><strong>u</strong></span> <span class='ocrx_word' id='word_1_509' title='bbox 2337 4258 2367 4298; x_wconf 90' lang='lat' dir='ltr'><strong>c</strong></span> <span class='ocrx_word' id='word_1_510' title='bbox 2400 4240 2461 4297; x_wconf 92' lang='lat' dir='ltr'><strong>in</strong></span> <span class='ocrx_word' id='word_1_511' title='bbox 2483 4239 2765 4299; x_wconf 91' lang='lat' dir='ltr'><strong>Biblioth.</strong></span> <span class='ocrx_word' id='word_1_512' title='bbox 2781 4255 2994 4315; x_wconf 87' lang='lat' dir='ltr'><strong>graeco</strong></span> <span class='ocrx_word' id='word_1_513' title='bbox 3015 4238 3136 4307; x_wconf 64' lang='lat' dir='ltr'><strong>lat„</strong></span> 
     </span>
     <span class='ocr_line' id='line_1_47' title="bbox 622 4301 1801 4352; baseline -0.002 -13"><span class='ocrx_word' id='word_1_514' title='bbox 622 4325 635 4346; x_wconf 84' lang='lat'><strong>‚</strong></span> <span class='ocrx_word' id='word_1_515' title='bbox 840 4325 851 4342; x_wconf 90' lang='lat'><strong>.</strong></span> <span class='ocrx_word' id='word_1_516' title='bbox 1272 4319 1286 4336; x_wconf 82' lang='grc'><strong>.</strong></span> <span class='ocrx_word' id='word_1_517' title='bbox 1416 4301 1569 4352; x_wconf 82' lang='lat' dir='ltr'><strong>griec</strong></span> <span class='ocrx_word' id='word_1_518' title='bbox 1617 4301 1695 4340; x_wconf 78' lang='lat' dir='ltr'><strong>isc</strong></span> <span class='ocrx_word' id='word_1_519' title='bbox 1741 4302 1801 4337; x_wconf 87' lang='lat' dir='ltr'><strong>er</strong></span> 
     </span>
    </p>
   </div>
   <div class='ocr_carea' id='block_1_10' title="bbox 512 4325 3144 4853">
    <p class='ocr_par' dir='ltr' id='par_1_10' title="bbox 512 4325 3144 4853">
     <span class='ocr_line' id='line_1_48' title="bbox 517 4325 3144 4412; baseline 0.002 -5"><span class='ocrx_word' id='word_1_520' title='bbox 517 4355 1093 4409; x_wconf 71' lang='lat' dir='ltr'><strong>Volksschriftstener</strong></span> <span class='ocrx_word' id='word_1_521' title='bbox 1132 4356 1229 4408; x_wconf 76' lang='lat' dir='ltr'><strong>des</strong></span> <span class='ocrx_word' id='word_1_522' title='bbox 1272 4361 1321 4412; x_wconf 77' lang='grc' dir='ltr'><strong>τ.</strong></span> <span class='ocrx_word' id='word_1_523' title='bbox 1348 4356 1547 4410; x_wconf 79' lang='lat' dir='ltr'><strong>Jahrb.</strong></span> <span class='ocrx_word' id='word_1_524' title='bbox 1576 4355 1635 4409; x_wconf 46' lang='grc' dir='ltr'><strong>ί.</strong></span> <span class='ocrx_word' id='word_1_525' title='bbox 1666 4355 1798 4411; x_wconf 76' lang='lat' dir='ltr'><strong>nist.</strong></span> <span class='ocrx_word' id='word_1_526' title='bbox 1857 4325 2102 4385; x_wconf 66' lang='lat' dir='ltr'><strong>P⁸f¹³¹¹⁸</strong></span> <span class='ocrx_word' id='word_1_527' title='bbox 2135 4337 2296 4391; x_wconf 80' lang='lat'>¹624</span> <span class='ocrx_word' id='word_1_528' title='bbox 2320 4349 2376 4404; x_wconf 82' lang='grc' dir='ltr'><strong>Ρ·</strong></span> <span class='ocrx_word' id='word_1_529' title='bbox 2410 4331 3144 4395; x_wconf 81' lang='lat' dir='ltr'><strong>1057-—11593auctum</strong></span> 
     </span>
     <span class='ocr_line' id='line_1_49' title="bbox 512 4425 1799 4494; baseline 0.001 -16"><span class='ocrx_word' id='word_1_530' title='bbox 512 4425 724 4480; x_wconf 86' lang='lat' dir='ltr'><strong>Ztschr.</strong></span> <span class='ocrx_word' id='word_1_531' title='bbox 756 4426 823 4479; x_wconf 91' lang='lat' dir='ltr'><strong>N.</strong></span> <span class='ocrx_word' id='word_1_532' title='bbox 850 4426 905 4478; x_wconf 77' lang='lat' dir='ltr'><strong>F.</strong></span> <span class='ocrx_word' id='word_1_533' title='bbox 924 4427 1095 4490; x_wconf 80' lang='lat' dir='ltr'>XXV,</span> <span class='ocrx_word' id='word_1_534' title='bbox 1130 4431 1279 4488; x_wconf 86' lang='grc'><strong>1889,</strong></span> <span class='ocrx_word' id='word_1_535' title='bbox 1317 4433 1499 4486; x_wconf 73' lang='grc'><strong>1-88,</strong></span> <span class='ocrx_word' id='word_1_536' title='bbox 1528 4426 1630 4494; x_wconf 90' lang='lat' dir='ltr'><strong>qui</strong></span> <span class='ocrx_word' id='word_1_537' title='bbox 1648 4427 1716 4479; x_wconf 90' lang='lat' dir='ltr'><strong>de</strong></span> <span class='ocrx_word' id='word_1_538' title='bbox 1734 4444 1799 4481; x_wconf 87' lang='lat' dir='ltr'><strong>eo</strong></span> 
     </span>
     <span class='ocr_line' id='line_1_50' title="bbox 513 4496 3142 4568; baseline -0 -19"><span class='ocrx_word' id='word_1_539' title='bbox 513 4496 741 4550; x_wconf 88' lang='lat' dir='ltr'><strong>scribit:</strong></span> <span class='ocrx_word' id='word_1_540' title='bbox 793 4499 853 4550; x_wconf 87' lang='lat' dir='ltr'><strong>[n</strong></span> <span class='ocrx_word' id='word_1_541' title='bbox 896 4499 1005 4551; x_wconf 90' lang='lat' dir='ltr'><strong>den</strong></span> <span class='ocrx_word' id='word_1_542' title='bbox 1034 4497 1172 4551; x_wconf 83' lang='lat' dir='ltr'><strong>zwei</strong></span> <span class='ocrx_word' id='word_1_543' title='bbox 1200 4498 1534 4551; x_wconf 82' lang='lat' dir='ltr'><strong>erhaltenen</strong></span> <span class='ocrx_word' id='word_1_544' title='bbox 1561 4499 1798 4552; x_wconf 81' lang='lat' dir='ltr'><strong>Lebens-</strong></span> <span class='ocrx_word' id='word_1_545' title='bbox 1937 4503 1969 4566; x_wconf 80' lang='grc' dir='ltr'><strong>Ι)</strong></span> <span class='ocrx_word' id='word_1_546' title='bbox 1999 4497 2223 4551; x_wconf 87' lang='lat' dir='ltr'><strong>Prostat</strong></span> <span class='ocrx_word' id='word_1_547' title='bbox 2261 4498 2503 4566; x_wconf 82' lang='lat' dir='ltr'><strong>antiqua</strong></span> <span class='ocrx_word' id='word_1_548' title='bbox 2543 4498 2664 4552; x_wconf 79' lang='lat' dir='ltr'><strong>vita</strong></span> <span class='ocrx_word' id='word_1_549' title='bbox 2692 4497 2875 4568; x_wconf 87' lang='lat' dir='ltr'><strong>ipsius</strong></span> <span class='ocrx_word' id='word_1_550' title='bbox 2913 4497 2975 4551; x_wconf 91' lang='lat' dir='ltr'><strong>in</strong></span> <span class='ocrx_word' id='word_1_551' title='bbox 3006 4496 3142 4552; x_wconf 89' lang='lat' dir='ltr'><strong>bibl.</strong></span> 
     </span>
     <span class='ocr_line' id='line_1_51' title="bbox 519 4568 3141 4639; baseline -0.001 -17"><span class='ocrx_word' id='word_1_552' title='bbox 519 4569 738 4623; x_wconf 75' lang='lat' dir='ltr'><strong>eildern</strong></span> <span class='ocrx_word' id='word_1_553' title='bbox 769 4569 1024 4622; x_wconf 67' lang='lat' dir='ltr'><strong>bewahrt</strong></span> <span class='ocrx_word' id='word_1_554' title='bbox 1050 4586 1109 4621; x_wconf 91' lang='lat' dir='ltr'><strong>er</strong></span> <span class='ocrx_word' id='word_1_555' title='bbox 1130 4568 1249 4622; x_wconf 89' lang='lat' dir='ltr'><strong>sich</strong></span> <span class='ocrx_word' id='word_1_556' title='bbox 1277 4571 1358 4623; x_wconf 84' lang='lat' dir='ltr'><strong>als</strong></span> <span class='ocrx_word' id='word_1_557' title='bbox 1386 4569 1800 4623; x_wconf 81' lang='lat' dir='ltr'><strong>vortrefflicher</strong></span> <span class='ocrx_word' id='word_1_558' title='bbox 1858 4568 1961 4621; x_wconf 86' lang='lat' dir='ltr'><strong>PP.</strong></span> <span class='ocrx_word' id='word_1_559' title='bbox 1990 4569 2225 4622; x_wconf 80' lang='lat' dir='ltr'><strong>Parisiis</strong></span> <span class='ocrx_word' id='word_1_560' title='bbox 2260 4576 2394 4625; x_wconf 69' lang='grc'><strong>1661</strong></span> <span class='ocrx_word' id='word_1_561' title='bbox 2421 4577 2694 4626; x_wconf 79' lang='lat'>1053—55</span> <span class='ocrx_word' id='word_1_562' title='bbox 2717 4591 2727 4628; x_wconf 88' lang='grc'>;</span> <span class='ocrx_word' id='word_1_563' title='bbox 2757 4569 3004 4639; x_wconf 84' lang='lat' dir='ltr'><strong>Migne</strong></span> <span class='ocrx_word' id='word_1_564' title='bbox 3033 4568 3141 4621; x_wconf 85' lang='lat' dir='ltr'><strong>PL.</strong></span> 
     </span>
     <span class='ocr_line' id='line_1_52' title="bbox 512 4638 3142 4704; baseline 0 -13"><span class='ocrx_word' id='word_1_565' title='bbox 512 4638 1110 4704; x_wconf 81' lang='lat' dir='ltr'><strong>Volksschriftsteller‚</strong></span> <span class='ocrx_word' id='word_1_566' title='bbox 1141 4640 1243 4693; x_wconf 82' lang='lat' dir='ltr'><strong>der</strong></span> <span class='ocrx_word' id='word_1_567' title='bbox 1270 4640 1381 4692; x_wconf 87' lang='lat' dir='ltr'><strong>den</strong></span> <span class='ocrx_word' id='word_1_568' title='bbox 1404 4640 1612 4693; x_wconf 82' lang='lat' dir='ltr'><strong>naivcn</strong></span> <span class='ocrx_word' id='word_1_569' title='bbox 1634 4640 1799 4694; x_wconf 90' lang='lat' dir='ltr'><strong>kind·</strong></span> <span class='ocrx_word' id='word_1_570' title='bbox 1854 4640 2099 4700; x_wconf 78' lang='lat' dir='ltr'>LXXIV.</span> <span class='ocrx_word' id='word_1_571' title='bbox 2134 4646 2426 4697; x_wconf 76' lang='lat'><strong>119—122.</strong></span> <span class='ocrx_word' id='word_1_572' title='bbox 2479 4641 2562 4695; x_wconf 79' lang='lat' dir='ltr'><strong>Cf.</strong></span> <span class='ocrx_word' id='word_1_573' title='bbox 2591 4640 2634 4692; x_wconf 94' lang='lat' dir='ltr'>B</span> <span class='ocrx_word' id='word_1_574' title='bbox 2651 4656 2684 4693; x_wconf 79' lang='lat' dir='ltr'><strong>a</strong></span> <span class='ocrx_word' id='word_1_575' title='bbox 2699 4659 2726 4693; x_wconf 89' lang='lat' dir='ltr'><strong>r</strong></span> <span class='ocrx_word' id='word_1_576' title='bbox 2745 4641 2781 4693; x_wconf 92' lang='lat' dir='ltr'><strong>d</strong></span> <span class='ocrx_word' id='word_1_577' title='bbox 2799 4657 2827 4695; x_wconf 89' lang='lat' dir='ltr'><strong>e</strong></span> <span class='ocrx_word' id='word_1_578' title='bbox 2847 4659 2882 4692; x_wconf 91' lang='lat' dir='ltr'><strong>n</strong></span> <span class='ocrx_word' id='word_1_579' title='bbox 2899 4641 2939 4694; x_wconf 87' lang='lat' dir='ltr'><strong>h</strong></span> <span class='ocrx_word' id='word_1_580' title='bbox 2955 4656 2983 4692; x_wconf 91' lang='lat' dir='ltr'><strong>e</strong></span> <span class='ocrx_word' id='word_1_581' title='bbox 3005 4657 3054 4691; x_wconf 83' lang='lat' dir='ltr'><strong>w</strong></span> <span class='ocrx_word' id='word_1_582' title='bbox 3070 4655 3142 4692; x_wconf 89' lang='lat' dir='ltr'><strong>er</strong></span> 
     </span>
     <span class='ocr_line' id='line_1_53' title="bbox 514 4709 3142 4779; baseline 0 -18"><span class='ocrx_word' id='word_1_583' title='bbox 514 4709 706 4762; x_wconf 84' lang='lat' dir='ltr'><strong>lichen</strong></span> <span class='ocrx_word' id='word_1_584' title='bbox 756 4712 1035 4765; x_wconf 84' lang='lat' dir='ltr'><strong>Volkston</strong></span> <span class='ocrx_word' id='word_1_585' title='bbox 1100 4712 1228 4764; x_wconf 76' lang='lat' dir='ltr'><strong>aufe</strong></span> <span class='ocrx_word' id='word_1_586' title='bbox 1292 4711 1673 4779; x_wconf 79' lang='lat' dir='ltr'><strong>gliicklichste</strong></span> <span class='ocrx_word' id='word_1_587' title='bbox 1727 4731 1798 4766; x_wconf 81' lang='lat' dir='ltr'><strong>zu</strong></span> <span class='ocrx_word' id='word_1_588' title='bbox 1854 4721 1880 4777; x_wconf 64' lang='grc' dir='ltr'><strong>ἓ</strong></span> <span class='ocrx_word' id='word_1_589' title='bbox 1915 4719 2014 4768; x_wconf 85' lang='lat'><strong>104</strong></span> <span class='ocrx_word' id='word_1_590' title='bbox 2042 4731 2096 4764; x_wconf 92' lang='lat' dir='ltr'><strong>n.</strong></span> <span class='ocrx_word' id='word_1_591' title='bbox 2125 4719 2186 4771; x_wconf 81' lang='lat'><strong>2;</strong></span> <span class='ocrx_word' id='word_1_592' title='bbox 2241 4712 2554 4766; x_wconf 84' lang='lat' dir='ltr'><strong>Nirschl</strong></span> <span class='ocrx_word' id='word_1_593' title='bbox 2598 4712 2674 4765; x_wconf 87' lang='lat'><strong>111</strong></span> <span class='ocrx_word' id='word_1_594' title='bbox 2719 4721 2746 4778; x_wconf 67' lang='lat'>5</span> <span class='ocrx_word' id='word_1_595' title='bbox 2789 4715 2921 4770; x_wconf 72' lang='lat'><strong>3422</strong></span> <span class='ocrx_word' id='word_1_596' title='bbox 2976 4709 3142 4763; x_wconf 80' lang='lat' dir='ltr'><strong>Ehr-</strong></span> 
     </span>
     <span class='ocr_line' id='line_1_54' title="bbox 518 4781 2960 4853; baseline 0.002 -23"><span class='ocrx_word' id='word_1_597' title='bbox 518 4781 718 4833; x_wconf 82' lang='lat' dir='ltr'><strong>treffen</strong></span> <span class='ocrx_word' id='word_1_598' title='bbox 748 4783 970 4834; x_wconf 83' lang='lat' dir='ltr'><strong>wusste.</strong></span> <span class='ocrx_word' id='word_1_599' title='bbox 1022 4781 1104 4834; x_wconf 88' lang='lat' dir='ltr'><strong>Cf.</strong></span> <span class='ocrx_word' id='word_1_600' title='bbox 1147 4783 1503 4834; x_wconf 85' lang='lat' dir='ltr'><strong>Potthast</strong></span> <span class='ocrx_word' id='word_1_601' title='bbox 1545 4803 1599 4853; x_wconf 89' lang='lat' dir='ltr'><strong>p.</strong></span> <span class='ocrx_word' id='word_1_602' title='bbox 1650 4789 1798 4839; x_wconf 82' lang='grc'><strong>1397.</strong></span> <span class='ocrx_word' id='word_1_603' title='bbox 1854 4784 2037 4836; x_wconf 84' lang='lat' dir='ltr'><strong>hard</strong></span> <span class='ocrx_word' id='word_1_604' title='bbox 2066 4783 2223 4852; x_wconf 84' lang='lat' dir='ltr'><strong>apud</strong></span> <span class='ocrx_word' id='word_1_605' title='bbox 2253 4783 2469 4837; x_wconf 85' lang='lat' dir='ltr'><strong>Krum</strong></span> <span class='ocrx_word' id='word_1_606' title='bbox 2493 4784 2764 4837; x_wconf 84' lang='lat' dir='ltr'><strong>bacher</strong></span> <span class='ocrx_word' id='word_1_607' title='bbox 2792 4802 2848 4835; x_wconf 91' lang='lat' dir='ltr'><strong>n.</strong></span> <span class='ocrx_word' id='word_1_608' title='bbox 2872 4786 2960 4838; x_wconf 73' lang='lat'><strong>84.</strong></span> 
     </span>
    </p>
   </div>
   <div class='ocr_carea' id='block_1_11' title="bbox 515 3221 831 3236">
    <p class='ocr_par' dir='ltr' id='par_1_11' title="bbox 515 3221 831 3236">
     <span class='ocr_line' id='line_1_55' title="bbox 515 3221 831 3236; baseline 0 1925"><span class='ocrx_word' id='word_1_609' title='bbox 515 3221 831 3236; x_wconf 95' lang='lat' dir='ltr'><strong> </strong></span> 
     </span>
    </p>
   </div>
   <div class='ocr_carea' id='block_1_12' title="bbox 1861 4448 2178 4459">
    <p class='ocr_par' dir='ltr' id='par_1_12' title="bbox 1861 4448 2178 4459">
     <span class='ocr_line' id='line_1_56' title="bbox 1861 4448 2178 4459; baseline 0 702"><span class='ocrx_word' id='word_1_610' title='bbox 1861 4448 2178 4459; x_wconf 95' lang='lat' dir='ltr'><strong> </strong></span> 
     </span>
    </p>
   </div>
  </div>
 </body>
</html>
