3505 5161
1047 206 1413 261 1073—1100.
1442 201 1777 257 Defensores
1805 200 2067 274 Gregorii
2096 205 2216 258 Vll.
2245 203 2606 267 Bertholdus,
2635 202 2862 270 Bonizo,

650 221 815 275 1039
3086 224 3229 276 1040

642 390 823 448 habes
888 390 1138 466 Migne
1197 387 1443 459 CXLIII,
1512 387 1802 471 25—31)
1864 397 1924 453 et
1978 392 2216 469 reperit.
2285 393 2468 451 Paulo
2514 393 2651 468 post
2693 410 2742 451 c.
2797 400 2960 455 1086
3007 410 3039 448 a
3085 394 3234 466 parte

637 479 976 538 chronicam
1021 478 1287 554 ejusdem
1333 477 1709 537 continuavit
1754 479 1828 537 ab
1873 503 1921 546 a.
1978 481 2256 539 Patarina
2274 481 2586 557 episcopus
2607 481 2980 557 placentinus
3011 480 3231 548 electus,

650 577 814 630 1054
863 568 1072 627 saltem
1122 567 1194 626 ad
1246 587 1295 626 a.
1351 576 1532 639 1066,
1582 568 1677 627 vel
1728 569 1924 648 (juxta
1979 571 2260 647 majorem
2294 574 2355 629 et
2385 569 2731 630 clericorum
2763 572 2827 628 et
2845 569 3119 628 laicorum
3136 588 3232 627 nu-

636 654 815 735 alios)
833 658 904 716 ad
922 676 971 716 a.
991 668 1011 719 1
1032 665 1398 727 080‚rerum
1422 675 1572 732 quas
1599 662 1805 718 narrat
1822 662 1923 720 be·
1977 679 2204 719 merum
2236 659 2394 718 inter
2437 678 2500 718 se
2544 659 2991 735 conjuratorum
3024 661 3235 716 contra-

637 765 714 805 ne
725 764 950 823 gnarus
967 749 1030 805 et
1043 744 1328 804 subsidiis
1344 745 1557 821 amplis
1571 745 1922 809 instructus:
1977 750 2135 808 rium
2169 749 2283 807 sibi
2315 750 2522 807 sensit.
2576 748 2836 807 Tandem
2867 750 3007 823 post
3034 746 3236 805 multas

635 840 770 894 acta
814 836 972 895 enim
1018 834 1257 910 publica
1300 854 1336 893 a
1380 853 1613 894 summo
1647 839 1924 910 pontifice
1979 838 2298 915 captiones,
2356 841 2426 896 ut
2473 836 2656 896 refert
2703 836 3035 896 Bernoldus
3082 835 3152 893 ad
3195 856 3236 893 a.

636 928 703 984 et
733 924 999 983 conciliis
1033 923 1248 982 emissa
1279 923 1533 999 aliaque,
1565 943 1716 999 quae
1749 928 1924 989 hodie
1988 936 2171 997 1089,
2205 927 2623 986 tribulationes
2653 928 2717 984 et
2738 925 2943 984 exsilia
2963 924 3237 983 aPlacen-

638 1031 760 1072 non
792 1013 1051 1089 amplius
1098 1017 1440 1088 supersunt,
1492 1012 1817 1088 diligenter
1860 1019 1922 1077 in
1979 1016 2127 1076 tinis
2160 1016 2469 1075 catholicis
2502 1033 2610 1091 pro
2642 1014 2918 1091 episcopo
2949 1012 3238 1090 recipitur,

638 1121 819 1161 usum
850 1121 1024 1161 suum
1047 1101 1357 1163 convertit.
1402 1102 1494 1160 Ab
1519 1121 1568 1163 a.
1598 1114 1762 1167 1073
1797 1108 1920 1165 uti-

638 1196 744 1250 tur
788 1191 1078 1251 chronicis
1110 1190 1411 1261 Bernoldi,
1460 1194 1671 1267 estque
1716 1195 1919 1255 admo·

637 1281 785 1340 dum
816 1281 1102 1356 prolixus,
1150 1297 1284 1338 cum
1331 1282 1505 1338 antea
1551 1287 1710 1342 esset
1751 1285 1923 1346 valde

638 1370 994 1431 succinctus,
1088 1368 1384 1429 Ardenter
1451 1388 1562 1444 pro
1621 1374 1922 1447 pontificis

637 1477 818 1518 causa
848 1463 1095 1536 pugnat,
1143 1457 1279 1516 hinc
1318 1458 1471 1517 ratio
1502 1459 1705 1520 oblata
1734 1462 1921 1521 alium

640 1548 985 1624 suspicandi
1040 1552 1354 1619 auctorem,
1411 1548 1589 1622 juxta
1638 1553 1921 1625 quosdam

637 1637 792 1697 forte
853 1637 1231 1698 Bernoldum.
1317 1636 1659 1698 Sermonem
1730 1641 1920 1717 ipsius

640 1745 760 1786 non
810 1727 1070 1786 multum
1130 1724 1494 1795 laudaveris3
1559 1730 1915 1789 sententiam

640 1815 939 1875 interdum
987 1833 1106 1873 non
1152 1814 1426 1885 absolvit,
1472 1818 1574 1875 sed
1620 1819 1683 1876 in
1728 1820 1923 1879 medio

642 1906 860 1967 haeret.
908 1906 1181 1964 Ceterum
1212 1904 1341 1980 ejus
1374 1906 1570 1980 operis
1591 1907 1923 1985 fragmenta

636 1996 874 2053 tantum
925 1993 1273 2053 Herimanni
1318 1995 1380 2050 et
1423 1994 1702 2056 Bernoldi
1748 1997 1921 2057 libris

637 2083 958 2142 commixta
988 2084 1239 2152 exstant,
1274 2080 1413 2141 hinc
1442 2081 1597 2143 illud
1616 2086 1919 2161 expiscan-

637 2172 785 2231 dum
805 2171 921 2231 fuit
938 2190 1006 2230 ex
1028 2171 1443 2247 compilatione
1462 2174 1735 2236 aliorum.
1777 2174 1918 2234 Pro-

638 2261 754 2319 diit
800 2261 955 2319 curis
1000 2261 1470 2320 Ussermann
1500 2264 1563 2322 in
1597 2264 1920 2324 Prodi-omo

642 2352 889 2409 Germa
909 2350 964 2420 1;
986 2354 1048 2409 et
1067 2349 1382 2426 diligentia
1401 2349 1465 2409 in
1485 2351 1693 2426 primis
1715 2354 1922 2412 Pertz

1977 1104 2542 1165 sedaschismaticis
2574 1103 2838 1180 ejusdem
2870 1102 2986 1162 loci
3019 1103 3238 1172 ,effosis

1978 1196 2165 1253 oculis
2182 1197 2245 1253 et
2259 1196 2571 1254 truncatus
2601 1192 2878 1253 omnibus
2903 1210 3055 1268 pene
3078 1210 3240 1250 mem·

1976 1284 2102 1343 bris
2134 1284 2420 1361 martyrio
2451 1285 2784 1342 coronatur.
2801 1290 2829 1319 ‘
2886 1282 3108 1341 Verum
3136 1298 3241 1339 non

1977 1374 2198 1432 desunt
2228 1373 2332 1448 qui
2365 1374 2438 1432 de
2470 1373 2575 1431 hac
2595 1370 2912 1430 Bonizonis
2944 1369 3117 1429 caede
3146 1369 3239 1428 du·

1978 1463 2188 1533 bitant,
2228 1461 2370 1538 quia
2398 1481 2520 1521 uno
2551 1460 2674 1519 fere
2706 1476 2805 1519 ore
2837 1460 3241 1518 obmutescunt

1977 1571 2177 1611 rerum
2218 1551 2692 1627 placentinorum
2739 1549 3058 1625 scriptores
3101 1546 3238 1605 anti·

1976 1640 2227 1717 quiores,
2261 1639 2494 1698 etiamsi
2524 1638 2839 1697 seditionis
2868 1636 3238 1713 placentinae,

1976 1748 2128 1805 quae
2159 1747 2226 1789 eo
2257 1732 2521 1805 tempore
2541 1727 2814 1805 contigit,
2848 1726 3069 1786 faciant
3094 1744 3239 1785 men·

1976 1820 2216 1881 tionem.
2284 1819 2504 1877 Tamen
2533 1818 2597 1876 in
2628 1816 2931 1893 epitaphio
2963 1816 3018 1874 ei
3060 1816 3123 1873 in
3161 1832 3239 1873 ec·

1977 1908 2155 1967 clesia
2203 1925 2248 1969 s,
2287 1907 2594 1966 Laurentii
2638 1906 2835 1983 posito
2883 1908 3108 1981 martyr
3149 1921 3240 1980 pro

1976 1997 2190 2057 Christi
2237 1996 2477 2056 nomine
2525 1996 2878 2054 celebratur.
2945 1993 3094 2052 Eum
3136 2011 3240 2051 non

1976 2090 2113 2146 ante
2145 2105 2195 2149 a.
2224 2095 2388 2149 1090
2424 2084 2662 2153 obiisse,
2697 2083 3005 2161 colligitur
3034 2101 3100 2141 ex
3129 2082 3239 2153 eius

1977 2175 2146 2234 libris
2167 2175 2278 2233 hoc
2299 2174 2537 2233 demum
2558 2175 2825 2249 tempore
2846 2171 3027 2231 editis
3041 2168 3101 2254 ¹).
3144 2171 3235 2228 Be·

1978 2263 2163 2338 liquit
2206 2264 2380 2339 plura
2425 2263 2520 2321 sui
2567 2261 2794 2338 ingenii
2843 2262 3232 2320 monumenta:

1976 2354 2241 2427 Epitome
2272 2352 2533 2410 omnium
2563 2369 2810 2427 operum
2845 2354 2911 2409 et
2942 2348 3229 2409 sententia·

638 2440 699 2498 in
751 2439 876 2497 MG.
928 2457 1037 2501 scr.
1087 2439 1154 2510 V,
1222 2448 1604 2512 264—326;
1666 2442 1921 2519 Migne
1975 2461 2109 2501 rum
2143 2461 2186 2503 s,
2222 2440 2658 2518 Augustini
2692 2439 3030 2499 Paradisus
3058 2440 3225 2513 Anqu-

637 2528 909 2601 CXLVII,
946 2538 1069 2594 343
1095 2538 1312 2593 -442.
1360 2528 1525 2589 Vixit
1541 2529 1614 2589 ad
1637 2551 1688 2595 a.
1716 2541 1918 2596 1088:
1975 2533 2265 2591 ειίηἰαηαε
2295 2529 2578 2607 inscripta
2609 2532 2668 2588 et
2701 2528 2766 2588 in
2796 2529 2863 2591 ll.
2888 2529 3024 2590 VIII
3048 2527 3215 2591 divisa,

635 2619 849 2676 saltem
911 2618 983 2678 de
1043 2638 1111 2678 eo
1169 2619 1407 2677 videtur
1456 2619 1919 2698 intelligendum

1977 2640 2130 2697 quae
2155 2623 2354 2680 tamen
2375 2619 2640 2678 nondum
2662 2617 2912 2694 prodiit.
2944 2651 3025 2664 -
3051 2616 3123 2674 De
3144 2630 3213 2670 ec·

634 2707 798 2782 quod
830 2707 1165 2768 Bernoldus
1197 2707 1261 2766 in
1294 2726 1401 2767 suo
1433 2709 1707 2769 chronico
1736 2711 1923 2769 refert
1974 2711 2307 2770 clesiasticis
2319 2710 2697 2767 sacramentis
2717 2726 2824 2766 seu
2842 2709 2919 2767 de
2936 2720 3216 2767 sacramen·

635 2797 712 2855 ad
745 2797 802 2858 h.
833 2818 916 2861 a.:
952 2797 1355 2868 ,Bartholdus
1388 2798 1593 2857 doctor
1623 2799 1918 2876 egregius,

1976 2799 2053 2857 tis
2085 2798 2397 2868 Ecclesiae,
2444 2797 2602 2873 apud
2637 2798 2693 2855 Μ
2708 2815 2751 2854 u
2766 2816 2798 2853 ι·
2812 2816 2849 2855 a
2864 2800 2895 2855 t
2908 2816 2942 2856 o
2958 2796 3020 2856 ri
3049 2792 3217 2865 Antiq.

638 2887 703 2944 in
749 2887 928 2945 sacris
973 2886 1166 2946 literis
1204 2887 1469 2963 apprime
1514 2887 1809 2958 eruditus,
1856 2889 1921 2947 in
1975 2889 2100 2947 ital.
2132 2888 2273 2946 diss.
2307 2886 2593 2957 XXXVII,
2640 2885 2765 2944 scil.
2796 2884 2909 2957 111,
2958 2889 3219 2949 599-606,

638 2980 946 3035 senectute
993 2976 1144 3035 bona
1189 2976 1406 3051 plenus
1439 2975 1670 3036 dierum
1704 2977 1920 3055 migra-

636 3065 725 3123 vit
745 3065 817 3124 acl
829 3065 1145 3125 Dominum
1160 3076 1215 3127 4.
1231 3064 1315 3123 Id.
1332 3066 1501 3128 Mart.
1519 3066 1573 3142 (1
1592 3075 1625 3128 2
1636 3111 1648 3124 .
1661 3062 1875 3148 Mart).
1893 3074 1921 3103 ‘

1977 2996 2093 3054 quo
2126 2977 2189 3035 in
2233 2977 2273 3038 l.
2305 2976 2567 3053 genesim
2600 2974 2774 3050 quasi
2806 2973 3085 3034 describit
3110 2969 3220 3028 mis-

1976 3085 2072 3126 sae
2119 3066 2311 3141 deque
2357 3065 2477 3124 sale
2521 3063 2831 3123 benedicto
2868 3068 3046 3139 atque
3073 3056 3221 3118 sacris

1978 3156 2123 3214 oleis
2144 3149 2465 3235 disserit2).
2499 3187 2585 3196 —-
2618 3153 2933 3212 Decretum
2963 3152 3082 3211 sive
3109 3165 3221 3224 syn·

1980 3247 2181 3322 tagma
2222 3244 2594 3320 decretorum
2629 3242 3145 3301 ecclesiasticorum
3169 3252 3222 3293 er

735 3333 1067 3397 582,Alius
1084 3333 1596 3409 historiographus
1617 3334 1668 3396 S.
1696 3335 1744 3392 B
1767 3332 1921 3392 oni·
1977 3351 2022 3396 s.
2071 3334 2377 3409 Scriptura
2405 3331 2796 3407 probatisque
2839 3329 3099 3390 conciliis
3136 3328 3222 3383 eto.

631 3442 715 3482 zo
765 3417 1082 3503 (BonitiuS,
1134 3422 1391 3482 Bonitho
1443 3419 1578 3501 etc.)
1631 3423 1693 3481 in
1750 3422 1924 3480 Italia
1977 3422 2292 3481 collectum
2315 3426 2376 3480 et
2397 3420 2722 3480 secundum
2741 3420 2902 3479 locos
2923 3428 3222 3478 communes

637 3517 881 3570 strenue
913 3511 1081 3569 stetit
1100 3529 1208 3586 pro
1230 3510 1511 3588 Gregorio
1533 3511 1675 3583 V11.‚
1712 3511 1785 3570 de
1818 3529 1920 3570 cu·
1979 3511 2042 3569 in
2074 3510 2137 3569 ll.
2160 3511 2208 3569 X
2232 3510 2641 3579 distributum,
2675 3509 2800 3568 scil.
2843 3520 2896 3572 1.
2930 3508 3000 3566 de
3031 3502 3220 3580 baptis·

632 3602 733 3676 jus
763 3601 905 3670 vita,
944 3599 1123 3658 rebus
1155 3600 1341 3676 gestis
1373 3605 1435 3658 et
1466 3601 1706 3676 scriptis
1737 3600 1921 3659 facem
1979 3619 2106 3670 m03
2144 3609 2198 3662 2.
2232 3600 2304 3658 de
2336 3598 2663 3675 episcopis;
2700 3608 2755 3661 3.
2775 3597 2850 3657 de
2869 3589 3218 3657 ordinationi·

636 3689 919 3747 omnibus
971 3688 1230 3765 praefert
1279 3690 1715 3748 Bernoldus
1782 3709 1917 3748 con·
1977 3692 2120 3759 bus;
2172 3699 2228 3751 4.
2268 3688 2341 3747 de
2374 3687 2723 3747 excellentia
2752 3703 3026 3745 romanae
3056 3681 3221 3742 Eccle-

634 3777 1005 3836 stantiensis.
1066 3778 1268 3837 Patria
1300 3778 1538 3837 videtur
1569 3778 1755 3837 fuisse
1788 3779 1919 3836 Pla·
1978 3779 2130 3848 siae;
2184 3788 2238 3840 5.
2285 3778 2357 3835 de
2403 3777 2650 3835 secundi
2680 3775 2907 3836 ordinis
2939 3768 3220 3833 sacerdoti·

634 3868 914 3926 centinus
960 3868 1055 3925 vel
1091 3867 1268 3943 juxta
1312 3867 1457 3926 alios
1491 3866 1918 3936 Cremonensis,
1976 3868 2121 3937 bus;
2159 3877 2215 3928 6.
2248 3866 2320 3925 de
2351 3865 2682 3934 monachis3
2735 3875 2789 3928 7.
2822 3864 2895 3923 de
2926 3861 3150 3939 regibus
3173 3859 3220 3914 et

634 3957 966 4015 clericalem
1016 3958 1204 4015 vitam
1256 3956 1558 4030 amplexus
1609 3956 1921 4031 factusque
1968 3955 2274 4032 judicibus
2306 3958 2368 4014 et
2399 3955 2470 4013 de
2492 3955 2601 4025 his,
2635 3953 2821 4030 quiin
2842 3952 3028 4012 laicali
3047 3947 3219 4008 ordine

632 4051 732 4104 est
763 4066 813 4103 a.
855 4055 1016 4108 1075
1067 4043 1262 4122 (juxta
1294 4043 1512 4102 Gams
1554 4041 1747 4125 1078)
1795 4045 1920 4120 epi·
1976 4041 3218 4112 insublimitatibussuntconstituti;8.qu⁰·

639 4153 853 4210 scopus
901 4134 1233 4193 sutriensis
1296 4132 1403 4190 Vir
1447 4138 1573 4191 erat
1618 4151 1738 4191 non
1785 4153 1919 4209 per-

638 4223 932 4283 functorie
966 4223 1259 4291 eruditus,
1308 4221 1463 4280 vitae
1510 4222 1688 4280 etiam
1729 4222 1919 4282 incul-

639 4317 809 4388 patae
858 4315 919 4371 et
960 4313 1195 4386 probae,
1247 4310 1351 4370 sed
1404 4311 1546 4386 quia
1590 4311 1814 4370 fervide
1859 4314 1921 4370 et

635 4402 914 4460 ardenter
934 4399 1351 4477 propugnabat
1370 4400 1664 4476 pontificis
1686 4418 1920 4459 causam

637 4494 702 4548 et
746 4491 995 4559 decreta,
1044 4490 1264 4548 multas
1305 4489 1562 4548 incurrit
1591 4508 1920 4548 aerumnas,

639 4579 733 4637 Ab
769 4579 1019 4637 Henrico
1045 4578 1140 4642 IV.
1175 4581 1385 4654 captus
1417 4583 1510 4637 est
1543 4573 1790 4658 (1082),
1824 4599 1922 4638 ex·
1976 4630 2083 4680 48⁴3
2109 4626 2196 4679 etc

640 4667 841 4726 silium
876 4687 1102 4742 passus,
1136 4668 1273 4726 hinc
1294 4667 1547 4726 subinde
1578 4668 1734 4744 apud
1769 4669 1921 4726 cele·
2051 4700 2092 4767 a)
2122 4695 2204 4749 Cf,
2235 4694 2466 4747 pranz
2512 4693 2604 4748 die
2632 4692 2811 4747 Messe
2835 4691 2913 4745 im
2939 4681 3209 4742 deutschen

640 4755 806 4812 brem
842 4756 1185 4813 Matbildem
1218 4757 1575 4815 comitissam
1622 4755 1920 4833 refugium
1980 4765 2104 4819 MA.
2133 4786 2186 4837 p.
2215 4774 2318 4821 445
2347 4783 2389 4819 s.

2062 4271 2097 4339 ¹)
2126 4266 2210 4321 Cf.
2262 4269 2486 4338 praeter
2530 4265 2792 4320 Oefele
2836 4267 2870 4320 1.
2915 4262 3006 4316 eit.
3057 4259 3215 4312 Pott»

1976 4339 2150 4391 hast
2173 4357 2228 4408 p.
2263 4343 2391 4398 166;
2441 4335 2701 4392 Daller
2739 4336 2850 4390 KL.
2878 4336 2946 4396 ΙΙ,
2992 4334 3112 4388 1087
3134 4343 3216 4380 88ιὶ

1977 4409 2115 4463 Mir
2137 4410 2214 4463 bt
2263 4410 2524 4462 Realenc.
2574 4408 2670 4470 ΙΙΙ,
2721 4410 3028 4464 311-313:
3075 4398 3214 4453 Mar·

1976 4484 2001 4534 t
2017 4498 2046 4535 e
2064 4500 2100 4534 n
2118 4499 2143 4533 s
2170 4480 2355 4534 Ueber
2383 4480 2476 4534 die
2497 4478 2948 4534 Geschichtschr.
2974 4469 3214 4527 Bonithos

1978 4570 2090 4608 von
2118 4552 2273 4605 Sutri
2316 4552 2376 4606 in
2415 4552 2587 4606 theol.
2615 4550 2857 4617 Qtlschr.
2899 4551 3043 4608 1868,
3068 4543 3211 4598 457-
