3505 5161
1446 205 1478 257 J
1484 223 1533 259 ο.
1561 205 1764 261 Scotus
1794 206 2061 277 Erigena.

446 222 565 279 793
2935 227 3062 281 794

438 390 688 449 Demum
719 389 873 450 illud
905 391 1091 450 edidit
1123 391 1375 451 Thomas
1409 392 1593 451 Gale
1610 412 1652 450 u
1670 410 1716 462 s,
1776 393 1944 469 ejus‘,
1991 396 2053 452 et
2095 392 2202 452 Ad
2219 412 2346 453 rev
2363 392 2483 453 ald
2501 414 2542 453 u
2559 413 2587 452 s
2620 412 2797 453 suum
2827 396 2896 454 de
2926 412 3057 455 cor·

438 477 646 541 Oxonii
705 492 726 543 1
747 489 865 547 681
891 501 906 550 3
958 481 996 540 S
1012 499 1043 538 c
1057 481 1097 538 h
1114 482 1132 538 l
1150 486 1191 538 ii
1208 488 1233 538 t
1248 500 1280 539 e
1295 500 1328 545 r
1374 482 1719 540 Monasterii
1767 499 1915 555 pore
1939 490 1990 540 et
2009 485 2289 560 sanquine
2310 483 2547 541 Domini
2577 484 2613 544 l.
2647 485 2884 559 scripsit
2903 502 3059 555 ,con-

444 580 469 631 l
486 577 611 632 838
632 590 647 638 3
693 568 832 628 hinc
875 570 1091 628 iterum
1125 588 1261 628 cum
1294 571 1616 645 appendice
1648 590 1717 630 ex
1776 579 1870 629 tra
1901 572 2157 647 ineptias
2175 572 2269 631 Jo.
2291 571 2498 642 Scoti·;
2529 574 2576 631 B
2595 590 2626 630 e
2643 592 2673 630 r
2688 591 2718 632 e
2734 593 2773 631 n
2791 592 2832 650 g
2847 593 2925 632 ar
2940 574 2959 632 i
2974 594 3016 633 u
3031 592 3060 631 s

436 657 737 734 ambiguis
781 676 826 719 s.
859 658 1095 717 Maximi
1141 659 1510 735 prohibitum
1553 663 1615 719 et
1659 661 1719 719 in

436 748 500 807 ll.
533 748 973 821 prohibitorum
1006 747 1262 808 indicem
1294 748 1415 807 fuit
1444 748 1719 813 relatum.

436 835 512 899 Et
543 853 685 895 sane
717 837 783 895 in
822 854 891 895 eo
931 838 1138 895 tuetur
1170 838 1542 913 apertissime
1573 859 1718 914 pan-

435 924 778 996 theismum,
812 926 986 985 illum
1020 926 1309 999 videlicet,
1354 946 1529 1001 quem
1562 947 1717 986 ema-

435 1015 710 1073 nativum
741 1019 971 1084 vocant,
1004 1026 1067 1073 et
1099 1016 1302 1090 plures
1335 1016 1719 1092 gravissimas

436 1103 740 1163 doctrinae
772 1104 1125 1163 christianae
1157 1104 1439 1164 veritates
1472 1107 1542 1163 ad
1576 1125 1720 1182 pan·

434 1193 677 1252 theismi
720 1193 902 1252 istius
955 1192 1191 1252 decreta
1238 1193 1569 1257 miserrime
1617 1195 1718 1254 de-

432 1284 659 1357 pravat.

527 1468 670 1524 433.
693 1460 830 1519 Alia
848 1460 1115 1536 ejusdem
1137 1479 1315 1536 opera
1338 1466 1514 1524 sunt:
1547 1463 1718 1521 Hom.

435 1552 497 1608 in
519 1551 825 1626 proloqum
846 1567 896 1616 8,
919 1550 1021 1615 Ev.
1047 1550 1371 1609 secuudum
1395 1552 1686 1615 Joannem
1706 1574 1719 1622 3

435 1639 843 1701 commentarii
866 1641 929 1698 in
947 1639 1053 1699 Eu.
1075 1641 1389 1699 secundum
1406 1641 1715 1717 Joannem,

438 1747 693 1803 quorum
725 1728 1058 1805 fragmenta
1097 1731 1336 1791 tantum
1377 1735 1717 1805 supersunt.

435 1818 525 1875 De
544 1819 1073 1891 praedestinatione
1104 1819 1161 1887 l.,
1210 1820 1384 1893 cujus
1434 1820 1573 1878 haec
1618 1839 1717 1882 cx—

434 1906 597 1965 stitit
627 1908 870 1966 occasio,
926 1908 1322 1968 Damnaverat
1354 1908 1444 1967 Hi
1465 1927 1623 1968 ncm
1642 1908 1716 1968 a'-

432 2015 518 2055 ru
536 2015 565 2055 s
597 1996 1074 2055 Gotteschalcum
1117 2003 1189 2054 ut
1218 1997 1713 2072 praedestinatia-

432 2104 594 2144 num.
646 2085 800 2143 Hinc
830 2085 1034 2161 plures
1066 2086 1516 2146 arbitrabantur
1545 2107 1715 2163 prae-

434 2175 625 2235 sulem
657 2174 829 2233 illum
862 2174 923 2232 in
958 2174 1363 2236 Gotteschalco
1394 2177 1637 2252 petiisse
1669 2195 1717 2241 s.

432 2264 860 2341 Augustinum.
910 2265 1120 2340 Itaque
1151 2265 1372 2324 acriter
1401 2284 1537 2324 eum
1572 2270 1718 2325 sunt

435 2353 703 2430 aggressi
750 2354 1001 2428 ejusque
1062 2354 1319 2413 amicum
1369 2355 1713 2426 Pardulum,

434 2460 523 2517 ep.
555 2443 1008 2519 lugdunensem,
1056 2443 1162 2517 qui
1207 2444 1262 2501 ei
1306 2444 1369 2502 in
1401 2444 1510 2513 hac
1541 2462 1714 2504 causa

434 2530 833 2591 fidelissimam
855 2533 1236 2608 praestiterat
1255 2550 1515 2609 operam:
1537 2538 1715 2609 atque

433 2621 504 2679 ad
525 2621 741 2680 incitas
760 2622 882 2680 fere
900 2622 1280 2698 redegerunt.
1320 2621 1511 2690 Quare
1532 2624 1711 2686 Hinc-

431 2729 630 2769 marus
676 2715 915 2786 praeter
961 2711 1109 2770 alios
1154 2715 1215 2769 et
1263 2710 1553 2770 Joannem
1604 2730 1709 2771 no·

432 2802 624 2857 strum
659 2799 1015 2859 sollicitatus
1048 2803 1156 2869 est,
1204 2805 1277 2858 ut
1322 2801 1384 2858 in
1422 2801 1707 2859 auxilium

1779 679 2016 736 quoque
2061 679 2175 719 sec.
2220 661 2286 720 X.
2337 661 2409 720 ad
2460 680 2596 721 eum
2645 666 2946 738 provocat,
2999 667 3063 722 et

1779 759 1984 824 postea
2003 750 2280 825 pluribus
2311 750 2374 808 in
2407 750 2648 826 synodis
2680 751 2810 826 ejus
2843 751 2882 809 l.
2916 770 3058 811 con-

1779 838 1992 897 scissus
2025 845 2206 914 atque
2237 840 2364 917 igni
2397 840 2515 898 fuit
2544 840 2821 899 traditus.
2883 841 3060 902 Hisce

1778 945 1901 986 non
1932 928 2310 988 obstantibus
2339 929 2578 988 videtur
2608 928 2880 998 dubium,
2915 949 3058 1001 num

1778 1016 1872 1077 J0.
1906 1017 2116 1076 Scotus
2148 1018 2287 1077 data
2315 1037 2494 1093 opera
2528 1019 2562 1081 l.
2597 1017 2670 1075 de
2701 1019 3063 1079 eucharistia

1780 1106 2113 1181 scripserit:
2165 1126 2315 1182 quae
2347 1125 2487 1166 vero
2520 1107 2576 1177 ei
2607 1108 3058 1183 exprobrantur,

1780 1195 2067 1271 leguntur
2095 1196 2160 1253 in
2192 1196 2230 1260 l.
2262 1197 2660 1256 Batramni
2707 1196 2779 1255 de
2827 1197 2934 1256 hoc
2965 1217 3056 1256 ar-

1780 1288 2081 1361 gumento,
2127 1285 2233 1360 qui
2278 1286 2331 1345 ei
2372 1305 2443 1345 ex
2472 1303 2670 1345 errore
2702 1287 2795 1345 vel
2828 1288 3056 1362 conjec-

1778 1377 1916 1432 tura
1958 1373 2342 1433 tribuebatur
2357 1371 2419 1454 ¹).
2482 1375 2755 1434 Ceterum
2804 1375 2856 1432 si
2899 1381 3056 1434 cata·-

1779 1462 1930 1539 logis
1964 1465 2233 1522 veterum
2266 1463 2338 1535 de
2379 1464 2441 1521 11.
2474 1463 2568 1526 J0.
2602 1464 2755 1522 Scoti
2792 1463 2935 1523 fides
2967 1468 3062 1523 est

1779 1551 2062 1623 habenda,
2111 1552 2369 1628 plurima
2405 1552 2672 1628 ejusdem
2706 1552 2924 1628 scripta
2955 1553 3054 1612 de·

1777 1640 2129 1709 siderentur,
2163 1645 2269 1725 aut
2287 1640 2598 1717 deperdita
2616 1644 2723 1699 aut
2748 1641 2810 1700 in
2842 1642 3056 1700 biblio·

1776 1729 1964 1789 thecis
1996 1729 2435 1790 delitescentia:
2482 1730 2636 1789 forte
2676 1730 2736 1788 in
2771 1731 2932 1789 hisce
2963 1750 3057 1790 er·

1775 1837 1952 1878 ronea
1970 1820 2172 1895 aliqua
2191 1821 2284 1879 vel
2305 1820 2586 1896 ambigua
2605 1819 2676 1878 de
2697 1820 3056 1878 eucharistia

1772 1907 2154 1985 legabuntur:
2201 1912 2265 1988 et
2309 1927 2459 1985 quae
2506 1908 2801 1968 habentur
2846 1909 2908 1966 in
2940 1909 3055 1967 Ex-

1775 1998 1953 2072 posit.
1985 2016 2167 2073 super
2200 1998 2343 2057 hier.
2376 1999 2518 2057 coel.
2566 2016 2691 2072 cap.
2734 2009 2754 2060 1
2800 1995 2832 2064 ἓ
2869 2007 2904 2060 3
2942 1998 3053 2075 (ed.

1774 2087 1905 2145 Flo
1921 2106 1948 2146 s
1967 2105 1994 2145 s
2020 2106 2075 2161 p.
2106 2088 2251 2167 140)
2273 2088 2552 2146 sinistrae
2572 2087 3053 2162 interpretationi

1775 2181 2050 2250 poterant
2066 2175 2203 2234 dare
2220 2176 2601 2236 occasionem.
2635 2175 2882 2252 Scripta,
2901 2195 3054 2251 quae

1773 2268 2116 2341 supersunt,
2182 2266 2423 2342 collegit
2485 2264 2793 2340 ediditque
2841 2265 3054 2323 Floss

1772 2355 1836 2412 in
1867 2354 2118 2431 Migne
2149 2356 2212 2415 P.
2243 2354 2307 2417 L.
2341 2353 2560 2417 CXXII.

1863 2542 2009 2596 434.
2055 2532 2221 2601 Inter
2263 2532 2589 2609 theologos,
2623 2531 2729 2607 qui
2780 2532 2940 2591 hisce
2987 2532 3050 2591 in

1769 2623 2189 2682 controversiis
2213 2623 2589 2681 emicuerunt
2619 2622 2873 2695 aliisque
2905 2623 3048 2688 scri-

1768 2711 1889 2786 ptis
1935 2713 2086 2769 hunc
2123 2712 2508 2769 illustrarunt
2552 2709 2876 2785 periodum,
2924 2709 3047 2768 exi-

1768 2799 1958 2858 mium
1989 2801 2164 2875 plane
2194 2801 2441 2861 virtutis
2479 2801 2653 2874 juxta
2698 2803 2878 2872 atque
2910 2799 3045 2856 doc-

430 2887 677 2947 veniret.
727 2888 1073 2964 Composuit
1092 2889 1283 2966 igitur
1312 2890 1521 2948 Scotus
1552 2888 1713 2950 hunc
1768 2890 1961 2947 trinae
1992 2890 2327 2964 exemplum
2366 2888 2662 2946 cernimus
2711 2888 2773 2945 in
2819 2888 2876 2949 b.
2908 2887 3046 2945 Ba-

430 2977 468 3042 l.
518 2995 692 3036 suum
746 2981 926 3051 atque
973 2977 1299 3037 dialecticis
1347 2978 1710 3054 philosophi·
1768 2978 1960 3037 bano
2002 2979 2222 3048 Mauro,
2271 2977 2557 3052 scriptore
2606 2977 2785 3051 hujus
2832 2977 3049 3035 aetatis

429 3066 633 3141 cisque
682 3067 809 3125 suis
854 3069 1224 3144 argumentis
1270 3067 1514 3125 arduam
1560 3068 1709 3126 hanc
1765 3066 1915 3125 forte
1976 3067 2243 3127 omnium
2307 3065 2794 3125 laboriosissimo.
2880 3064 3045 3133 Quod

429 3155 831 3230 quaestionem
863 3156 1250 3232 theologicam
1283 3156 1453 3214 nisus
1485 3158 1578 3214 est
1608 3175 1705 3214 ex·
1764 3157 2054 3215 Alc-uinus
2103 3158 2232 3214 erat
2279 3174 2386 3230 pro
2435 3155 2792 3213 Francorum
2843 3172 3045 3228 regn0,

427 3244 650 3319 pedire,
682 3244 784 3303 sed
805 3244 1211 3306 infelicissimo
1230 3262 1534 3304 successu:
1567 3262 1705 3303 nam
1761 3248 1888 3303 erat
1910 3245 2183 3303 Rabanus
2215 3263 2322 3320 pro
2349 3244 2676 3313 Germania,
2709 3242 2849 3301 hinc
2880 3243 3040 3301 salu-

428 3334 796 3411 gravissimis
855 3334 1213 3409 invictisque
1288 3333 1469 3392 armis
1531 3334 1703 3393 illum
1759 3337 1926 3392 tatur
1972 3334 2335 3404 ,Germaniae
2381 3335 2764 3408 praeceptor‘.
2823 3331 2967 3390 Erat
2994 3333 3048 3391 is

427 3428 569 3482 suut
599 3423 868 3500 aggressi
919 3422 1440 3493 Prudentius,
1493 3425 1597 3500 qui
1647 3424 1702 3482 ei
1759 3441 1827 3480 ex
1874 3423 2101 3481 illustri
2143 3422 2418 3498 prosapia
2446 3422 2791 3498 Moguntiae
2830 3422 3040 3479 oriun-

432 3521 507 3575 77
541 3530 770 3571 errores
789 3512 1118 3587 exprobrat,
1152 3515 1214 3570 et
1242 3512 1550 3582 FloruS‚
1584 3513 1703 3571 imo
1759 3511 1872 3570 dus
1905 3530 1959 3574 n.
1994 3530 2040 3575 c.
2079 3522 2219 3575 786.
2284 3511 2639 3586 Appellatus
2677 3514 2772 3569 est
2802 3512 2864 3569 in
2897 3509 3040 3585 bap-

425 3600 579 3660 duae
627 3601 841 3677 synodi
894 3601 1311 3662 valentina
1362 3622 1410 3665 a.
1466 3611 1589 3665 855
1642 3607 1702 3659 et
1758 3602 1937 3659 tismo
2015 3600 2290 3660 Rabanus
2354 3594 2751 3681 (Hrabanus),
2829 3618 3044 3658 nomen

426 3689 967 3767 lingoniensis
1014 3690 1203 3766 ipsius
1236 3690 1273 3754 l.
1320 3694 1381 3749 et
1425 3691 1699 3766 capitula,
1761 3690 2003 3748 Mauri
2036 3690 2089 3747 ei
2112 3689 2319 3748 datum
2339 3692 2434 3747 est
2452 3690 2525 3748 ab
2546 3690 2817 3752 Alcuino.
2853 3689 2961 3746 Ma
2975 3709 3042 3764 g-

426 3779 645 3854 quibus
659 3782 1055 3837 commentum
1073 3778 1295 3838 diaboli
1312 3780 1509 3854 potius
1525 3798 1700 3853 quam
1759 3796 1797 3835 n
1814 3797 1845 3836 e
1860 3797 1901 3836 n
1917 3780 2038 3836 tiu
2054 3797 2082 3836 s
2102 3773 2493 3860 (Magnetius)
2515 3797 2729 3837 nomen
2753 3780 2882 3837 erat
2899 3797 3045 3852 gen-

424 3871 840 3943 argumentum
868 3867 1108 3942 aliquod
1141 3868 1276 3926 fidei
1309 3868 1699 3938 contineatur,
1759 3867 2008 3926 tilitium
2045 3865 2241 3946 (juxta
2270 3867 2419 3927 alios
2451 3869 2611 3926 idem
2641 3887 2707 3926 ac
2739 3867 3041 3942 Mogunti-

423 3956 903 4031 proscripserunt
916 3958 978 4028 ¹).
1000 3957 1324 4015 —Ferunt
1353 3975 1489 4014 eum
1521 3957 1701 4014 etiam
1741 3993 2080 4038 *mmmm-m„

423 4045 725 4122 scripsisse
756 4046 1212 4104 deeucharistia.
1261 4045 1339 4103 Et
1358 4063 1499 4105 sane
1520 4046 1699 4104 Hinc·
1839 4058 1874 4124 ¹)
1897 4054 1979 4108 Cf.
2021 4055 2190 4108 Flos
2209 4073 2233 4107 s
2272 4056 2335 4107 in
2376 4055 2554 4124 praef.
2592 4053 2749 4124 apud
2791 4053 3043 4120 Migne

423 4153 622 4193 murus
662 4153 801 4204 Qum
831 4135 979 4192 satis
1012 4137 1217 4210 aperte
1246 4134 1598 4211 perstringit
1630 4135 1702 4192 de
1759 4126 1959 4181 CXXII
1999 4143 2132 4197 pag.
2171 4126 2272 4180 XX
2301 4144 2401 4181 ss.:
2453 4125 2681 4206 Iraufs
2723 4124 2906 4177 Ueber
2948 4123 3041 4178 die

421 4224 615 4298 praed·
651 4242 698 4281 0·
732 4235 831 4292 31,
868 4223 1027 4297 quod
1051 4226 1226 4299 juxta
1256 4224 1454 4300 ipsum
1487 4241 1695 4293 ἐκώ,
1760 4199 2016 4252 verloren
2032 4197 2334 4286 gehaltene
2351 4196 2565 4251 Schrift
2579 4195 2676 4280 des
2691 4195 2723 4247 J
2730 4196 2821 4277 oh.
2842 4196 3042 4248 Scotus

1761 4287 1870 4322 von
1917 4269 2016 4321 der
2061 4270 2236 4323 buch.
2277 4285 2343 4323 in
2394 4267 2571 4320 Theol
2637 4267 2878 4320 Studien
2920 4266 3040 4320 und

423 4321 689 4371 mentum
723 4312 928 4371 altaris
960 4331 1079 4371 non
1126 4331 1329 4372 Verum
1378 4331 1594 4389 corpus
1641 4325 1701 4371 et
1757 4340 2024 4394 Kritiken
2058 4346 2195 4396 1828
2226 4342 2262 4403 1,
2304 4344 2407 4396 755
2435 4356 2504 4392 ss,
2557 4338 2939 4390 Literaturani
2969 4337 3039 4391 de

422 4419 599 4460 verus
631 4403 715 4461 sit
746 4403 992 4478 sanguis
1025 4401 1277 4471 Domini,
1330 4402 1431 4461 sed
1463 4406 1699 4460 tantum
1757 4428 1823 4465 eo
1850 4414 1921 4466 cf.
1947 4412 2105 4480 apud
2124 4412 2212 4464 Fr.
2244 4411 2287 4464 U
2307 4413 2591 4464 eberwe
2608 4429 2645 4478 g
2673 4408 3040 4470 Grundr.,der

422 4491 704 4549 memoria
751 4492 879 4549 veri
942 4490 1202 4590 corporis
1264 4493 1325 4549 et
1386 4491 1697 4567 sanguinis
1756 4484 1957 4608 gesstgh·
1986 4483 2086 4608 ‘tier
2115 4484 2276 4567 Phil„
2323 4481 2517 4606 Βίθζὲὲῠ
2531 4482 2937 4606 ἐξῗξᾶξξεὶὶὲῗὲ
2966 4498 3037 4603 Z}-

1757 4573 1874 4681 Ἂῗθ
1893 4572 2302 4680 τοέιῖζῃέὶὲἲιίιιῗ
2328 4572 2384 4696 ἕ.
2415 4632 2515 4681 182
2542 4641 2642 4683 ss.;
2688 4624 2837 4677 circa
2880 4591 3042 4692 prae-'2

1752 4698 2196 4753 destinationem
2237 4700 2315 4752 ib.
2341 4718 2396 4769 p.
2430 4703 2530 4752 186
2557 4712 2625 4749 ss,
2668 4698 2727 4748 et
2765 4694 2948 4748 fusius
2974 4693 3036 4750 in

1754 4769 1952 4831 Gesch.
1979 4770 2079 4822 der
2103 4787 2195 4839 ap.
2225 4790 2278 4823 u.
2308 4769 2544 4840 pol.Lit.
2573 4767 2637 4830 Π,
2667 4771 2963 4824 670—693.

422 4777 449 4833 ἓ
476 4696 646 4825 4290st
673 4697 725 4751 H
740 4713 770 4750 e
788 4698 815 4750 f
825 4713 855 4750 e
870 4698 890 4751 l
907 4713 936 4751 e
973 4696 1591 4767 Conciliengeschichte
1621 4698 1696 4754 lV
