3505 5161
514 222 642 275 919

1084 208 1419 258 951—1000.
1449 199 1864 271 Hagiographi.
1894 201 2122 255 Simeon
2149 200 2582 270 Metaphrastes,

3010 216 3141 269 920

512 412 550 449 a
595 391 796 449 studio
841 391 975 448 illas
1022 391 1094 447 ad
1139 389 1439 449 meliorem
1472 388 1794 447 reducendi
1851 389 1946 452 SS.
1979 391 2105 458 etc„
2137 388 2294 447 vitas
2327 407 2361 445 a
2389 386 2788 462 Metaphraste
2819 384 3144 445 adornatas

511 481 767 539 formam
783 478 1208 554 Metaphrastes
1223 480 1314 537 est
1328 478 1795 554 cognominatus,
1850 496 1958 554 pro
2008 478 2095 536 rei
2146 476 2593 553 opportunitate
2643 474 2881 533 divisim
2933 474 3141 532 edide-

514 570 787 645 Magnam
819 569 1032 627 samam
1051 568 1167 626 sibi
1182 568 1289 628 hoc
1303 586 1479 644 opere
1494 585 1796 643 compara-

514 659 634 717 vit:
656 658 955 716 innumeri
977 656 1101 715 fere
1121 657 1348 717 codices
1365 656 1615 715 confecti
1632 660 1793 725 sunt,

512 748 579 805 in
611 747 832 823 quibus
865 746 1022 805 vitae
1054 750 1393 805 sanctorum
1425 765 1495 804 ex
1539 745 1795 804 editione

512 836 644 911 ejus
679 836 1007 911 descriptae
1042 838 1185 893 sunt
1216 840 1276 893 et
1306 835 1533 910 ubique
1550 834 1797 892 fuerunt

513 928 890 1002 propagatae.
940 924 1159 983 Verum
1192 924 1433 999 quidem
1463 926 1552 982 est
1573 923 1793 981 Simeo-

515 1032 651 1073 nem
673 1013 928 1071 subinde
949 1031 1190 1084 errasse‚
1208 1013 1386 1071 nimis
1400 1013 1708 1072 credulum
1732 1031 1794 1071 se

515 1102 872 1176 exhibuisse,
901 1102 1102 1161 minus
1127 1101 1400 1161 criticum
1435 1102 1651 1160 fuisse:
1691 1100 1790 1159 sed

517 1192 695 1267 plane
725 1191 940 1266 injusti
972 1193 1115 1248 sunt
1134 1192 1517 1266 defectusque
1546 1209 1794 1266 exagge-

513 1281 667 1350 rant,
686 1279 1176 1355 quicontendant,
1209 1299 1343 1338 eum
1376 1280 1438 1337 in
1465 1278 1795 1338 vendendis

515 1368 734 1428 sabulis
750 1372 947 1427 totum
979 1387 1126 1437 esse,
1179 1373 1380 1428 vetera
1406 1371 1798 1428 monumenta

1850 568 2012 639 runt,
2047 565 2285 625 demum
2306 565 2596 641 plurimas
2619 564 2896 623 collectas
2927 580 3143 641 graece

1850 660 1912 716 et
1972 656 2157 715 latine
2217 655 2404 714 edidit
2457 653 2785 713 secundum
2838 652 3143 712 mensium

1851 746 2117 805 ordinem
2171 744 2490 820 dispositas
2540 743 2796 820 Migne
2858 742 2922 799 P.
2974 741 3040 802 G.
3096 745 3143 800 t.

1852 832 2309 894 CXIV—CXVI.
2398 832 2530 891 Vita
2579 851 2626 890 s.
2678 831 3018 890 Eusthathii
3079 833 3146 887 et

1852 924 2161 992 sociorum,
2185 941 2335 999 quae
2354 922 2505 981 forte
2524 921 2714 997 ipsius
2733 923 2842 990 est,
2873 920 3143 995 primum

1850 1013 2075 1089 prodiit
2104 1012 2168 1069 in
2200 1012 2370 1073 Anal.
2402 1011 2546 1071 boll.
2586 1018 2774 1074 1884.
2806 1009 2912 1081 ΙΙΙ,
2963 1018 3142 1072 65-

1860 1113 2000 1166 113.
2051 1102 2130 1160 Ut
2160 1118 2300 1159 vero
2335 1101 2490 1159 vitae
2523 1100 2817 1176 genuinae
2847 1117 2883 1156 a
2913 1117 3140 1173 suppo-

1852 1193 1985 1250 sitis
2018 1192 2418 1259 secernantur,
2467 1187 2820 1248 consulendi
2853 1190 3000 1245 sunt
3041 1188 3140 1244 in·-

1852 1282 2010 1339 dices
2044 1297 2192 1355 quos
2223 1278 2607 1338 confecerunt
2643 1276 2805 1336 hunc
2848 1276 2915 1333 in
2959 1276 3141 1333 finem

1850 1371 1965 1429 Leo
1997 1368 2357 1427 Allatius
2401 1368 2465 1426 in
2498 1385 2607 1426 sua
2637 1364 2979 1424 doctissima
3009 1362 3142 1421 dia-

514 1458 850 1534 corrupisse
884 1458 1305 1534 mendaciaque
1342 1457 1622 1516 historica
1655 1476 1794 1516 con·
1849 1459 2007 1518 triba
2038 1458 2111 1516 de
2141 1457 2374 1532 scriptis
2395 1455 2686 1515 Simeonis
2707 1454 3141 1529 Metaphrastae

513 1547 760 1624 gessisse
793 1548 1141 1623 nullamque
1160 1566 1383 1606 merere
1413 1541 1650 1628 fidem1)
1686 1549 1794 1610 etc.

514 1637 727 1712 Magna
747 1639 890 1695 sunt
900 1636 1157 1695 auctoris
1166 1636 1357 1695 nostri
1373 1636 1446 1695 de
1460 1636 1797 1714 hagiologio

518 1725 745 1796 merita,
764 1745 899 1783 nam
929 1726 1058 1802 ejus
1088 1724 1797 1803 diligentiamonumenta

514 1815 706 1872 multa
724 1817 926 1873 vetera
943 1814 1117 1874 nobis
1136 1818 1367 1874 servata
1388 1818 1559 1884 sunt;
1593 1833 1625 1872 e
1653 1814 1795 1873 vitis

518 1906 860 1962 sanctorum
920 1904 1245 1961 oscitanter
1305 1904 1543 1978 scriptis
1606 1903 1799 1961 multa

514 1992 800 2050 miracula
842 1992 958 2049 fide
1002 1992 1263 2069 indigna,
1317 1992 1795 2051 narratiunculas

514 2080 918 2152 futilissimas‚
949 2080 1221 2158 prodigia
1240 2083 1516 2156 suspecta
1533 2084 1641 2138 aut
1662 2080 1798 2139 ficta

513 2170 785 2240 resecuit,
834 2169 1120 2243 quaedam
1165 2171 1227 2228 in
1259 2169 1672 2246 compendium
1702 2188 1794 2228 re-

514 2258 682 2335 degit
726 2261 788 2316 et
831 2258 1032 2333 plures
1080 2258 1337 2336 digniori
1372 2260 1560 2317 forma
1590 2258 1796 2317 edidit.

515 2347 740 2405 Verum
769 2347 1011 2422 quidem
1042 2351 1150 2418 est,
1189 2351 1260 2406 ut
1289 2349 1458 2406 notat
1488 2348 1795 2405 Bellar·

515 2436 772 2493 minus
819 2436 891 2494 de
936 2439 1137 2512 script.
1183 2438 1319 2495 eccl.
1367 2437 1481 2495 sub
1526 2438 1656 2511 ejus
1690 2454 1795 2495 no-

1852 1544 2038 1630 (apud
2078 1547 2279 1624 Migne
2311 1545 2501 1615 CXIV,
2556 1538 2920 1623 19—158);
2964 1542 3141 1606 Mart..

1852 1639 1904 1696 H
1922 1636 2247 1696 anckius
2316 1635 2387 1693 de
2449 1635 2680 1711 byzant.
2741 1650 2858 1694 rer.
2915 1631 3140 1706 script„

1852 1726 2081 1802 Lipsiae
2137 1734 2324 1794 1677,
2389 1723 2466 1785 ib.
2532 1743 2588 1799 p.
2642 1728 3012 1791 293-300‚
3076 1723 3142 1777 et

1852 1815 1994 1879 Dan.
2028 1816 2100 1874 de
2129 1814 2186 1872 N
2203 1833 2234 1872 e
2250 1832 2276 1870 s
2291 1832 2318 1870 s
2334 1813 2404 1870 el
2435 1812 2500 1870 in
2518 1811 2696 1870 catal.
2726 1809 2871 1872 bibl.
2896 1808 3139 1869 vindob.

1851 1923 1989 1969 msc.
2021 1921 2211 1979 graec.
2243 1903 2304 1960 in
2335 1900 2375 1964 f.
2415 1912 2467 1971 1,
2523 1910 2665 1971 109,
2711 1899 2792 1960 ib.
2824 1918 2882 1975 p.
2919 1907 3139 1961 299——

1856 2004 2001 2057 304.
2068 1989 2420 2050 Praesertim
2453 2008 2590 2049 vero
2620 1989 2969 2047 consulatur
2999 1986 3140 2047 diss.

1851 2103 2027 2159 sagax
2086 2086 2147 2141 et
2210 2080 2446 2139 erudita
2495 2081 2734 2138 auctore
2783 2077 2831 2135 E
2848 2075 3140 2135 hrhard

1854 2173 1960 2230 Die
1997 2168 2655 2248 Legendensammlung
2697 2166 2802 2225 des
2847 2166 2904 2225 S.
2950 2166 3138 2224 Meta-

1851 2261 2120 2337 phrastes
2163 2259 2290 2317 und
2336 2259 2432 2316 ihr
2483 2255 2979 2333 urspriinglicher
3020 2254 3138 2311 Be·

1851 2350 2026 2409 stand
2085 2349 2149 2408 in
2200 2345 2547 2405 Festschrift
2606 2364 2741 2404 zum
2797 2355 2824 2408 1
2845 2355 2964 2407 100
2980 2342 3136 2419 jahs.

1853 2440 1892 2497 J
1895 2439 2167 2498 ubilaum
2182 2437 2285 2495 des
2305 2435 2629 2495 deutschen
2642 2433 2857 2508 Campo
2875 2436 3048 2491 santo
3070 2432 3139 2489 in

516 2525 696 2597 mine,
730 2544 865 2584 eum
899 2526 1089 2584 multa
1119 2526 1422 2586 addidisse
1454 2544 1523 2584 ex
1555 2524 1797 2602 proprio
1855 2526 2794 2602 Rom,Freiburg1897P.46-82
2814 2526 2876 2580 et
2893 2531 3014 2586 531
3038 2538 3138 2592 ss„

516 2615 712 2691 geni0,
760 2633 880 2673 non
926 2619 996 2674 ut
1031 2634 1124 2674 res
1157 2619 1357 2693 gestae
1389 2615 1644 2686 fuerant,
1693 2617 1796 2674 sed
1851 2619 1915 2676 in
1947 2637 2065 2693 qua
2096 2615 2376 2686 ostendit,
2424 2614 2599 2672 facile
2631 2631 2761 2672 esse
2793 2613 3139 2689 dignoscere

516 2708 587 2763 ut
618 2704 743 2780 geri
775 2708 1075 2779 poterant3
1116 2706 1378 2763 inserere
1409 2705 1707 2780 colloquia
1736 2707 1798 2763 et
1851 2709 2005 2766 vitas
2051 2703 2467 2780 Metaphrastis
2511 2721 2623 2778 ope
2669 2701 2958 2771 codicum,
3009 2700 3141 2759 edi-

515 2793 782 2869 dialogos
832 2798 1162 2868 martyrum
1213 2812 1350 2852 cum
1400 2794 1794 2869 persecutori·
1849 2798 2072 2856 tionem
2103 2795 2166 2853 in
2198 2794 2449 2870 Migne
2484 2793 2544 2855 P.
2567 2792 2630 2850 G.
2662 2790 2940 2866 pluribus
2966 2789 3142 2848 labo·

513 2882 648 2951 bus,
711 2882 1080 2941 adstantium
1129 2900 1494 2960 paganorum
1553 2900 1795 2941 conver·
1853 2905 1983 2945 rare
2033 2884 2381 2952 defectibus,
2446 2899 2582 2940 cum
2638 2884 2700 2940 et
2748 2880 2902 2938 vitas
2951 2880 3143 2938 Meta-

516 2971 713 3030 siones
745 2972 922 3029 miras
961 2975 1023 3030 et
1068 2971 1464 3040 incredibile8‚
1511 2971 1612 3031 sed
1658 2991 1795 3047 pro·
1851 2975 2113 3049 phrastis
2145 2973 2402 3032 ineditas
2435 2970 2690 3039 omittat,
2740 2987 2837 3028 eas
2879 2987 3004 3027 non
3033 2968 3142 3027 de-

514 3063 719 3136 pterea
762 3078 881 3118 non
927 3063 1022 3118 est
1066 3061 1268 3120 statim
1305 3061 1794 3130 contemnendus,
1852 3063 1979 3123 bito
2013 3063 2218 3121 ordine
2242 3061 2518 3121 exhibeat
2550 3056 2698 3140 (non
2720 3060 2896 3134 juxta
2914 3058 3142 3116 Kalen·

514 3166 649 3207 cum
684 3151 746 3206 et
782 3149 915 3206 aliis
946 3149 1292 3226 biographis
1324 3168 1445 3208 non
1478 3148 1797 3207 dissimilia
1853 3151 2084 3210 darium
2115 3147 2419 3229 graecum)
2462 3150 2523 3206 et
2562 3149 2768 3224 plures
2799 3148 3142 3215 interserat.

515 3237 580 3295 in
642 3255 760 3295 usu
820 3255 946 3296 esse
997 3239 1228 3297 soleant
1274 3239 1346 3296 ad
1395 3239 1794 3297 narrationem
1853 3258 2004 3317 quae
2051 3240 2242 3316 ipsius
2291 3258 2412 3297 non
2474 3238 2613 3300 sint.
2698 3236 2937 3295 Novum
2999 3235 3144 3294 hinc

516 3325 860 3388 ornandam.
920 3327 1067 3385 Prae
1098 3327 1287 3386 oculis
1320 3331 1518 3386 autem
1551 3330 1613 3386 et
1642 3326 1798 3385 illud
1852 3329 2131 3405 proponit
2191 3327 2416 3388 ordinis
2487 3326 2736 3394 schema,
2815 3327 3143 3398 censetque

514 3415 820 3484 habeatur,
882 3417 1102 3474 multas
1153 3416 1207 3473 ei
1259 3436 1292 3473 a
1340 3416 1594 3492 posteris
1642 3417 1796 3474 vitas
1851 3420 2002 3477 vitas
2034 3418 2326 3494 genuinas
2358 3414 2778 3491 Metaphrastis
2809 3431 2941 3472 esse
2986 3413 3144 3471 circa

514 3521 646 3562 esse
695 3504 1049 3578 suppositas.
1127 3504 1222 3562 Ita
1261 3505 1386 3578 jam
1440 3504 1796 3563 Allatius
1861 3518 2001 3578 150,
2036 3526 2067 3565 e
2099 3507 2318 3583 quibus
2344 3515 2421 3567 22
2445 3503 2714 3562 nondum
2746 3504 2891 3561 sunt
2906 3500 3140 3572 editae..

518 3610 694 3668 sagax
727 3609 932 3650 censor
963 3593 1167 3650 CXXII
1199 3593 1351 3650 vitas
1382 3611 1488 3669 pro
1520 3593 1797 3669 genuinis
1854 3597 1937 3655 Cf.
2014 3599 2215 3655 tamen
2293 3595 2578 3654 Analecta
2637 3592 2778 3650 boll.
2852 3601 3015 3655 1897
3080 3610 3140 3665 p.

518 3681 804 3757 agnoscit,
839 3680 979 3738 CXV
1000 3700 1154 3751 vero,
1188 3700 1339 3757 quae
1370 3683 1500 3756 ejus
1531 3682 1595 3739 in
1627 3681 1795 3740 codd.
1860 3695 1982 3749 312
2018 3703 2125 3755 ss.;
2183 3695 2346 3747 1898
2395 3704 2453 3759 p.
2488 3691 2611 3745 448
2648 3698 2726 3739 ss.
2758 3713 2849 3723 ——
2894 3679 3139 3755 Reperi-

516 3769 859 3845 praeferunt
891 3785 1121 3839 nomen,
1176 3770 1230 3828 ei
1278 3770 1598 3847 abjudicat,
1651 3771 1798 3846 quin
1854 3776 2045 3832 untur
2107 3777 2410 3850 praeterea
2489 3770 2648 3847 apud
2727 3769 2982 3847 Migne
3059 3768 3139 3826 ib.

516 3859 756 3916 illarum
805 3862 1103 3916 auctorem
1151 3859 1486 3935 legitimum
1523 3859 1799 3935 detegere
1855 3884 1910 3940 p.
1937 3871 2285 3925 209—292
2341 3858 2597 3922 Simeoni
2630 3857 2894 3917 tributa:
2933 3858 3138 3916 Oratio

516 3945 812 4024 potuerit;
847 3947 987 4006 vitis
1021 3949 1113 4006 vel
1144 3948 1429 4007 encomiis
1451 3947 1800 4008 cccchIV
1856 3953 1919 4010 in
1965 3950 2285 4028 lugubrem
2337 3948 2826 4009 lamentationem
2878 3966 2953 4010 ss,
3002 3944 3138 4006 Dei-

516 4035 665 4095 alios
698 4036 959 4112 assignat
988 4040 1283 4111 parentes.
1856 4059 2030 4116 parae
2060 4041 2389 4116 pretiosum
2422 4055 2640 4113 corpus
2660 4038 2726 4095 D.
2746 4035 2820 4096 N.
2842 4037 2899 4095 J.
2920 4032 3139 4096 Christi

611 4151 754 4206 508.
786 4142 1014 4200 Passim
1034 4143 1439 4220 hagiographi,
1474 4146 1545 4202 ut
1578 4144 1797 4220 Lipo-
1856 4130 2279 4206 amplfl¹8nffis3
2359 4129 2671 4187 Sermones
2740 4127 2810 4183 ‘3²
2881 4126 3140 4184 ’mrum‘

517 4248 814 4300 manus,
865 4230 1176 4302 Surius,
1228 4232 1486 4292 editores
1533 4236 1800 4292 actorum
1858 4218 2040 4278 XXIV
2073 4218 2276 4277 selecti
2322 4236 2390 4276 ex
2433 4215 2710 4275 omnibus
2744 4233 2790 4273 s.
2822 4215 2888 4278 P.
2919 4215 2993 4277 N.
3026 4215 3136 4273 Ba-

1858 4307 1982 4365 silii
2050 4307 2306 4383 archiep.
2369 4306 2680 4365 Caesareae
2740 4303 3136 4380 Cappodociaa

596 4405 633 4473 ι)
662 4400 743 4455 Cf.
775 4400 928 4455 Hon
948 4404 1212 4456 oratus
1251 4418 1285 4454 a
1312 4420 1352 4460 s,
1383 4401 1580 4467 Maria,
1609 4403 1711 4471 qui
1738 4402 1798 4456 in
1857 4390 2044 4478 (inter
2073 4415 2250 4472 opera
2293 4413 2339 4454 s,
2380 4394 2592 4453 Basilii
2622 4394 2879 4470 Migne
2908 4392 3136 4462 XXXII,

518 4491 610 4597 gp.
638 4471 959 4554 Reflerions
985 4490 1083 4525 sur
1100 4473 1154 4526 le
1175 4474 1357 4544 regles
1373 4476 1439 4556 et
1461 4491 1559 4528 sur
1585 4474 1803 4556 l'usage
1864 4496 1934 4547 11
1957 4478 2097 4567 15);
2142 4483 2601 4544 commentarius
2646 4482 2710 4541 in
2753 4501 3043 4541 sermones
3083 4480 3137 4540 L

558 4559 588 4597 e
614 4543 672 4597 la
699 4545 946 4612 critique
973 4559 1103 4599 eum
1119 4547 1316 4598 contra
1333 4545 1615 4614 ejusmodi
1641 4562 1803 4601 accu-
1859 4592 1906 4637 S·
1941 4573 1999 4631 M
2016 4573 2260 4632 ,marii
2305 4573 2367 4631 in
2398 4572 2606 4649 Mign
2622 4590 2654 4629 θ
2687 4571 2748 4628 p·
2784 4571 2852 4633 G.
2884 4569 3137 4642 xm,

517 4615 768 4669 sationes
829 4617 1024 4669 tuetur
1085 4616 1261 4686 (apud
1312 4615 1560 4698 Migne
1611 4616 1802 4681 CXIV,
1861 4671 2245 4734 841—9653
2283 4662 2664 4734 precationes,
2699 4662 2990 4736 carmina,
3020 4661 3138 4734 qn.-

524 4688 854 4767 157—184)3
915 4684 1333 4739 Bollandus
1381 4705 1444 4741 ιιι
1493 4689 1671 4758 praef.
1710 4687 1803 4742 ad.
2335 4753 2346 4765 ·
2569 4751 2582 4762 .
2627 4749 2640 4762 ι

522 4756 666 4806 Acta
692 4755 783 4808 SS.
810 4755 907 4826 (lb.
934 4773 991 4824 p.
1023 4760 1121 4827 11).
1858 4753 2033 4811 stolae
2071 4751 2167 4810 IX
2177 4773 2204 4827 ,·
2253 4759 2492 4824 epuome
2537 4742 2794 4832 (jejuna)
2848 4767 3143 4810 canonum
