3505 5161
994 196 1293 248 751-800.
1322 191 1634 263 Theologia
1664 192 1956 264 polemica.
1985 191 2014 244 J
2022 208 2147 244 oan.
2176 189 2569 253 Damascean
2950 209 3074 262 572

469 214 586 265 671

453 384 605 445 rent,
656 398 870 453 eosque
920 380 1313 454 pronunciata
1362 380 1737 437 absolutione
1794 377 2062 435 redactae
2085 377 2323 446 librum,
2350 378 2453 451 qui
2473 378 2862 453 multiplicem
2885 379 3079 437 subiit

454 468 901 527 reconciliarent
919 465 983 548 ¹).
1035 470 1262 525 Auctor
1292 468 1595 542 epistolae,
1632 468 1737 542 qui
1793 467 2285 526 retractationem.
2320 468 2483 542 Opus
2518 485 2647 524 esse
2679 467 2927 526 Joannis
2960 468 3073 525 Da-

454 559 611 616 hunc
642 576 863 615 morem
882 574 1000 615 non
1022 556 1263 614 omnino
1285 556 1597 632 improbat,
1617 576 1736 614 non
1794 556 2050 613 masceni
2115 555 2300 613 solide
2360 556 2637 632 probavit
2681 552 2940 637 Holll).
2987 590 3076 599 —-

454 652 546 704 est
595 650 797 704 noster
847 664 892 703 s,
935 645 1213 716 JoanneS‚
1262 646 1364 703 sed
1419 650 1736 722 Symeon
1796 646 2020 703 Paucae
2084 645 2185 702 sed
2241 663 2379 702 sane
2429 646 2698 721 egregiae
2750 649 2896 704 sunt
2945 648 3075 722 ejus

454 736 696 811 quidam
750 736 957 810 junior
1019 731 1119 815 (de
1164 754 1282 810 quo
1333 732 1531 816 infra),
1581 736 1737 793 sicut
1791 734 2057 792 homiliae
2091 729 2221 814 (13.
2253 733 2445 804 XCVI,
2484 730 2883 815 545—816),
2920 736 3079 794 inter

455 826 635 883 etiam
669 843 789 883 non
822 829 915 882 est
944 825 1151 883 auctor
1169 823 1428 898 duplicis
1461 824 1735 899 opusculi
1796 841 1941 898 quas
1973 823 2238 880 eminent
2289 824 2418 897 ejus
2467 824 2536 881 de
2570 824 2625 885 b.
2660 825 2722 881 V.
2760 842 3076 894 sermome,

454 915 521 971 de
552 910 852 992 azymis2)‚
888 932 1140 987 quorum
1161 913 1329 988 prius
1362 917 1454 971 est
1486 913 1735 972 alterius
1794 911 1917 975 scil.
1951 912 2010 970 in
2045 913 2173 986 ejus
2217 912 2743 971 annunciationem
2777 913 2886 990 (2),
2921 914 3076 971 nati-

454 1002 868 1078 compendium
933 998 1015 1081 (p.
1083 999 1475 1083 387--397).
1543 1021 1734 1077 neque
1791 1001 2035 1059 vitatem
2069 995 2184 1082 (2),
2230 1000 2293 1058 in
2323 1002 2452 1077 ejus
2499 1002 2912 1060 dormitionem
2962 999 3073 1082 (3),

455 1093 723 1166 epistolae
755 1092 827 1149 ad
862 1091 900 1147 Z
919 1091 1306 1149 achariam
1340 1096 1400 1149 et
1430 1094 1638 1171 capitis
1669 1094 1737 1149 de
1790 1091 1852 1147 in
1887 1090 2107 1164 quibus
2140 1091 2292 1148 clare
2311 1090 2694 1149 traditionem
2714 1093 2972 1150 testatur
3001 1091 3075 1149 de

454 1183 822 1238 immaculato
884 1198 1137 1254 corpore,
1200 1181 1370 1253 cujus
1416 1181 1735 1256 participes

456 1288 662 1327 sumus
712 1266 1136 1349 (401--412)‚
1202 1269 1360 1343 quod
1414 1273 1735 1344 utrumque

454 1358 746 1416 tribuitur
777 1358 840 1415 in
861 1357 1025 1415 codd.
1047 1358 1277 1416 cuidam
1312 1359 1537 1417 Petro
1572 1360 1733 1416 Man-

455 1466 574 1506 sur.
609 1448 804 1523 Ipsius
837 1448 989 1504 forte
1022 1450 1112 1505 est
1143 1449 1419 1519 expositio
1451 1450 1510 1505 et
1542 1447 1734 1505 decla-

454 1536 607 1595 ratio
639 1535 792 1606 fidei,
830 1537 1002 1610 cujus
1055 1540 1329 1611 superest
1379 1537 1573 1593 versio
1606 1556 1735 1593 ara·

453 1626 585 1683 bina
614 1620 1041 1705 (417—438)·

547 1812 690 1864 369.
724 1803 815 1860 Ad
847 1803 1265 1860 illustrandam
1308 1822 1350 1860 e.
1387 1802 1733 1878 Scriptu-

454 1911 605 1949 ram
639 1894 939 1966 spectant:
1003 1891 1089 1949 Ex
1129 1891 1407 1949 universa
1436 1892 1735 1966 interpre-

452 1982 680 2038 tatione
702 2000 746 2038 s.
781 1981 821 2037 C
838 1981 876 2037 h
892 2000 922 2037 r
935 2000 975 2055 y
991 2000 1018 2037 s
1037 1998 1069 2037 o
1087 1998 1114 2037 s
1131 1982 1158 2037 t
1173 1998 1205 2037 o
1222 1981 1316 2037 mi
1350 1982 1455 2038 loci
1474 1983 1659 2038 selecti
1676 1983 1735 2038 in

454 2087 541 2141 ep.
574 2087 618 2129 s.
654 2069 821 2126 Pauli
854 2088 944 2144 ap.
981 2064 1602 2149 (XV1,442-—1034)
1630 2089 1736 2128 seu

454 2159 726 2232 epitome,
776 2158 861 2214 ita
908 2162 1123 2225 tamen,
1173 2162 1246 2215 ut
1295 2159 1470 2216 etiam
1508 2159 1735 2217 Theo—

456 2247 710 2303 doreti
773 2249 833 2302 et
895 2246 1176 2320 Cyrilli
1238 2249 1382 2305 alex.
1443 2249 1735 2306 rationem

454 2334 682 2392 habeat.
729 2368 816 2377 --
862 2335 1048 2393 Sacra
1099 2335 1390 2394 Parallela
1442 2333 1732 2416 (1041—

461 2432 660 2492 15883
693 2423 881 2493 XCVI,
923 2420 1231 2506 9—442),
1275 2444 1425 2500 quae
1459 2430 1735 2485 contexta

453 2516 598 2570 sunt
629 2512 701 2569 de
732 2512 914 2569 variis
947 2514 1314 2590 argumentis
1347 2514 1483 2572 fidei
1516 2518 1577 2573 et
1606 2533 1732 2573 mo-

451 2622 585 2660 rum
647 2602 970 2660 secundum
1035 2603 1333 2678 alphabeti
1400 2605 1602 2662 literas
1665 2623 1731 2662 ex

451 2692 596 2750 locis
629 2711 673 2751 a.
708 2692 1046 2767 Scripturae
1092 2696 1154 2750 et
1197 2698 1435 2767 patrum
1483 2694 1729 2759 selecti&

452 2783 631 2855 atque
664 2781 970 2856 digestain
989 2782 1146 2839 locos
1165 2800 1534 2840 communes:
1571 2782 1729 2856 quod

449 2869 807 2945 florilegium
829 2871 1182 2945 opulentum
1200 2871 1398 2946 magni
1420 2875 1512 2928 est
1532 2871 1727 2945 pretii,

448 2977 585 3017 nam
618 2959 806 3016 multa
837 2978 906 3016 ex
939 2963 1277 3017 sanctorum
1317 2960 1556 3034 scriptis
1588 2965 1731 3018 sunt

448 3048 650 3117 relata,
685 3066 835 3122 quae
871 3048 964 3104 vel
996 3049 1281 3122 temporis
1315 3049 1535 3122 injuria
1559 3067 1727 3123 pror-

449 3154 550 3194 sus
614 3137 1047 3194 interciderunt
1107 3139 1203 3194 vel
1253 3141 1412 3195 certe
1461 3139 1727 3195 nondum

448 3225 609 3301 typis
627 3229 767 3283 sunt
784 3225 1078 3286 mandata.
1100 3227 1297 3301 Hujus
1316 3229 1516 3284 tamen
1533 3227 1726 3302 operis

447 3315 642 3372 variae
674 3318 910 3372 exstant
930 3316 1300 3373 recensiones
1323 3316 1596 3392 (alterius
1612 3313 1727 3372 ibi-

447 3402 580 3461 dem
613 3403 910 3477 specimen
943 3403 1253 3462 exhibetur
1282 3404 1473 3473 XCVI,
1512 3415 1727 3467 441—-

453 3487 625 3571 544).
659 3492 937 3548 Recensio
958 3492 1264 3567 originalis
1287 3494 1521 3551 videtur
1542 3494 1726 3551 fuisse

447 3580 638 3636 divisa
669 3579 732 3635 in
766 3600 864 3654 pp.
899 3598 1005 3638 seu
1038 3580 1098 3638 ll.
1137 3592 1189 3650 3,
1224 3600 1477 3657 quorum
1516 3593 1567 3644 1.
1588 3602 1725 3658 age-

445 3668 550 3724 bat
581 3667 652 3725 de
686 3668 806 3727 Deo
838 3668 1138 3744 rebusque
1183 3670 1418 3740 divinia,
1469 3673 1622 3729 alter
1653 3672 1724 3728 de

447 3757 701 3824 homine,
736 3758 980 3815 materia
1009 3758 1073 3816 in
1104 3760 1318 3818 titulos
1348 3760 1539 3818 divisa
1558 3764 1618 3818 et
1638 3762 1723 3818 al-

444 3844 753 3920 phabetice
788 3847 1093 3922 disposita,
1129 3850 1301 3924 cujus
1334 3849 1590 3923 epitome
1623 3868 1722 3906 ex-

444 3933 688 3993 hibetur
718 3955 750 3992 a
783 3937 923 3993 Mai
955 3936 1224 4010 apudMi
1242 3956 1386 4014 gne
1417 3937 1720 4007 LXXXVI,

448 4032 883 4087 2017—2100
920 4029 1098 4100 atque
1130 4044 1345 4084 nomen
1366 4046 1504 4101 prae
1524 4046 1586 4084 se
1608 4028 1723 4085 fert

442 4112 727 4170 Leontii
765 4110 1289 4194 (fortebyzantini)
1307 4116 1720 4184 etJoannis;

448 4212 502 4263 3.
565 4202 636 4259 de
699 4203 1028 4260 virtutibus
1091 4207 1151 4260 et
1200 4205 1364 4262 vitiis
1415 4205 1721 4280 oppositis

442 4290 653 4348 Postea
686 4292 791 4349 hae
827 4297 947 4349 tres
988 4313 1084 4367 pp.
1125 4292 1406 4351 videntur
1439 4295 1499 4352 in
1531 4313 1720 4352 unum

523 4466 557 4528 Ι)
587 4463 666 4512 Cf.
710 4461 777 4512 de
820 4462 925 4513 hac
967 4479 1053 4530 cp.
1084 4461 1150 4514 K.
1180 4463 1348 4517 Holl
1389 4463 1723 4515 Enthusias·

442 4548 568 4582 mus
599 4531 714 4583 und
747 4532 1098 4598 ssussgewalt
1137 4534 1285 4587 beim
1331 4535 1721 4603 griechiffluhen

442 4600 834 4662 Monchthum,
864 4604 1094 4672 Leipzig
1127 4609 1277 4659 1898.

519 4682 559 4732 2}
589 4675 671 4723 Cf.
726 4674 809 4724 Le
864 4679 907 4736 Q.
929 4692 960 4724 u
983 4673 1100 4726 ion
1150 4675 1282 4727 diss.
1342 4677 1411 4726 vl

444 4741 499 4791 M
518 4741 538 4791 i
556 4760 592 4807 g
610 4759 643 4792 n
664 4759 691 4792 c
720 4744 910 4805 xciv,
940 4749 1237 4800 3437—416.

1476 4677 1720 4731 damasc.

1793 1180 1922 1253 ejus
1957 1179 2214 1254 gloriosa
2246 1180 2571 1237 secundum
2603 1196 2817 1255 corpus
2849 1182 2913 1238 in
2945 1199 3074 1239 coe-

1794 1269 1918 1325 lum
1951 1269 2375 1342 assumptione.
2408 1268 2528 1327 Has
2551 1273 2781 1344 septem
2801 1269 3074 1328 homilias

1792 1358 2122 1431 recepimus
2199 1358 2358 1415 inter
2448 1359 2732 1433 opuscula
2808 1377 2884 1416 se.
2962 1359 3074 1415 ΡΡ.

1793 1446 2047 1515 XXXIV,
2085 1455 2378 1508 4—157:
2426 1447 2525 1504 sed
2560 1450 2712 1504 teste
2747 1448 3075 1505 Barden-

1793 1536 2033 1593 hewer
2067 1535 2340 1593 homiliae
2373 1536 2435 1593 in
2468 1536 2987 1595 annunciationem
3013 1540 3076 1595 et

1793 1624 2168 1681 nativitatem
2192 1625 2265 1681 M.
2289 1624 2354 1681 V.
2374 1643 2495 1682 non
2525 1628 2668 1682 sunt
2701 1643 2882 1700 supra
2901 1644 3076 1684 omne

1795 1712 2062 1781 dubium,
2098 1713 2215 1771 imo
2250 1714 2399 1773 hom.
2433 1714 2585 1771 duae
2609 1714 2672 1770 in
2691 1716 2822 1788 ejus
2854 1714 3076 1772 nativi·

1793 1804 1978 1859 tatem
2011 1802 2301 1875 sequioris
2335 1807 2476 1860 sunt
2496 1804 2725 1865 aetatis,
2745 1836 2832 1845 -—-
2855 1804 3071 1877 Super·

1794 1894 1937 1948 sunt
1964 1893 2317 1965 precationes
2361 1896 2422 1948 et
2465 1894 2734 1949 carmina
2783 1892 3073 1967 quaedam

1795 1976 2218 2060 (816—856).
2283 1981 2426 2037 Erat
2456 1981 2611 2037 enim
2647 1998 2782 2038 cum
2815 1981 3076 2039 Cosma

1794 2066 1890 2149 (de
1923 2087 2041 2143 quo
2076 2065 2254 2147 infra)
2275 2069 2532 2145 insignis
2554 2069 3072 2145 hymnographus:

1793 2158 1931 2215 hinc
1964 2158 2174 2217 suidas
2208 2159 2320 2215 sub
2354 2176 2475 2216 voc.
2526 2159 2695 2216 Joan.
2729 2158 3074 2216 Damasceni

1793 2247 2032 2304 scribit:
2086 2246 2294 2313 ,Inter
2322 2247 2572 2305 Joannis
2608 2248 2829 2322 scripta
2858 2265 3071 2305 nume·

1790 2340 2000 2393 rantur
2029 2337 2384 2393 cantic-cmm
2418 2354 2663 2395 canones
2681 2341 2813 2393 tum
2832 2336 3068 2411 jambiS,

1789 2428 1921 2481 tum
1953 2424 2132 2482 etiam
2167 2425 2365 2482 soluta
2396 2426 2660 2483 oratione
2706 2425 2928 2500 scripti.
2989 2424 3072 2482 Hi

1790 2514 2156 2571 canticorum
2187 2531 2437 2571 canones
2469 2517 2591 2572 tam
2611 2514 2649 2571 J
2653 2515 2863 2572 oannis
2889 2533 3070 2590 quam

1790 2604 2029 2661 Cosmae
2100 2604 2358 2683 nullam·
2391 2622 2524 2662 cum
2596 2603 2849 2662 aliorum
2910 2605 3074 2679 paris

1789 2693 2021 2768 generis
2038 2692 2277 2767 scriptis
2292 2693 2788 2767 comparationem
2803 2712 3070 2768 unquam

1788 2781 2170 2850 admiserunt,
2205 2799 2398 2854 neque
2430 2781 2750 2839 admittent
2782 2783 3069 2856 quamdiu

1787 2870 2093 2927 hominum
2126 2871 2248 2927 vita
2280 2867 2642 2950 durabit2)«.
2677 2871 2899 2944 Hymni
2929 2889 3068 2929 vero

1791 2970 1845 3026 6,
1898 2977 2045 3033 quos
2095 2960 2236 3016 Mai
2288 2960 2399 3017 sub
2448 2961 2576 3032 ejus
2609 2960 2847 3017 nomine
2879 2959 3073 3017 edidit

1787 3047 1983 3121 Spicil.
2037 3048 2197 3104 Rom.
2248 3047 2346 3117 IX,
2402 3055 2744 3110 713--739
2780 3043 3064 3130 (Migne

1786 3135 1959 3193 XCVI
2006 3136 2068 3193 in
2115 3137 2308 3212 suppl.
2353 3135 2826 3217 1369—1408),
2863 3138 3070 3196 viden-

1783 3226 1886 3281 tur
1918 3243 2045 3282 esse
2076 3225 2322 3283 Joannis
2366 3226 2648 3300 junioris.
2689 3261 2758 3268 —
2800 3226 3069 3284 Celeber-

1785 3313 1936 3371 rima
1967 3315 2245 3388 lectuque
2270 3315 2538 3388 jucunda
2570 3315 2707 3372 hinc
2738 3316 3066 3390 plurimum

1784 3402 2047 3459 lectitata
2063 3405 2180 3461 vita
2203 3404 2492 3461 Barlaam
2514 3411 2562 3461 et
2585 3403 2891 3476 Josaphat,
2916 3423 3070 3477 quae

1783 3490 1984 3548 fabula
2017 3495 2109 3548 est
2131 3493 2496 3550 romanensis
2532 3489 2808 3572 (Roman)
2843 3511 2911 3550 ex
2932 3493 3063 3551 fon-

1782 3579 1946 3637 tibus
1982 3580 2357 3650 budhisticis,
2391 3583 2438 3638 si
2473 3583 2877 3640 substantiam
2902 3600 3066 3658 spec-

1863 3755 1896 3821 Ι)
1924 3750 2027 3803 Die
2056 3767 2214 3803 sacra
2245 3751 2520 3805 Parallela
2555 3751 2652 3803 des
2679 3754 2711 3805 J
2717 3751 2806 3805 ob.
2837 3750 3068 3804 Damas-

1781 3838 1970 3884 cenus,
1999 3821 2233 3891 Leipzig
2253 3825 2405 3878 1897.
2434 3822 2493 3874 in
2513 3821 2684 3875 Texte
2704 3822 2822 3875 und
2840 3822 3066 3877 Untem.

1781 3893 1926 3949 XVI.
1973 3894 2039 3946 N.
2083 3894 2143 3944 F.
2184 3895 2224 3955 1,
2266 3893 2400 3945 fasc.
2451 3903 2493 3948 1.
2536 3893 2627 3964 (cf.
2655 3893 2732 3946 ib.
2762 3894 2861 3946 XX
2908 3893 2980 3946 N.
3007 3894 3068 3946 F.

1779 3963 1847 4025 V,
1898 3969 1949 4015 :zi
2003 3967 2199 4019 contra
2263 3966 2623 4034 exceptiones
2667 3964 2708 4016 L
2726 3981 2758 4018 o
2777 3965 2855 4017 of
2864 3982 2889 4016 s
2942 3966 3069 4018 stu-

1779 4035 1912 4088 dien
1941 4037 2079 4088 tiber
2118 4035 2211 4088 die
2255 4036 2382 4089 dem
2410 4037 2701 4089 johannes
2733 4052 2781 4088 v.
2807 4035 2874 4089 D.
2902 4053 3071 4106 zuge-

1779 4107 2148 4160 schriebenen
2178 4107 2508 4170 Parallelen‚
2555 4107 2717 4160 Halle
2743 4124 2796 4161 a.
2822 4107 2877 4161 S.
2909 4113 3068 4164 1892.

1854 4182 1894 4246 ⁴⁴)
1925 4178 2215 4231 Bai-den
2239 4179 2479 4231 hewer
2519 4186 2677 4244 §108
2704 4198 2759 4232 n.
2791 4185 2814 4232 1
2841 4178 3068 4232 :-Auch

1778 4249 1864 4302 als
1915 4249 2148 4302 Dichter
2199 4250 2300 4302 hat
2349 4249 2656 4311 Johannes,
2709 4251 2817 4303 wie
2868 4250 3070 4302 friiher

1781 4322 1954 4374 sehon
1982 4321 2323 4388 ausgofnhrt,
2349 4321 2542 4373 wurde
2572 4323 2618 4392 (ἓ
2651 4329 2750 4376 105
2781 4340 2834 4373 u.
2862 4324 2935 4391 6),
2964 4338 3068 4373 un·

1782 4392 2124 4445 sterblichen
2177 4391 2363 4444 Ruhm
2416 4393 2655 4458 erlangt.
2710 4393 2825 4446 Vor
2866 4392 3069 4446 eeinen

1781 4463 2022 4516 Liedern
2053 4467 2305 4515 musstcn
2331 4463 2505 4516 selbst
2521 4463 2614 4514 die
2632 4463 2890 4532 Gesfinge
2907 4462 3068 4516 eines

1781 4533 2068 4586 Romanus
2097 4536 2181 4594 (cf.
2249 4573 2260 4584 .
2283 4538 2406 4590 6565
2427 4551 2532 4587 aus
2551 4535 2660 4586 den
2684 4533 3069 4604 liturgiechen

1785 4605 2039 4658 Biiclicrn
2069 4605 2206 4657 waic
2252 4623 2336 4659 en.
2391 4607 2474 4658 Of.
2515 4605 2582 4658 de
2610 4605 2694 4660 JO.
2725 4605 3070 4658 Damasceni

1780 4689 1828 4727 υτ
1880 4680 2108 4730 Cosmae
2155 4677 2514 4745 poematibus
2557 4676 2602 4728 K
2620 4694 2700 4728 ru
2721 4695 2773 4730 m
2793 4680 2872 4730 ba
2889 4693 2920 4729 c
2937 4677 2975 4728 h
2992 4692 3024 4728 e
3043 4695 3073 4728 r

1780 4767 1834 4816 p.
1862 4753 2164 4803 (ΓΗ-ΗΜ.
