3505 5161
1657 1488 1924 1585 XIX.

887 1666 1443 1804 Scriptores
1510 1666 2159 1778 ecclesiastici
2211 1667 2525 1777 seculi
2573 1668 2737 1778 XI.

1157 1864 1377 1960 Pars
1443 1864 1735 1961 altera
1784 1868 2493 1984 (1051—1073).

592 2261 1003 2336 554.1ngens
1053 2260 1229 2337 plane
1277 2264 1370 2318 est
1419 2261 1774 2336 scriptorum
1801 2257 1805 2351 l
1832 2261 2026 2319 cordis
2057 2261 2385 2319 bonitatem
2416 2261 2614 2320 dictus
2645 2262 2867 2331 ,Bruno
2887 2261 3131 2324 bonus‘.

493 2368 801 2419 numerus,
850 2349 955 2424 qui
1000 2350 1331 2408 floruerunt
1367 2350 1580 2408 ultima
1624 2353 1775 2408 tem·
1803 2349 1871 2407 J
1876 2369 2084 2408 uvenis
2117 2370 2166 2407 a.
2204 2359 2282 2413 24
2316 2351 2538 2409 electus
2568 2356 2661 2409 est
2690 2350 2961 2409 unanimi
2993 2351 3127 2409 suf-

496 2443 659 2516 poris
690 2438 946 2514 periodo,
996 2458 1170 2514 quam
1207 2438 1317 2501 hoc
1358 2441 1520 2498 tomo
1558 2438 1806 2496 descriss
1803 2439 2000 2516 .frago
2047 2440 2364 2514 episcopus
2413 2439 2690 2498 tullensis
2723 2436 2976 2519 (1026),
3023 2440 3122 2497 cui

497 2529 751 2588 bendum
801 2527 1138 2599 statuimuS,
1191 2528 1474 2603 illamque
1520 2527 1583 2586 in
1629 2520 1806 2586 duas
1805 2560 1806 2584 l
1834 2528 2109 2587 electioni
2129 2546 2196 2587 eo
2218 2527 2453 2587 facilius
2475 2529 2745 2600 assensit,
2779 2528 2939 2604 quod
2970 2528 3111 2586 elec·

495 2618 761 2677 dividere
793 2623 991 2693 partes
1016 2618 1260 2693 juverit,
1306 2637 1381 2677 ne
1418 2618 1777 2692 scriptorum
1805 2615 1808 2654 '¹
1834 2618 1920 2677 tio
1950 2621 2108 2677 esset
2127 2618 2423 2687 canonica,
2457 2618 2701 2676 ecclesia
2718 2636 2858 2677 vero
2879 2636 3111 2694 pauper.

500 2707 889 2766 multitudine
938 2706 1277 2768 obruamur.
1360 2706 1551 2765 Priori
1610 2709 1810 2782 parte
1807 2705 1808 2710 ’
1837 2708 2049 2782 Magna
2078 2707 2389 2765 fruebatur
2417 2708 2610 2782 gratia
2655 2707 2732 2766 oh
2776 2725 2943 2766 suam
2975 2726 3118 2783 pru-

497 2796 910 2855 exhibebimus
943 2795 1261 2871 scriptores
1295 2796 1400 2870 qui
1431 2795 1781 2871 scripserint
1808 2845 1811 2900 4
1834 2796 2143 2854 dentiam'
2129 2815 2192 2854 1n
2223 2797 2360 2855 aula
2388 2799 2510 2854 tam
2530 2814 2798 2854 caesarea
2817 2815 2998 2872 quam
3027 2814 3124 2853 re·

499 2904 690 2960 usque
752 2885 826 2943 ad
888 2884 1240 2943 electionem
1302 2885 1571 2985 Gregorii
1630 2884 1776 2952 V11.‚
1808 2885 1939 2984 gia
1970 2885 2206 2944 Galliae.
2275 2885 2565 2943 Defuncto
2597 2885 2848 2944 Damaso
2880 2884 2940 2942 11
2969 2903 3126 2960 pon-

496 2973 703 3051 magni
752 2974 920 3033 illius
968 2973 1288 3049 pontificis,
1336 2975 1439 3049 qui
1487 2973 1780 3032 Ecclesiae
1808 3001 1812 3060 Ι
1809 2953 1995 3033 tifice
2030 2986 2084 3036 9.
2107 2976 2260 3050 Aug.
2290 2984 2453 3036 1048
2488 2974 2552 3031 in
2583 2975 2843 3033 comitiis
2868 2991 3132 3032 worma-

499 3064 701 3122 faciem
734 3082 870 3122 vere
901 3063 1290 3133 restauravit;
1323 3062 1507 3122 altera
1535 3080 1780 3139 agemus
1809 3063 2127 3122 ⁵tiensibus
2159 3063 2575 3138 praesentibus
2606 3064 3006 3121 Romanorum
3041 3063 3133 3121 le-

500 3153 571 3211 de
611 3152 701 3223 iis,
750 3153 855 3228 qui
900 3152 974 3209 ab
1019 3152 1182 3211 illius
1211 3151 1509 3227 pontificis
1541 3151 1781 3211 exordio
1839 3152 1995 3229 gatis
2028 3152 2101 3209 ab
2139 3151 2493 3227 imperatore
2526 3156 2705 3228 atque
2737 3151 3130 3228 magnatibus

498 3242 776 3316 deinceps
824 3241 1156 3300 floruerunt
1214 3241 1286 3299 ad
1338 3259 1381 3302 s.
1432 3242 1781 3299 Anselmum
1838 3245 2073 3316 praeter
2092 3259 2258 3298 suam
2281 3241 2778 3316 exspectationem
2808 3244 2871 3298 et
2888 3240 3131 3299 invitus

500 3347 710 3406 usque,
757 3350 791 3388 a
832 3349 949 3406 quo
981 3348 1195 3388 novam
1226 3329 1557 3450 theologiae
1588 3348 1782 3388 aeram
1842 3330 2190 3406 designatus
2210 3333 2302 3388 est
2321 3330 2486 3389 illius
2509 3347 2832 3404 successor,
2853 3331 2949 3387 cui
2970 3329 3132 3388 elec-

495 3419 896 3494 auspicamur.
1842 3419 1990 3478 tioni
2023 3419 2265 3476 nonnisi
2296 3423 2433 3494 post
2471 3418 2740 3478 triduum
2773 3418 2885 3476 sub
2915 3419 3132 3476 condi-

1838 3509 2001 3567 tione
2033 3525 2356 3566 consensus
2391 3508 2530 3566 cleri
2548 3508 2873 3583 populique
2893 3509 3131 3566 romani

598 3607 737 3660 555.
769 3596 985 3671 Incipit
1015 3597 1229 3655 iterum
1253 3597 1657 3672 splendescere
1687 3616 1780 3655 ro·
1810 3571 2034 3717 leessit.
2115 3597 2419 3673 Peregrini
2472 3596 2683 3654 habitu
2733 3597 2978 3654 Romam
3030 3601 3133 3655 est

502 3704 707 3745 manae
741 3685 898 3743 sedis
939 3686 1231 3761 primatus
1264 3686 1539 3744 nonnihil
1572 3686 1783 3745 obscu-
1839 3686 2137 3761 profectus
2183 3704 2530 3760 summoque
2580 3703 2874 3744 consensu
2923 3705 2957 3742 a
3007 3686 3130 3743 Ro-

501 3777 669 3833 ratus
690 3774 1064 3850 quorundam
1084 3776 1426 3850 praesulum
1459 3775 1583 3834 vita
1613 3777 1782 3834 tanto
1839 3775 2032 3833 manis
2063 3776 2126 3833 in
2160 3774 2496 3850 pontificem
2529 3780 2804 3850 receptus
2837 3785 2931 3836 12.
2953 3774 3131 3833 Febr.

503 3864 715 3922 honori
748 3868 809 3921 et
839 3864 1070 3922 muneri
1107 3864 1302 3922 minus
1335 3864 1529 3941 digna,
1574 3866 1692 3923 imo
1724 3869 1785 3922 et
1849 3875 2031 3927 1049.
2115 3865 2243 3922 Mox
2293 3866 2420 3922 toto
2470 3865 2688 3922 conatu
2736 3862 3131 3939 impensaque

500 3953 764 4029 indigna.
812 3953 962 4011 Nam
996 3953 1198 4011 statim
1231 3953 1303 4010 ab
1336 3954 1573 4012 exordio
1606 3954 1785 4029 hujus
1843 3953 2245 4011 sollicitudine
2283 3953 2570 4030 cogitavit
2615 3953 2688 4011 de
2733 3952 3132 4012 restauranda

502 4041 729 4117 periodi
763 4042 1020 4100 occurrit
1059 4042 1234 4101 nobis
1266 4044 1503 4118 praesul
1535 4042 1785 4101 sanctis·
1842 4041 2158 4118 disciplina
2206 4042 2602 4101 ecclesiastica
2656 4041 2801 4100 adeo
2850 4041 3131 4117 collapsa,

503 4131 687 4189 simus
718 4131 862 4190 Leo
894 4131 972 4188 IX
1015 4127 1525 4212 (1048—1054).
1590 4131 1784 4189 Natus
1841 4130 1913 4189 de
1946 4131 2327 4208 suscipienda
2343 4150 2547 4207 pugna
2576 4131 2639 4188 in
2672 4131 2882 4205 primis
2916 4130 3132 4190 adver·

501 4225 597 4278 est
647 4221 865 4289 ano,
918 4220 1005 4277 ita
1054 4224 1193 4279 ante
1243 4221 1668 4296 appellabatur,
1720 4220 1785 4277 in
1842 4238 1944 4278 sus
1979 4220 2290 4278 simoniam
2323 4225 2503 4296 atque
2535 4219 2879 4278 clericorum
2917 4220 3131 4277 incon-

502 4310 771 4367 Alsatiae
833 4309 1051 4385 oppido
1112 4309 1413 4386 Egisheim
1481 4319 1580 4371 21.
1643 4309 1784 4371 Jun.
1840 4309 2173 4372 tinentiam.
2225 4309 2379 4368 Hinc
2398 4306 2650 4388 plura(l
2676 4303 2730 4391 1)
2751 4309 2966 4366 habuit
2984 4327 3129 4367 con-

514 4407 677 4460 1002
713 4397 1087 4456 nobilissima
1118 4399 1321 4475 stirpe.
1386 4398 1543 4456 Puer
1574 4399 1784 4457 educa-
1841 4393 2059 4480 cilia¹)‚
2091 4399 2154 4456 in
2188 4398 2406 4473 quibus
2439 4398 2511 4457 de
2531 4397 2823 4473 episcopis
2844 4397 3128 4473 pluribus

503 4491 606 4544 tus
641 4487 755 4545 fuit
785 4486 945 4545 Tulli
978 4487 1179 4563 ibique
1210 4488 1448 4546 videtur
1479 4488 1784 4562 professus
1842 4487 1916 4545 ob
1962 4488 2272 4545 simoniam
2312 4487 2623 4562 judicavit,
2673 4487 2909 4560 aliquot
2943 4487 3126 4563 depo·

506 4576 690 4633 vitam
736 4575 1149 4634 monasticam:
1213 4577 1351 4635 inde
1412 4576 1650 4634 transiit
1709 4576 1783 4634 ad

506 4665 702 4721 aulam
753 4664 1000 4721 Conradi
1050 4664 1122 4735 11,
1173 4665 1267 4723 cui
1320 4665 1610 4741 sanguine
1660 4668 1788 4723 erat

498 4752 771 4823 junctus,
819 4756 1063 4826 propter
1108 4772 1337 4810 morum
1371 4754 1681 4812 candorem
1726 4757 1789 4812 et

1899 4693 2085 4818 Ιὲῃῦΐ.
2149 4692 2217 4745 de
2279 4691 2369 4744 his
2432 4690 2664 4760 synodis
2729 4690 2995 4746 Hefele
3049 4691 3128 4744 IV

1844 4773 1869 4829 ἓ
2037 4781 2097 4816 8.
