3505 5161
491 165 566 219 15
578 166 609 220 7
1212 150 1513 201 326—400.
1541 144 1595 198 S.
1624 142 1934 214 Gregorius
1962 141 2360 196 nazianzenus,
2979 159 3000 210 1
3019 156 3102 215 63

483 333 557 393 ad
586 333 753 391 illam
784 333 1102 409 regendam
1135 331 1459 402 ecclesiam,
1506 348 1626 389 non
1671 332 1766 390 est
1820 330 1959 389 dum
1988 330 2236 400 curavit,
2269 332 2588 403 totumque
2619 325 2831 385 exinde
2864 345 2928 385 se
2960 342 3102 386 con-

483 424 801 482 cunctatus
823 421 1161 498 Gregorius,
1192 419 1478 495 venitque
1512 420 1576 478 in
1594 419 1762 478 auxi-
1818 418 2194 494 templationi
2256 420 2436 491 atque
2484 435 2730 492 operum
2791 416 3103 491 scriptioni

483 510 633 570 lium
666 504 744 590 (a.
780 505 934 591 379)
982 512 1042 568 et
1087 509 1253 568 brevi
1284 508 1622 568 admirabili
1654 526 1766 567 sua
1818 507 2068 567 dicavit:
2102 526 2222 583 quo
2240 510 2439 567 tamen
2472 524 2592 565 non
2623 505 2900 565 obstante
2932 505 3102 564 solli-

483 598 842 674 eloquentia,
864 598 1204 675 prudentia,
1237 599 1479 676 pietate,
1513 616 1639 657 rem
1670 616 1760 656 re·
1818 596 2148 656 citudinem
2178 596 2436 656 retinuit
2465 595 2609 654 boni
2641 594 2972 653 communis
3004 612 3102 653 ec*

485 687 692 747 stituit
736 688 1084 747 catholicam
1119 688 1519 765 purgavitque
1549 686 1760 746 civita-
1818 686 2149 757 clesiamm,
2195 689 2257 744 et
2300 686 2511 744 harum
2541 703 2653 760 pro
2688 682 2914 742 viribus
2944 682 3100 742 nite-

480 780 606 837 tem
636 776 710 835 ab
742 777 970 836 haeresi
1001 780 1062 836 et
1101 795 1223 836 non
1253 776 1635 836 obstantibus
1668 793 1762 835 ac·
1817 775 1996 833 batur
2045 793 2386 853 promovere
2437 773 2703 833 ordinem
2768 776 2831 830 et
2878 790 3099 849 pacem.

482 866 746 926 cerrimis
766 866 1124 925 Arianorum
1138 864 1633 925 insectationibus
1666 864 1763 924 vel
1816 864 2142 924 Laboribus
2192 864 2468 940 curisque
2531 862 2696 922 senio
2756 861 3104 937 morbisque

483 973 619 1014 cum
649 955 809 1014 vitae
840 956 1107 1030 periculo
1125 955 1414 1030 plurimos
1434 954 1761 1015 haereticos
1819 953 2122 1013 confectus
2155 953 2308 1012 obiit
2337 971 2385 1012 c.
2416 972 2466 1011 a.
2503 961 2629 1016 389
2665 951 2761 1010 vel
2796 959 2941 1014 390.

481 1044 555 1103 ad
585 1062 786 1103 veram
818 1043 1055 1103 reduxit
1087 1044 1428 1104 Ecclesiam.
1497 1042 1625 1113 Qua
1665 1061 1762 1102 oc-

481 1133 714 1192 casione
728 1133 1128 1210 Hieronymus
1148 1134 1278 1210 ejus
1297 1133 1453 1192 fama
1470 1135 1762 1192 attractus
1911 1140 2011 1196 88.
2043 1132 2211 1190 Inter
2256 1132 2388 1207 ejus
2434 1148 2614 1206 opera
2657 1128 2924 1189 eminent
2960 1146 3098 1187 ora·

482 1222 1056 1298 Constantinopolim
1106 1222 1179 1280 ad
1228 1242 1365 1282 eum
1396 1221 1761 1281 audiendum
1818 1223 1996 1280 tiones
2026 1216 2163 1301 (45)
2194 1238 2330 1280 vere
2361 1219 2638 1278 classicae
2684 1217 2759 1276 ob
2804 1217 2942 1275 fidei
2975 1217 3099 1275 sin·

479 1310 662 1383 venit,
697 1310 1079 1387 quamobrem
1111 1330 1247 1370 eum
1294 1330 1472 1371 suum
1502 1311 1766 1387 appellat
1820 1311 2124 1369 ceritatem
2139 1354 2154 1381 ,
2229 1311 2626 1384 conceptuum
2700 1306 3099 1377 nobilitatem,

483 1402 918 1475 praeceptorem
940 1396 1038 1481 (de
1065 1401 1213 1459 viris
1237 1401 1324 1458 ill.
1339 1420 1385 1461 c.
1412 1397 1577 1476 117).
1609 1400 1763 1459 Hinc
1818 1399 2193 1475 eloquentiae
2241 1397 2613 1474 elegantiam.
2695 1396 2901 1456 Palma
2959 1412 3108 1455 vero

480 1488 747 1547 unanimi
777 1489 1045 1548 fidelium
1086 1490 1372 1567 suffragio
1424 1490 1489 1547 in
1534 1489 1762 1564 episco-
1818 1487 2071 1547 debetur
2102 1487 2369 1563 quinque
2417 1485 2788 1544 orationibus
2833 1484 2902 1543 de
2946 1485 3097 1542 theo-

480 1596 624 1652 pum
658 1581 750 1636 est
770 1578 994 1637 electus
1012 1574 1057 1659 ¹)
1090 1578 1221 1655 ipso
1254 1597 1382 1637 eam
1402 1577 1605 1637 sedem
1633 1595 1759 1636 mo·
1817 1578 1968 1653 loyia
1999 1576 2104 1634 ΟΡ.
2155 1575 2374 1635 habitis
2404 1594 2660 1651 quarum
2690 1574 2926 1633 intuitu
2956 1592 3097 1648 prae

480 1665 648 1724 deste
679 1670 1006 1726 recusante.
1062 1668 1427 1726 Electionem
1460 1666 1760 1725 communi
1816 1665 2064 1741 reliquis
2112 1664 2386 1742 patribus
2435 1681 2650 1723 nomen
2700 1662 3095 1738 ,theologi‘

479 1755 704 1814 calculo
735 1756 1195 1830 comprobarunt
1224 1758 1423 1831 patres
1468 1756 1534 1814 in
1580 1774 1758 1831 syno-
1815 1756 2150 1830 promeruit
2165 1750 2228 1835 ¹).
2293 1754 2377 1812 lis
2427 1752 2770 1812 continetur
2817 1770 3096 1826 compen-

479 1843 622 1902 dum
654 1847 801 1902 tunc
832 1844 1174 1921 congregati
1206 1840 1425 1926 (381):
1477 1863 1662 1920 quare
1695 1844 1759 1902 in
1815 1843 1984 1903 dium
2015 1844 2204 1902 veluti
2222 1844 2393 1902 tract.
2427 1843 2499 1902 de
2520 1843 2640 1900 Deo
2672 1859 2795 1900 uno
2826 1844 2888 1900 et
2916 1840 3101 1905 trino.

480 1933 617 1992 sede
637 1932 1284 2007 constantinopolitana
1309 1936 1403 1992 est
1420 1934 1758 1996 collocatae.
1814 1932 1978 1991 Duae
1997 1931 2296 1991 orationes
2316 1932 2401 2007 (4.
2419 1934 2483 1990 et
2498 1926 2582 2012 5.)
2603 1932 2748 1989 sunt
2766 1929 3098 1990 invectivae

480 2022 606 2090 Quo
638 2021 793 2078 facto
822 2038 956 2079 mox
989 2022 1234 2080 dissidia
1263 2025 1395 2080 orta
1427 2024 1571 2080 sunt
1601 2022 1761 2081 inter
1814 2023 1876 2079 in
1895 2021 2207 2080 Julianum
2224 2024 2360 2096 imp.
2379 2019 2770 2096 probabiliter
2796 2021 2938 2095 post
2965 2018 3098 2093 ejus

479 2110 691 2185 synodi
722 2112 939 2185 patrae,
974 2110 1150 2169 etiam
1171 2113 1414 2187 propter
1445 2111 1595 2170 hanc
1626 2113 1758 2187 ejus
1812 2112 2064 2169 mortem
2098 2105 2206 2191 (26
2230 2110 2271 2169 J
2272 2128 2374 2168 un.
2408 2105 2561 2189 363)
2594 2108 2810 2169 editae.
2848 2107 3094 2167 Prodic-

479 2199 543 2257 in
589 2198 787 2256 sedem
819 2198 922 2260 ΟΡ.
968 2199 1429 2276 promotionem:
1479 2219 1664 2276 quare
1710 2219 1756 2263 s.
1813 2208 1959 2259 runt
1989 2199 2237 2258 seorsim
2270 2217 2413 2257 cura
2444 2196 3095 2273 MontaiguEtonae

476 2287 714 2363 praesul
761 2287 920 2362 quod
948 2288 1055 2347 diu
1099 2288 1479 2366 cogitaverat,
1512 2289 1755 2365 exsequi
1821 2298 1985 2351 1610
2020 2289 2085 2347 in
2121 2297 2176 2350 4.
2209 2306 2343 2346 cum
2363 2282 2626 2367 Nonniss)
2659 2285 3003 2345 collectione
3035 2286 3106 2347 et¹

478 2376 719 2443 statuit,
784 2377 1128 2453 episcopatu
1190 2396 1254 2437 se
1316 2377 1588 2436 abdicare
1650 2377 1758 2436 illa
1811 2376 2178 2453 expositione
2229 2376 2618 2436 historiarum
2680 2375 2866 2453 (ultra
2924 2369 3095 2453 138),

476 2465 796 2540 prophetae
827 2467 1009 2524 verba
1037 2485 1364 2542 usurpans:
1414 2467 1482 2526 Si
1514 2474 1758 2542 propter
1811 2484 2066 2541 quarum
2097 2465 2162 2523 in
2189 2465 2267 2524 iis
2287 2464 2561 2524 meminit
2580 2463 2917 2540 Gregorius.
2950 2462 3097 2521 Eam

478 2572 566 2613 me
595 2562 874 2613 commota
905 2563 986 2614 est
1016 2558 1130 2615 ista
1162 2562 1484 2637 tempestas,
1534 2556 1758 2631 dejicite
1810 2553 2049 2614 exhibet
2078 2558 2140 2613 et
2171 2554 2266 2613 Mi
2283 2573 2378 2632 gn
2396 2573 2427 2613 6
2446 2552 2702 2625 XXXVI,
2741 2561 2934 2617 985-1
2950 2560 3026 2616 05
3038 2559 3094 2614 8.

406 2639 415 2648 '
479 2662 565 2701 me
615 2645 678 2701 in
727 2662 909 2719 mare,
961 2653 1024 2703 ut
1071 2664 1168 2704 vos
1212 2647 1429 2718 iactari
1476 2647 1757 2705 desinatis
1811 2643 1978 2702 Aliae
1998 2644 2295 2703 orationes
2315 2647 2460 2703 sunt
2476 2643 2749 2712 morales,
2771 2641 3100 2713 festivales,

476 2728 636 2813 (Jon.
694 2743 745 2803 1,
785 2729 909 2814 12).
978 2736 1135 2793 Ante
1180 2733 1512 2794 discessum
1558 2753 1754 2794 coram
1810 2732 2215 2809 panegyricae,
2249 2736 2321 2792 ut
2350 2735 2415 2790 in
2432 2752 2478 2793 8.
2500 2732 2892 2790 Athanasium
2914 2725 3092 2811 (21.)‚

483 2831 601 2884 150
624 2822 919 2898 episcopis
939 2824 1283 2900 populoque
1302 2824 1565 2883 civitatis
1585 2842 1752 2900 egre·
1808 2823 1872 2879 in
1916 2841 1961 2880 s,
2006 2822 2297 2880 Basiliam
2343 2823 2424 2881 M.
2472 2816 2649 2902 (43.)‚
2701 2819 2984 2879 funebres
3029 2821 3095 2876 in

472 2910 631 2985 giam
662 2910 875 2969 habuit
918 2913 1242 2972 orationem
1274 2909 1415 2996 (42)
1446 2915 1754 2988 praestan·
1798 2917 2036 2985 patrem
2069 2911 2420 2987 Gregorium
2450 2905 2560 2991 (or.
2603 2919 2698 2973 18.
2732 2908 2806 2966 al.
2848 2901 2987 2988 19.)‚
3028 2909 3102 2966 in

470 2999 774 3058 tissimum
806 3001 953 3059 artis
988 3003 1276 3061 oratoriae
1307 3003 1656 3078 exemplum,
1690 3002 1754 3060 in
1813 2999 2155 3058 Caesarium
2201 3000 2442 3058 fratrem
2490 2994 2601 3080 (or.
2638 3009 2693 3061 7.
2740 2998 2814 3057 al.
2869 2992 2993 3077 10.)
3040 3003 3094 3054 et

472 3107 591 3163 qua
621 3091 844 3147 statum
877 3092 1015 3149 ante
1053 3109 1230 3149 suum
1274 3093 1598 3150 adventum
1643 3091 1751 3148 tri·
1811 3088 2166 3165 Gor-qoniam
2231 3106 2492 3148 sororem
2542 3082 2649 3168 (or.
2704 3095 2760 3149 8.
2811 3086 2885 3144 al.
2944 3081 3092 3166 11.),

471 3180 619 3236 stem
654 3177 832 3253 hujus
865 3179 1145 3237 ecclesiae
1182 3179 1411 3238 confert
1443 3198 1577 3238 cum
1609 3197 1750 3255 pro-

474 3283 646 3342 spera
676 3267 806 3341 ejus
838 3266 1175 3326 conditione
1206 3269 1526 3344 praesenti,
1574 3269 1750 3328 fidem
1888 3281 1920 3334 ¹)
1951 3277 2181 3331 Illarum
2207 3275 2522 3331 versionem
2540 3274 2780 3330 latinam
2805 3271 3093 3328 edidimus

470 3353 544 3412 de
605 3354 898 3414 Trinitate
959 3357 1217 3431 exponit,
1282 3357 1533 3415 dissidia
1593 3357 1751 3414 inter
1806 3346 1956 3399 inter
1981 3347 2074 3401 SS·
2101 3347 2144 3399 Ρ
2148 3347 2208 3400 P·
2256 3364 2448 3418 opusc.
2490 3348 2589 3401 ⁸01·
2634 3349 2674 3400 f·-
2718 3344 2900 3398 XXIX
2927 3343 3093 3399 Oeni-

468 3442 777 3519 episcopos
810 3443 1096 3519 deplorat.
1162 3446 1520 3503 Nazianzum
1552 3463 1745 3505 rever·
1805 3421 1978 3499 1³9¹?oe
2012 3422 2165 3500 18:33.
2191 3419 2259 3499 ,Ρ
2261 3419 2561 3473 redierunt
2586 3433 2716 3472 cum
2743 3414 3089 3497 quibusdam

1804 3489 1934 3543 alus
1961 3491 2315 3544 orationibus
2331 3493 2390 3544 et
2404 3506 2493 3559 ep.
2508 3487 2582 3542 ad
2599 3488 2937 3544 Cledonium
2951 3490 3058 3541 etc.
3075 3509 3102 3548 ςΔ

468 3549 571 3589 sus
603 3532 664 3588 et
709 3531 889 3606 hujus
923 3533 1200 3592 ecclesiae
1232 3533 1747 3593 administratione
1804 3577 2004 3628 graece
2032 3562 2090 3614 ef,
2113 3561 2291 3616 latine
2332 3577 2469 3616 cura.
2509 3559 2605 3615 (30
2623 3559 2751 3614 ldh
2771 3575 2920 3622 orn,
2960 3557 3089 3629 Lip-

472 3637 532 3678 se
565 3619 730 3677 exuit
759 3624 940 3696 atque
971 3622 1272 3682 Eulalium
1305 3624 1359 3681 ei
1405 3622 1749 3699 praeficien-
1804 3631 1920 3685 siae
1969 3638 2121 3688 1854.
2167 3631 2362 3688 critice
2407 3650 2534 3686 cum
2577 3629 3003 3685 introductione
3031 3631 3108 3683 et.

1804 3703 2272 3759 annotationibus
2311 3720 2427 3758 cur.
2467 3703 2518 3756 J.
2560 3704 2628 3759 A.
2653 3701 2905 3756 Mason
2931 3700 3090 3756 Cam·

1805 3774 1932 3828 brid
1977 3791 2005 3827 e
2038 3783 2103 3830 18
2180 3816 2193 3827 .

545 3848 580 3915 ¹)
607 3843 842 3915 Magnas
860 3844 913 3899 ei
928 3845 1215 3900 molestias
1241 3862 1306 3899 ea
1327 3844 1616 3899 occasione
1638 3864 1747 3900 cre·
1878 3849 1918 3916 ²)
1935 3793 2085 3910 {luis
2107 3782 2289 3899 Si'iierit
2315 3846 2410 3901 hic
2436 3845 2491 3898 N
2508 3862 2539 3898 o
2554 3865 2593 3900 n
2607 3863 2647 3898 n
2667 3864 2702 3898 u
2720 3862 2762 3908 s,
2801 3860 2920 3897 non
2947 3842 3100 3897 satis.

465 3915 587 3968 avit
604 3915 661 3969 M
677 3932 711 3969 a
727 3934 760 3968 x
778 3916 870 3971 im
885 3935 923 3969 u
941 3934 965 3969 s
993 3915 1237 3985 Cynicus
1253 3933 1349 3969 seu
1368 3915 1747 3988 philosophus
1803 3916 2005 3984 liquet.
2020 3917 2138 3971 Alii
2158 3934 2287 3972 eum
2307 3917 2510 3971 dicunt
2526 3918 2697 3987 gente
2713 3913 3087 3985 Aegyptium,

504 3987 652 4041 atria
678 3987 1098 4050 alexandrinus,
1128 3989 1231 4056 qui
1256 4004 1313 4042 se
1341 3987 1660 4043 insinuavit
1685 3988 1745 4042 in
1802 3990 1943 4042 urbe
1954 3988 2448 4058 Panopolitanum‚
2465 3988 2745 4052 abbatem,
2758 3985 2861 4055 qui
2876 3984 3089 4039 vixerit

514 4059 727 4130 regorii
769 4058 1024 4141 animum
1074 4060 1189 4114 doli
1234 4059 1487 4114 nescium
1543 4062 1617 4114 ab
1660 4077 1746 4113 eo·
1801 4075 1853 4112 a.
1881 4068 2001 4115 410.
2039 4060 2229 4140 ,Juxta
2255 4059 2524 4140 Patz‘ig
2568 4059 2638 4112 de
2667 4056 2992 4113 Nonnianis
3016 4055 3082 4109 in

462 4130 1267 4256 flxssessssssss..a¹§z¹3¹mffl{³sszz.
1295 4131 1746 4273 {finiffiuss‘ssiss
1802 4129 2479 4272 {ngsstfftifffffgtss}
2498 4131 3100 4255 ..ἶῗεοὲοῗὲἓῖὶῗέὲῖῗ

463 4275 732 4342 copatum
787 4272 1130 4327 auctoritate
1181 4272 1337 4326 Petri
1386 4273 1745 4328 alexandrini
1802 4272 2112 4328 lectionum
2169 4272 2323 4327 oruit
2341 4272 2576 4328 ineunte
2599 4289 2705 4327 sec.
2724 4270 2820 4326 VI.
2837 4270 2901 4325 in
2917 4268 3086 4338 Syria

462 4343 646 4397 missis
674 4344 777 4400 ΟΡ.
800 4344 1143 4412 quibusdam
1160 4344 1441 4414 episcopis
1456 4345 1745 4416 aegyptiis
1801 4345 1891 4398 vel
1916 4343 2238 4398 Palaestina
2283 4344 2589 4414 ipsumque
2632 4342 2686 4396 N
2689 4342 2828 4397 onni
2871 4357 3096 4396 nomen

462 4413 523 4469 in
549 4414 879 4485 episcopum
904 4419 990 4468 est
1014 4414 1325 4469 ordinatus.
1376 4415 1590 4469 Verum
1615 4433 1744 4486 mox
1801 4414 2028 4470 nonnisi
2055 4414 2394 4485 conjecturis
2420 4413 2611 4469 inniti.
2653 4412 2947 4484 Ejusmodi
2972 4413 3084 4469 col-

464 4503 593 4539 cum
622 4485 739 4539 suis
765 4486 1046 4557 episcopis
1071 4503 1105 4539 a
1130 4504 1203 4557 po
1250 4487 1345 4541 ulo
1367 4491 1426 4540 et
1444 4486 1591 4542 clero
1614 4487 1743 4541 sede
1800 4487 2070 4541 lectiones
2097 4485 2430 4557 compilavit
2455 4484 2629 4540 etiam
2673 4484 2734 4542 in
2772 4502 2850 4540 or.
2878 4503 2920 4541 s.
2949 4483 3085 4537 Gre-

461 4559 520 4610 et
543 4556 776 4612 civitate
805 4559 1003 4627 pulsus
1030 4561 1130 4611 est.
1229 4560 1266 4611 f.
1296 4574 1443 4625 quae
1472 4576 1642 4628 supra
1670 4559 1739 4613 de
1798 4558 1947 4626 gorii
1972 4557 2035 4611 in
2061 4576 2104 4612 s.
2132 4557 2410 4613 Basilium
2438 4559 2497 4612 et
2521 4557 2581 4613 in
2607 4573 2687 4611 or.
2713 4556 2784 4610 de
2805 4554 2978 4612 sacris
2995 4556 3084 4611 lu-

462 4643 526 4682 eo
569 4643 636 4681 ex
667 4628 839 4686 Hier
856 4646 887 4681 o
904 4646 995 4696 ny
1012 4648 1067 4681 m
1084 4646 1117 4682 o
1162 4629 1231 4683 de
1275 4628 1414 4682 viris
1453 4628 1534 4684 ill.
1563 4648 1607 4684 c.
1640 4633 1743 4687 127
1798 4628 2064 4694 minibus,
2093 4646 2236 4696 quas
2261 4628 2436 4683 habes
2476 4627 2724 4699 Migne
2765 4628 2840 4683 ib.
2872 4627 3096 4684 1057-

166 4777 171 4780 2
186 4761 203 4772 2
218 4698 654 4948 ‘Nmtafi
662 4716 802 4753 mus,
1803 4706 1954 4756 1073.

126 4781 163 4820 f.
