3505 5161
613 236 777 289 1059
887 222 1252 273 1073—1100.
1281 216 1628 286 Disciplinae
1655 218 1726 270 ad
1758 238 1824 271 ss.
1856 217 1937 273 lit.
1967 221 2304 289 spectante...
2333 219 2951 281 Sal-muel,-RicharduS,

3066 239 3230 289 1060

606 405 851 464 fuerunt
900 401 1313 487 illustratae¹).
1368 439 1449 449 —
1501 406 1590 464 De
1644 408 1885 465 celanda
1941 406 2443 465 mohammedanis
2505 409 2567 464 et
2627 406 2914 465 Alcorano
2967 406 3005 464 J
3011 406 3234 464 udaeos

604 496 947 570 confessione
980 494 1238 565 libellus,
1278 497 1342 553 in
1375 514 1494 570 quo
1526 496 1675 554 mira
1706 516 1884 571 quae·
1940 496 2226 556 confutat.
2289 495 2520 554 Prodiit
2565 495 2660 554 hic
2708 496 2742 552 l.
2784 496 3043 570 primum
3077 499 3236 553 Ant-

604 583 737 641 dam
759 584 1019 642 occurrit
1039 584 1258 660 opini0,
1292 603 1443 660 quae
1476 584 1618 644 satis
1642 588 1887 660 torquet
1939 586 2195 662 werpiae
2223 594 2422 655 14863
2456 585 2519 644 in
2550 586 2638 643 ed.
2667 584 2930 643 Sichardi
2956 584 3238 643 Antidot.

604 672 925 750 theologos,
945 673 1017 731 de
1051 673 1437 732 confessionis
1470 674 1593 733 scil.
1626 674 1883 733 necessi·

605 764 756 821 tate:
797 762 1070 820 libellum
1102 763 1151 820 D
1170 782 1203 820 a
1221 762 1302 820 ch
1320 781 1350 820 e
1366 782 1448 837 ry
1479 764 1882 822 annotationi-

604 851 718 908 bus
750 851 1097 910 illustravit.
1161 851 1497 926 Supersunt
1540 852 1656 910 alia
1701 871 1881 927 quae-

603 939 736 997 dam
759 940 1006 999 minoris
1026 940 1327 999 momenti.
1361 975 1447 984 —
1478 941 1698 1017 Aliqua
1729 944 1879 1017 ejus·

603 1028 737 1087 dem
770 1047 1015 1104 operum
1049 1029 1422 1089 intercidisse
1464 1030 1765 1102 dicuntur,
1815 1034 1885 1089 ut

603 1120 672 1175 de
703 1118 994 1193 laudibus,
1044 1119 1366 1195 triumphis
1399 1122 1462 1177 et
1492 1121 1670 1178 rebus
1702 1121 1885 1197 gestis

604 1206 886 1265 Guilelmi
918 1208 1177 1277 comitis;
1211 1209 1470 1283 epitome
1501 1210 1570 1266 de
1600 1209 1771 1268 rebus
1803 1229 1883 1267 ec-

604 1297 938 1355 clesiasticis
987 1315 1094 1356 suo
1144 1300 1408 1372 tempore
1459 1298 1660 1375 gestis,
1724 1299 1882 1374 quod

602 1384 754 1444 forte
786 1385 942 1444 idern
974 1389 1068 1444 est
1098 1404 1233 1444 cum
1267 1386 1486 1462 scripto
1530 1389 1598 1445 de
1642 1389 1883 1446 ordina-

603 1475 753 1533 tione
771 1494 904 1556 sua,
925 1475 990 1533 in
1004 1492 1122 1551 quo
1139 1479 1342 1534 narrat
1357 1494 1494 1534 suas
1512 1495 1644 1536 cum
1664 1476 1885 1535 Thoma

603 1563 943 1622 eboracensi
966 1566 1417 1636 controversias,
1440 1566 1700 1640 primum
1721 1566 1883 1625 edito

602 1672 637 1711 a
666 1653 1038 1712 Boehmer
1069 1673 1160 1729 op.
1193 1655 1292 1713 cit.
1323 1659 1430 1717 ete.

704 1786 847 1839 593.
897 1776 1039 1835 Cum
1105 1777 1392 1837 hactenus
1453 1779 1749 1855 egerimus
1811 1779 1883 1838 de

603 1865 992 1941 scriptoribus
1023 1867 1463 1941 polemicis,
1506 1869 1882 1943 praetermit-

599 1958 726 2013 tere
758 1954 1040 2014 nolumus
1074 1955 1498 2015 Samuelem
1531 1958 1714 2033 vulgo
1748 1958 1880 2015 Ma-

601 2043 1069 2103 rocchianus
1120 2046 1622 2121 cognominatum,
1675 2047 1880 2104 Fessa-

599 2151 745 2190 num
793 2133 1006 2208 patria,
1068 2132 1383 2206 Judaeum,
1448 2136 1553 2210 qui
1604 2155 1653 2198 a.
1714 2146 1877 2199 1085

603 2220 794 2279 Toleti
840 2221 914 2279 ad
960 2222 1136 2280 fidem
1181 2223 1563 2281 christianam
1611 2228 1703 2283 est
1742 2242 1879 2283 con-

601 2328 826 2368 versus.
877 2311 1126 2386 Scripsit
1143 2311 1334 2370 adhuc
1354 2312 1619 2371 Judaeus
1651 2314 1883 2372 arabice

598 2399 906 2458 historiam
953 2401 1407 2460 concertationis
1453 2420 1588 2460 cum
1620 2403 1878 2461 Albuca-

599 2487 732 2546 belo
748 2489 1364 2548 Mohammedanorum
1380 2490 1684 2567 magistm,
1701 2511 1881 2567 quam

600 2597 668 2636 ex
700 2577 931 2638 arabico
964 2579 1211 2637 latinam
1256 2579 1394 2638 fecit
1432 2580 1880 2656 Alphonsus

598 2667 1007 2726 Bonihominis
1042 2667 1106 2726 Ο.
1127 2668 1332 2727 Praed.
1365 2665 1447 2748 (n.
1479 2669 1670 2751 1339)
1692 2675 1755 2729 et
1785 2671 1878 2729 in-

600 2757 840 2833 scripsit
893 2757 932 2815 l.
978 2758 1046 2814 de
1095 2758 1338 2815 adventu
1387 2758 1648 2834 Messiae,
1702 2778 1877 2835 quem

596 2845 635 2902 J
642 2845 813 2903 udaei
847 2847 1070 2905 temere
1106 2849 1465 2922 exspectant.
1529 2849 1738 2907 Multis
1786 2869 1877 2907 ra-

597 2933 866 2993 tionibus
888 2935 1115 3011 probat,
1127 2936 1375 3011 judaeos
1390 2937 1537 2995 iram
1556 2937 1879 2996 incurrisse

599 3023 722 3092 Dei,
736 3024 1021 3100 gravique
1033 3024 1266 3082 cuidam
1289 3026 1571 3084 obnoxios
1596 3044 1724 3085 esse
1744 3046 1878 3104 pec-

598 3115 744 3183 cat0,
762 3112 1012 3188 ideoque
1031 3116 1157 3171 tam
1176 3114 1406 3172 tristem
1423 3115 1487 3172 in
1512 3114 1752 3174 modum
1775 3135 1882 3191 per

597 3201 797 3259 orbem
842 3201 1159 3276 dispersos
1224 3202 1354 3262 Mox
1388 3203 1461 3262 de
1499 3224 1646 3263 vana
1677 3205 1874 3263 obser·

597 3289 799 3348 vantia
829 3291 980 3367 legis
1014 3309 1219 3349 eorum
1238 3291 1428 3367 deque
1449 3294 1732 3352 caecitate
1754 3294 1876 3352 dis-

598 3379 760 3448 serit,
795 3383 856 3437 et
875 3379 1035 3454 quod
1052 3379 1206 3438 illud
1227 3386 1536 3456 peccatum
1556 3383 1874 3441 maximum

594 3486 715 3526 non
748 3467 912 3526 aliud
946 3469 1044 3538 sit,
1078 3488 1255 3544 quam
1278 3470 1437 3546 quod
1459 3471 1757 3530 Christum
1786 3491 1875 3530 re-

594 3556 907 3632 probarint
937 3559 1235 3633 mortique
1267 3559 1642 3619 tradiderint.
1704 3563 1875 3620 Prae·

594 3648 756 3703 terea
787 3646 858 3704 de
891 3646 1119 3721 duplici
1140 3647 1355 3706 Christi
1390 3649 1653 3709 adventu
1685 3650 1877 3726 deque

599 3735 938 3794 ascensione
969 3735 1033 3793 in
1066 3736 1294 3795 coelum
1327 3736 1614 3813 disputat,
1662 3739 1735 3798 de
1782 3759 1873 3798 re·

597 3823 942 3898 probatione
973 3824 1340 3884 Judaeorum
1373 3829 1553 3902 atque
1586 3829 1875 3887 electione

594 3913 880 3987 gentium,
916 3914 987 3971 de
1018 3915 1419 3988 apostolorum
1443 3916 1874 3976 substitutione

593 4001 721 4059 loeo
752 4002 1195 4077 prophetarum,
1243 4005 1315 4062 de
1359 4004 1747 4064 institutione
1782 4025 1872 4064 sa-

592 4090 797 4148 crificii
817 4090 1190 4150 eucharistici
1210 4093 1445 4168 rejectis
1468 4094 1746 4154 omnibus
1772 4097 1872 4170 ju·

592 4179 791 4236 daiciS.
883 4179 1188 4238 Postremo
1249 4200 1316 4240 ex
1380 4181 1530 4258 ipsis
1592 4183 1871 4243 hostibus

1941 678 2146 732 contra
2188 674 2475 745 haereseS,
2524 674 2791 733 Basileae
2834 682 3033 744 15283
3083 674 3238 733 bibl.

1942 762 2491 839 PP.1ugd.XV111‚
2545 773 2702 833 5183
2750 763 3005 839 Migne
3053 764 3117 821 P.
3176 764 3242 820 L.

1941 853 2177 922 CXLIX,
2216 861 2295 915 33
2308 862 2517 915 5-36
2530 862 2582 916 8.

2036 1040 2178 1093 594.
2213 1031 2377 1089 Circa
2409 1048 2488 1092 ss,
2520 1031 2806 1089 literas
2838 1030 3060 1089 versati
3087 1034 3243 1089 sunt

1941 1123 2175 1194 praeter
2245 1120 2788 1195 Lanfrancum‚
2871 1120 3247 1178 Alulfum

1942 1208 2005 1268 O.
2040 1209 2095 1267 S.
2121 1210 2260 1268 Ben.
2294 1213 2356 1268 et
2385 1210 2817 1268 Brunonem
2850 1210 3243 1271 monachum.

1941 1298 2012 1357 de
2052 1298 2274 1373 quibus
2310 1299 2437 1374 jam
2469 1298 2721 1375 egimuS,
2757 1298 2929 1375 pauci
2962 1300 3246 1359 omnino.

1939 1406 2195 1463 quorum
2254 1387 2485 1446 labores
2548 1388 2620 1445 ad
2676 1405 2783 1446 nos
2834 1406 3026 1461 usque
3100 1408 3247 1463 per-

1940 1476 2228 1538 venerint.
2295 1476 2655 1536 Richardi
2699 1478 2772 1535 de
2804 1477 3106 1535 Dumellis
3148 1478 3247 1535 ab.

1940 1565 2267 1634 Pratellini,
2316 1566 2471 1640 quod
2514 1566 2943 1625 monasterium
2976 1567 3038 1624 in
3076 1566 3246 1624 Nor-

1939 1654 2178 1713 mannia
2194 1655 2377 1713 situm
2396 1658 2504 1724 est,
2519 1655 2978 1714 commentarius
2990 1655 3121 1713 fusi
3131 1656 3250 1714 ssi-

1940 1763 2073 1802 mus
2094 1745 2159 1802 in
2170 1744 2368 1819 priora
2383 1762 2464 1806 cc.
2479 1744 2727 1803 XXVIII
2744 1745 3038 1803 Geneseos
3053 1764 3247 1819 prae-

1938 1836 2032 1891 ter
2064 1833 2353 1908 quaedam
2392 1835 2723 1910 fragmenta
2757 1834 3010 1910 Migne
3065 1834 3248 1903 CLV,

1947 1918 2426 2003 1629—1632),
2467 1927 2529 1981 et
2559 1923 2874 1999 epistolam
2905 1942 3244 2000 nuncupa-

1935 2011 2153 2070 toriam
2183 2011 2256 2069 ad
2290 2029 2334 2073 8.
2356 2014 2706 2071 Anselmum
2728 2017 2881 2071 cant.
2916 2008 3007 2091 (in
3042 2012 3246 2089 hujus

1938 2120 2028 2175 ep.
2063 2101 2214 2163 1.1v
2245 2120 2338 2176 ep.
2380 2111 2519 2171 102,
2554 2102 2807 2178 Migne
2843 2100 3031 2171 CLIX,
3071 2102 3242 2175 251)

1936 2189 2227 2265 prodiisse
2302 2207 2422 2249 non
2484 2190 2739 2249 videtur.
2802 2192 3245 2249 Commentarii

1938 2281 1998 2336 in
2044 2279 2360 2337 Leviticum
2406 2279 2603 2338 editus
2651 2282 2742 2338 est
2784 2282 3024 2338 tantum
3088 2300 3243 2356 pro·

1936 2368 2110 2444 logus
2157 2365 2263 2448 (ib.
2293 2368 2479 2439 CLVI,
2538 2378 2698 2432 1375
2736 2364 2832 2450 8.).
2881 2368 3017 2426 Alia
3066 2388 3239 2428 com-

1936 2458 2225 2516 mentaria
2270 2459 2412 2516 sunt
2461 2458 2701 2517 inedita.
2733 2492 2822 2501 —
2855 2457 3236 2516 Willera·

1935 2565 2093 2606 mus
2145 2543 2486 2629 (Williram,
2550 2547 3010 2616 WilleraminuS,
3072 2546 3236 2606 Wil-

1935 2639 2106 2706 tram,
2144 2632 2456 2718 Waltram)
2491 2639 2669 2696 natus
2695 2638 2760 2695 in
2780 2636 3126 2707 Franconia,
3167 2639 3233 2695 in

1935 2727 2295 2784 monasterIO
2356 2725 2624 2785 beccensi
2698 2727 2812 2785 sub
2874 2726 3231 2794 LanfrancO,

1936 2815 2075 2873 dein
2125 2814 2389 2883 Parisiis,
2454 2815 2674 2874 studiis
2737 2834 2975 2892 operam
3041 2815 3230 2874 dedit.

1938 2905 2298 2981 Bambergae
2319 2904 2578 2963 scholam
2612 2904 3013 2963 cathedralem
3050 2906 3228 2976 rexit,

1936 2993 2037 3050 sed
2084 2993 2464 3052 considerans
2510 2993 2720 3052 mundi
2768 2994 3021 3071 gloriam
3058 2999 3227 3053 tran·

1937 3081 2055 3140 sire
2089 3100 2224 3140 cum
2258 3086 2538 3159 tempore,
2571 3087 2913 3160 contempto
2937 3085 3144 3142 seculo
3165 3085 3227 3141 in

1936 3170 2292 3230 monasterio
2325 3172 2585 3230 fuldensi
2624 3190 2731 3248 pro
2764 3191 2964 3230 amore
2997 3173 3226 3230 Christi

1934 3264 2159 3319 vestem
2209 3260 2413 3319 induit
2462 3280 2507 3319 S.
2556 3261 2883 3330 Benedicti,
2951 3261 3097 3320 inde
3149 3262 3222 3319 ab

1936 3348 2191 3408 Henrico
2240 3349 2330 3407 III
2378 3350 2600 3408 accitus
2650 3351 2842 3408 suctus
2892 3357 2988 3409 est
3037 3351 3224 3409 abbas

1936 3438 2412 3515 ebersbergensis
2460 3437 2656 3518 (juxta
2699 3440 3222 3499 'l'rithemium

1934 3528 2467 3605 merseburgensiS,
2502 3527 2537 3596 †
2575 3539 2627 3591 5.
2652 3528 2787 3587 Jan.
2821 3529 3030 3610 1085).
3068 3529 3218 3589 Scri·

1934 3617 2057 3690 psit
2107 3617 2401 3693 geminam
2452 3618 2856 3693 paraphrasim
2905 3618 2970 3676 in
3017 3619 3220 3678 Canti-

1932 3723 2068 3764 cum
2088 3706 2469 3776 canticorum,
2503 3707 2750 3765 alteram
2770 3707 3085 3766 metricam
3122 3709 3224 3766 he-

1930 3795 2210 3853 xametris
2242 3795 2511 3862 leonine,
2559 3797 2806 3854 alteram
2840 3797 3050 3871 lingua
3086 3797 3220 3854 vul-

1929 3885 2087 3960 gari:
2134 3884 2268 3942 hinc
2314 3884 2768 3944 distribuuntur
2797 3885 3017 3944 codicis
3046 3886 3217 3962 pagi-

1929 3991 2040 4032 nae
2071 3973 2134 4030 in
2154 3976 2275 4031 tres
2296 3973 2618 4035 columnas.
2665 3973 3045 4033 Praenotavit
3075 3993 3218 4033 vero

1928 4080 2077 4137 opus
2110 4080 2289 4120 suum
2319 4063 2388 4121 dc
2418 4065 2641 4136 nuptiis
2671 4063 2887 4122 Christi
2920 4068 2982 4122 et
3015 4063 3216 4122 Eccle-

1929 4151 2047 4209 siae
2090 4155 2270 4227 atque
2315 4151 2378 4209 in
2422 4151 2794 4227 expositione
2826 4152 3104 4228 sequitur
3136 4171 3214 4210 ss,

1928 4241 2141 4316 patres,
2176 4258 2315 4316 prae
2346 4241 2555 4315 primis
2574 4241 2943 4316 Haymonem
2976 4241 3212 4299 halber-

674 4351 706 4418 ι)
737 4347 1090 4404 Boehmer
1142 4351 1202 4407 in
1249 4352 1286 4405 1⁸
1332 4353 1424 4407 die
1471 4352 1870 4424 Fffischungen
1928 4329 2305 4398 stadiensem,
2329 4347 2434 4388 seu
2455 4330 3004 4407 potiusRemigium
3021 4331 3213 4389 antis·

593 4418 753 4473 Erzb.
796 4419 1115 4475 Lanfranks
1151 4440 1204 4476 v.
1233 4423 1411 4488 Cant..
1453 4424 1686 4496 Leipzig
1717 4433 1870 4488 1902,
1927 4417 2344 4487 siodorensem,
2393 4437 2527 4478 cum
2559 4420 2740 4493 hujus
2788 4419 2870 4477 sit
2913 4437 3208 4478 commen·

591 4508 631 4542 S.
673 4492 993 4560 praeslssem
1043 4499 1288 4557 accusat«,
1339 4511 1469 4548 eum
1511 4513 1614 4565 prO
1656 4498 1871 4551 tuendo
1927 4508 2117 4566 tarius
2173 4508 2237 4567 in
2289 4507 2593 4566 Canticum
2646 4509 2779 4579 Sal„
2846 4527 3021 4583 quem
3083 4509 3209 4583 ipse

592 4560 843 4631 primatu
891 4580 1025 4617 suae
1071 4566 1220 4618 sedis
1246 4583 1416 4635 supra
1463 4569 1649 4620 sedem
1679 4570 1869 4622 ebora-

591 4649 812 4713 censem
842 4633 1067 4716 finxisse
1097 4636 1412 4707 diplomata
1455 4655 1635 4706 eaque
1662 4657 1871 4720 suppo·

591 4719 769 4756 fluisse
795 4721 1046 4758 romanis
1074 4708 1444 4775 pontificibus
1471 4709 1768 4765 Bonifacio

591 4774 650 4823 et
675 4773 910 4838 reliquis
939 4794 1116 4843 usque
1143 4778 1214 4830 ad
1242 4778 1517 4834 «Ioannem
1546 4781 1666 4834 XM.

1927 4596 2224 4672 Haymoni
2246 4599 2578 4672 supposuit.
2627 4597 2859 4656 Prodiit
2888 4615 3011 4660 cur.
3043 4597 3209 4655 Chri·

1797 4711 1869 4764 lv
1928 4686 2121 4760 steph.
2198 4686 2719 4765 Raphelengii
2796 4687 3079 4763 Lugduni
3140 4686 3206 4744 B.

1939 4784 2119 4845 1598,
2171 4775 2271 4833 sed
2311 4775 2487 4850 juxta
2532 4776 2789 4834 codicem
2821 4775 2896 4833 ab
2929 4774 3205 4853 originali
