3505 5161
1071 1565 1554 1677 Addenda
1619 1572 1720 1677 et

1785 1564 2399 1702 corrigenda.

441 1803 596 1861 Dum
645 1820 794 1879 opus
847 1802 1305 1879 imprimeretur,
1339 1802 1629 1878 quaedam
1675 1803 1772 1861 vel
1818 1821 1947 1861 sero
1994 1802 2172 1860 nimis
2219 1802 2314 1860 vel
2359 1802 2760 1861 recentissime
2805 1801 2966 1859 edita
2995 1800 3059 1858 in

441 1901 697 1960 auctoris
745 1918 956 1959 manus
1006 1904 1316 1970 venerunt,
1368 1919 1519 1976 quae
1568 1900 1642 1960 ad
1691 1898 2075 1976 perficiendas
2107 1900 2204 1958 vel
2235 1898 2614 1976 corrigendas
2675 1898 2924 1957 notitias
2986 1898 3060 1956 de

440 1998 783 2058 auctoribus
833 1998 1041 2057 saltem
1089 1998 1395 2073 aliquibus
1441 1999 1608 2057 datas
1654 1998 1862 2057 lectori
1894 1997 2052 2057 haud
2114 1997 2356 2056 inutilia
2417 2000 2610 2058 erunt.
2673 1996 2757 2055 Ea
2808 1995 3055 2073 pagina·

1167 2116 1303 2154 rum
1334 2095 1485 2155 serie
1518 2099 1750 2155 servata
1781 2096 1876 2155 hic
1909 2095 2313 2169 subjiciemus

516 2275 647 2345 Pag.
674 2281 760 2331 34.
788 2274 870 2329 De
898 2273 950 2326 M
971 2292 999 2328 e
1018 2275 1217 2328 liton
1234 2292 1263 2329 e
1297 2276 1367 2328 cf.
1395 2278 1565 2331 etiam
1594 2275 1721 2329 Carl

441 2347 485 2399 T
501 2347 538 2400 h
556 2363 587 2398 o
605 2364 703 2401 ma
719 2364 773 2401 s:
801 2344 999 2400 Melito
1020 2362 1129 2400 von
1144 2346 1362 2411 SardeS,
1391 2347 1722 2402 Osnabrfick

512 2489 645 2559 Pag.
673 2496 759 2544 52.
809 2488 1189 2542 Literaturam
1236 2487 1606 2543 recentiorem
1651 2488 1721 2541 de

440 2559 816 2615 Clemente
865 2559 1237 2615 alexandrino
1287 2560 1593 2631 diligenter
1642 2575 1723 2613 re·

438 2636 631 2686 censet
666 2631 959 2687 Civilta
996 2635 1142 2686 catt.
1176 2638 1307 2688 1902
1335 2635 1376 2686 t.
1413 2640 1429 2687 l
1462 2650 1518 2701 p.
1547 2638 1716 2687 583—

442 2712 561 2760 586.

510 2775 642 2844 Pag.
672 2781 753 2831 58.
782 2773 834 2827 J.
880 2775 945 2826 A.
994 2772 1052 2826 F.
1100 2773 1337 2844 Greeg
1380 2774 1562 2828 edidit
1601 2774 1719 2827 The

436 2849 824 2914 commentary
884 2846 949 2900 of
1003 2844 1046 2900 Ο
1065 2864 1092 2897 ι·
1109 2845 1183 2916 ig
1198 2862 1227 2898 e
1245 2864 1281 2898 ιι
1300 2862 1329 2898 e
1346 2863 1370 2897 s
1432 2864 1577 2913 upon
1638 2849 1721 2899 the

438 2920 637 2986 Epistle
676 2927 727 2972 to
764 2921 847 2971 tlte
886 2921 1183 2986 Ephe-stans
1222 2920 1424 2989 (usque
1463 2917 1535 2969 ad
1565 2918 1602 2972 1.
1636 2921 1718 2976 14)

436 2988 498 3041 in
539 2988 657 3041 The
698 2991 895 3043 Journ.
938 2988 1003 3043 of
1037 2989 1208 3044 theol.
1254 2989 1404 3041 stud.
1431 2991 1612 3060 (1902)
1639 2985 1718 3041 ΙΙΙ

438 3079 490 3112 ιι.
526 3067 605 3115 10.
632 3059 759 3113 Jan.
790 3078 843 3129 p.
872 3065 1169 3116 233—244.

507 3131 639 3200 Pag.
669 3135 752 3187 78.
782 3131 935 3185 luter
980 3130 1257 3199 opuscula
1300 3147 1475 3184 aurea
1516 3149 1556 3184 e.
1605 3129 1720 3198 Cy·

439 3220 472 3270 p
492 3203 601 3254 ria
621 3203 689 3254 ni
731 3203 944 3255 eminet
968 3202 1006 3257 1.
1041 3206 1105 3256 de
1128 3207 1330 3257 unitate
1356 3206 1631 3266 Ecclesiae,
1658 3202 1718 3255 in

436 3289 550 3340 quo
578 3277 886 3327 occurrunt
911 3273 1191 3341 quaedam
1218 3273 1369 3327 dicta
1396 3273 1567 3342 plane
1594 3290 1719 3326 con-

437 3345 633 3412 spicua.
672 3361 773 3414 pro
818 3344 970 3397 Petri
1010 3345 1277 3413 primatu.
1320 3344 1469 3398 Haec
1512 3361 1546 3397 a
1585 3344 1720 3397 viris

435 3416 645 3469 criticis
673 3420 739 3468 ut
763 3415 1232 3486 interpolationes
1257 3419 1449 3484 postea
1475 3417 1718 3469 insertae

436 3488 793 3542 habebantur
828 3487 890 3540 'et
928 3486 988 3539 in
1016 3486 1360 3540 editionibus
1401 3487 1717 3540 recentiori-

437 3560 541 3610 bus
586 3559 1080 3627 expungebantur,
1133 3557 1303 3610 etiam
1348 3575 1382 3610 a
1439 3559 1603 3612 nobis
1658 3558 1718 3610 in

436 3632 627 3681 nostra
666 3629 752 3683 ed.
794 3645 985 3698 opusc.
1020 3629 1111 3683 SS.
1151 3628 1256 3687 PP.
1284 3633 1323 3683 t.
1357 3636 1379 3685 1
1410 3630 1500 3698 (cf.
1530 3648 1583 3698 p.
1612 3633 1718 3699 72).

435 3700 541 3753 Sed
560 3717 628 3754 en
655 3699 708 3759 J,
737 3700 776 3752 C
793 3701 829 3752 h
847 3717 879 3752 a
896 3718 933 3768 p
954 3718 1007 3752 ιιι
1024 3716 1058 3751 a
1075 3719 1112 3752 n
1130 3718 1166 3751 n
1193 3700 1251 3751 in
1270 3700 1402 3754 Rev.
1431 3700 1718 3755 Benedict.

442 3776 572 3826 1902
601 3790 655 3840 p.
685 3777 996 3831 246-254;
1025 3773 1275 3836 357-373,
1302 3774 1360 3825 et
1390 3778 1526 3828 1903
1551 3790 1588 3840 p
1631 3779 1718 3828 26-

436 3849 498 3896 51
531 3841 981 3896 laudabilissima·
1022 3842 1251 3896 solertia
1277 3845 1336 3895 et
1360 3844 1475 3896 acri
1499 3843 1717 3911 judicio

437 3914 630 3966 critico
682 3914 932 3966 ostendit
981 3930 1048 3966 ea
1093 3914 1294 3981 ntique
1338 3930 1455 3969 esse
1506 3915 1717 3968 inserta

434 3985 612 4037 textui
641 3984 924 4054 originali,
954 3985 1048 4037 sed
1069 3986 1190 4054 jam
1220 4002 1323 4040 sec.
1342 3985 1565 4048 111‚imo
1593 4002 1717 4054 pro·

435 4056 778 4109 habilissime
819 4057 893 4109 ab
927 4056 1049 4124 ipso
1086 4060 1316 4110 auctore
1345 4075 1385 4108 s,
1415 4057 1716 4125 CyprianO,

433 4144 562 4180 cum
592 4126 630 4182 l.
647 4127 898 4181 mitteret
913 4127 984 4179 ad
1003 4129 1347 4180 confessores
1364 4128 1572 4181 Romae
1590 4145 1716 4180 con-

1849 2274 1983 2344 Pag.
2018 2282 2128 2331 114.
2161 2275 2282 2345 Igu.
2299 2274 2583 2345 Ephraem
2609 2276 2669 2331 ΙΙ.
2689 2274 2782 2327 Ra
2800 2274 2839 2327 h
2857 2292 2910 2326 ιιι
2926 2275 3058 2336 ani,

1820 2346 2103 2400 atriarcha
2152 2347 2527 2401 antiochenus
2571 2349 2840 2415 Syrorum
2880 2344 3059 2398 edidit

1829 2433 1990 2470 omae
2023 2423 2158 2474 1899
2183 2423 2319 2473 Acta
2360 2419 2703 2488 (originalia)
2743 2436 2812 2470 ss.
2856 2420 3055 2484 confes·

1777 2508 1960 2542 sorum
1978 2491 2173 2544 Gur-iae
2197 2499 2244 2544 et
2259 2492 2556 2544 Shamonae
2581 2491 2812 2543 exarata
2839 2505 2864 2539 s
2906 2488 3057 2541 riaca

1777 2560 1978 2631 lingua
1993 2577 2027 2613 a
2048 2560 2091 2613 T
2107 2560 2147 2613 h
2164 2577 2192 2614 e
2209 2578 2241 2614 o
2260 2579 2296 2630 p
2314 2561 2351 2615 h
2369 2561 2386 2614 i
2405 2560 2473 2615 lo
2501 2561 2768 2616 edesseno
2787 2575 2836 2615 a.
2879 2559 3055 2613 ‘hi-isti

1777 2637 1898 2696 297,
1926 2648 2072 2700 quae
2112 2633 2323 2702 reperit
2360 2634 2420 2685 in
2460 2633 2579 2686 cod.
2621 2650 2781 2686 mser.
2823 2649 2926 2684 sec.
2956 2630 3056 2684 XV

1776 2704 2104 2757 monasterii
2117 2722 2157 2758 s.
2175 2704 2347 2758 Marci
2365 2705 2634 2772 Syrorum
2650 2704 2682 2756 J
2685 2702 3056 2758 acobitarum.

1777 2775 2004 2844 Adjeoit
2029 2775 2344 2829 versionem
2370 2775 2610 2829 latinam
2650 2774 3056 2846 praemisitque

1776 2845 2182 2915 prolegomena
2210 2846 2445 2917 prolixa.
2473 2846 2760 2902 Exhibent
2775 2862 2840 2900 ea
2861 2862 3055 2898 monu-

1775 2920 2034 2970 mentum
2074 2919 2148 2972 ob
2179 2918 2584 2987 antiquitatem
2612 2918 2924 2988 pretiosum
2953 2933 3056 2985 pro

1776 2987 2073 3042 literatura
2100 2990 2334 3057 syriaca.

1848 3059 1982 3131 Pag.
2018 3067 2130 3118 170.
2161 3060 2239 3114 De
2268 3061 2560 3130 tragoedia
2581 3059 2855 3129 inscripta
2875 3063 3055 3114 Chris-

1775 3135 2073 3200 tuspatn‘ens
2083 3133 2153 3186 cf.
2168 3132 2211 3183 B
2228 3149 2261 3184 a
2279 3151 2314 3184 u
2333 3152 2389 3185 m
2406 3152 2444 3222 g
2460 3149 2531 3184 ar
2549 3135 2620 3185 tn
2635 3149 2663 3185 e
2676 3150 2702 3183 r
2718 3130 3056 3184 Geschichte

1776 3202 1876 3255 der
1903 3202 2326 3257 Weltliteratur
2350 3204 2413 3256 It
2446 3203 2744 3275 (Freiburg
2773 3205 2929 3273 1900)
2958 3200 2995 3256 l.
3022 3208 3056 3256 3

1775 3290 1898 3342 cap.
1943 3283 1994 3336 4,
2036 3275 2135 3342 qui
2179 3274 2260 3327 ita.
2301 3275 2370 3327 de
2410 3291 2476 3326 ea
2517 3278 2735 3327 censet:
2776 3273 2874 3327 Bei
2902 3272 3054 3326 allen

1777 3345 2232 3414 philologischen
2259 3345 2490 3399 Snnden
2528 3346 2729 3399 besitzt
2754 3345 2854 3397 das
2882 3343 3056 3397 Stiick

1775 3416 1936 3469 einen
1969 3416 2156 3470 hohen
2185 3416 2337 3470 Grad
2379 3433 2489 3469 von
2530 3416 2722 3469 Poesie
2768 3416 2885 3468 und
2914 3415 3055 3467 wird

1775 3487 1866 3539 fiir
1882 3487 1972 3540 die
1990 3487 2322 3542 Geschichte
2334 3488 2430 3540 des
2442 3488 2809 3541 christlichen
2822 3486 3056 3540 Dramas

1774 3557 1970 3611 allzeit
1996 3559 2326 3613 bedeutsam
2345 3558 2586 3623 bleiben‚
2614 3575 2728 3612 wer
2745 3559 2942 3611 immer
2957 3557 3056 3610 der

1776 3629 2064 3683 Verfasser
2113 3647 2373 3700 gewesen
2424 3630 2542 3683 sein
2606 3647 2753 3700 mag.
2831 3631 2894 3682 In
2957 3628 3056 3681 der

1775 3701 2163 3768 griechischen
2193 3702 2477 3756 Literatur
2515 3704 2590 3754 ist
2627 3719 2684 3756 es
2729 3701 2904 3754 leider
2930 3699 3054 3752 eine

1777 3773 2114 3827 vei-einzelte
2142 3775 2284 3826 Oase
2311 3773 2629 3843 geblieben.

1844 3843 1980 3914 Pag.
2030 3850 2130 3900 184
2196 3848 2391 3900 annot.
2444 3844 2651 3897 Sollers
2694 3843 3056 3911 antiquitatis

1775 3918 2056 3967 scrutator
2095 3915 2336 3968 Morin
2379 3915 2769 3983 quaestionem
2816 3915 2884 3968 de
2927 3915 3056 3966 Am-

1776 3986 2076 4038 brosiastro
2121 3990 2391 4040 retractat
2433 3987 2493 4039 in
2531 3986 2720 4039 Revue
2766 3984 3054 4038 Benedict.

1779 4061 1914 4112 1903
1963 4075 2097 4126 pag.
2154 4065 2426 4114 113-131
2483 4072 2804 4125 novamque
2854 4071 3053 4126 propo-

1773 4128 1861 4180 nit
1909 4130 2311 4198 conjecturam,
2365 4134 2653 4183 auctorem
2709 4127 2827 4181 scil.
2894 4132 3055 4194 Quae-

434 4197 677 4252 stitutos
696 4232 762 4239 —
783 4200 860 4253 De
892 4198 926 4253 l.
944 4217 983 4255 s,
1015 4198 1054 4251 C
1071 4217 1161 4266 yp
1180 4198 1289 4250 ria
1308 4217 1343 4250 n
1361 4215 1393 4250 o
1422 4199 1715 4268 supposito
1770 4204 1997 4254 stionum
2023 4199 2082 4251 in
2110 4200 2176 4257 V.
2205 4204 2260 4253 et
2290 4201 2360 4253 N.
2389 4201 2450 4256 T.
2492 4205 2550 4253 et
2587 4203 2958 4254 commentarii
2995 4197 3054 4249 in

434 4274 606 4324 Coena
627 4274 892 4339 Cypriam·
906 4270 974 4322 cf.
1006 4269 1055 4321 H
1072 4287 1106 4322 a
1123 4288 1150 4321 r
1166 4287 1203 4321 ιι
1221 4287 1255 4321 a
1272 4286 1300 4322 c
1316 4269 1355 4322 k
1384 4269 1512 4324 Drei
1532 4272 1717 4340 wenig
1773 4270 2044 4338 epistolas
2077 4270 2366 4334 Paulinus,
2396 4270 2498 4339 qui
2528 4273 2634 4324 sub
2655 4269 3054 4324 Ambrosiastri

435 4342 725 4395 bea-ehtete
753 4341 1142 4411 cyprianische
1171 4341 1452 4394 Schriften
1468 4343 1527 4393 in
1546 4341 1715 4395 Texte
1775 4342 2000 4395 nomine
2027 4341 2440 4406 circumfertur,
2480 4358 2596 4395 esse
2618 4341 2930 4395 Decimium
2961 4339 3055 4392 Hi-

435 4412 1715 4482 undU11tersuoh.xlxN.F.1V(1892⁴)fase.3‚
1772 4412 2057 4467 larianum
2109 4413 2502 4476 Hilarium,
2567 4414 2753 4466 virum
2815 4430 2880 4467 ex
2925 4411 3056 4464 illu·

434 4483 532 4536 ubi
561 4501 617 4551 p.
647 4492 746 4537 5—
764 4494 822 4539 14
848 4501 978 4537 cum
1006 4484 1253 4538 exhibet.
1283 4483 1533 4537 Libellus
1559 4484 1713 4553 inep·
1772 4486 2045 4538 strissima
2073 4485 2292 4538 familia
2319 4501 2573 4548 romana,
2601 4484 2699 4551 qui
2726 4501 2760 4536 a
2786 4487 2890 4540 377
2911 4482 3057 4536 Afri-

431 4554 680 4606 tissimus
707 4556 779 4607 ab
810 4556 907 4608 Ha
926 4575 951 4607 r
969 4554 1074 4609 tel
1120 4559 1397 4618 censetur,
1424 4555 1557 4609 hinc
1584 4572 1715 4609 eum
1771 4573 1866 4608 cae
1896 4556 2291 4624 proconsulem
2321 4557 2439 4626 egit
2464 4561 2522 4608 et
2555 4555 2718 4623 cujus
2752 4555 3054 4607 nomeniu-

432 4641 500 4676 ne
527 4625 677 4678 inter
704 4642 875 4694 opera
918 4647 957 4680 s,
988 4626 1270 4695 Cypriano
1313 4627 1609 4695 supposita
1634 4642 1714 4678 re·
1771 4627 2000 4696 scriptio
2051 4627 2208 4679 illius
2260 4629 2530 4696 temporis
2594 4627 2822 4679 exhibet
2871 4626 3052 4697 (Corp.

430 4696 582 4764 cepit
652 4699 888 4750 Constat
914 4715 1043 4750 vero
1086 4714 1153 4751 ex
1194 4696 1492 4766 particulis
1519 4715 1564 4752 c.
1593 4700 1712 4759 470,
1741 4703 1744 4729 ¹
1771 4699 2024 4766 inscript.
2076 4698 2176 4751 lat.
2233 4699 2379 4760 vul,
2449 4705 2622 4766 1219).
2675 4697 2893 4750 Nititur
2943 4695 3054 4747 Mo·

429 4784 673 4833 quarum
704 4769 884 4838 major
912 4786 1039 4838 pars
1076 4770 1331 4823 derivata
1359 4773 1443 4823 est
1470 4787 1534 4823 ex
1566 4770 1629 4822 V.
1659 4772 1716 4822 et
1738 4745 1745 4864 Ι
1769 4768 1858 4820 rin
1897 4768 2121 4822 indiciis
2167 4769 2419 4826 internis.
2467 4768 2711 4838 (fonjicit
2754 4772 2944 4820 autem
2973 4766 3052 4818 ul-

432 4838 591 4895 NRF.

1772 4841 1944 4892 terius
1973 4841 2224 4908 ejusdem
2255 4842 2400 4894 forte
2443 4840 2648 4894 Hilarii
2677 4856 2793 4892 esse
2824 4843 2880 4892 ct
2908 4838 3033 4906 frag
