3505 5161
591 209 752 262 1007

1152 196 1517 247 1073-1100.
1549 190 1817 244 Historia.
1850 191 2183 245 Lambertus
2212 188 2631 252 hersfeldensis,

3044 207 3198 258 1065

583 395 650 434 ex
697 394 811 438 rec.
857 376 901 433 L
918 397 951 433 a
967 396 1003 451 p
1020 396 1057 451 p
1075 395 1106 434 e
1122 395 1163 434 n
1179 375 1216 433 b
1236 395 1266 435 e
1282 396 1313 433 r
1329 376 1440 452 gii
1475 377 1859 435 Hannoverae
1932 387 2361 441 1053-1248
2385 400 2398 448 ;
2450 376 2683 436 iteratis
2717 374 2948 435 vicibus
2980 393 3205 453 germa-

593 476 753 529 1846
776 486 789 535 ;
816 475 929 527 187
945 476 977 527 6
1008 465 1094 524 ed.
1117 465 1304 524 altera
1325 465 1756 541 prolegomenis
1775 465 1860 523 di-

583 558 738 622 tata;
785 558 845 612 et
891 554 952 612 in
1000 555 1124 612 MG.
1169 555 1264 614 88.
1299 552 1425 623 Vll,
1478 564 1862 624 267—389;

583 644 833 720 Migne
866 643 1104 712 CXLVI,
1140 652 1448 705 451-620.
1513 644 1651 702 Fuit
1681 645 1860 702 etiam

582 751 752 811 versa
783 733 845 790 in
878 733 1146 809 linguam
1176 732 1441 790 danicam
1475 737 1536 789 et
1567 733 1860 806 germani·

583 841 704 880 cam
740 817 969 903 (Berlin
1014 831 1208 891 18503
1261 816 1470 902 1888).
1538 822 1681 897 Ejus
1715 841 1863 897 quo-

583 930 697 985 que
730 914 822 969 est
851 910 1094 969 libellus
1125 912 1194 968 de
1223 913 1337 968 situ
1370 911 1599 969 Daniae
1630 915 1691 969 et
1721 911 1859 968 reli-

581 1019 850 1074 quarum,
899 1017 1051 1074 quae
1080 1002 1249 1058 trans
1287 1000 1529 1057 Daniam
1564 1002 1724 1069 sunt,
1772 1019 1863 1057 re-

580 1089 844 1165 gionum,
893 1089 1050 1163 apud
1099 1088 1350 1165 Migne
1397 1090 1435 1151 l.
1468 1107 1515 1152 c.
1552 1109 1608 1164 p.
1645 1100 1864 1151 619-

585 1188 729 1240 660.
794 1177 956 1235 Obiit
1011 1187 1104 1239 12.
1139 1177 1281 1247 Oct..
1331 1178 1433 1236 sed
1481 1197 1600 1254 quo
1647 1198 1695 1240 a.
1743 1197 1862 1236 non

583 1266 791 1341 liquet.

674 1454 816 1507 597,
864 1444 1031 1502 Alter
1076 1444 1305 1503 celeber
1351 1445 1863 1522 historiographus

580 1535 672 1591 est
719 1534 1174 1592 Lambertus
1222 1531 1622 1615 (Lampertus)
1675 1535 1866 1610 patria

580 1622 732 1680 sorte
783 1622 1150 1699 'l'huringius
1209 1642 1265 1680 n.
1317 1642 1362 1681 c.
1425 1634 1606 1693 1025,
1672 1624 1866 1681 dictus

581 1711 833 1769 subinde
911 1711 1504 1789 aschafnaburgensis
1571 1710 1866 1793 (schnafa-

581 1796 946 1881 burgensis),
999 1801 1104 1876 qui
1156 1801 1348 1860 factus
1398 1806 1490 1860 est
1553 1812 1642 1865 15.
1696 1803 1864 1861 Mart.

589 1900 754 1952 1058
796 1890 1119 1947 monachus
1166 1890 1583 1949 hersfeldensis
1631 1891 1864 1949 eodem-

582 1997 699 2051 que
758 1997 911 2036 anno
969 1978 1279 2037 ordinatus
1342 1980 1667 2055 presbyter.
1735 1980 1865 2039 Mox

581 2069 699 2124 iter
721 2067 992 2125 instituit
1025 2068 1086 2125 in
1119 2072 1338 2127 terram
1361 2075 1642 2138 sanctam,
1676 2069 1865 2127 inscio

581 2160 783 2213 tamen
804 2155 1045 2214 abbate:
1068 2176 1100 2213 a
1121 2176 1237 2232 quo
1260 2158 1612 2216 moribundo
1632 2159 1864 2215 veniam

583 2244 945 2319 impetravit.
1009 2247 1257 2321 Scripsit
1301 2248 1560 2305 Annales
1603 2247 1675 2304 ab
1722 2265 1772 2304 0.
1821 2267 1866 2309 c.

587 2365 666 2374 —
712 2344 909 2396 1077:
960 2334 1133 2393 initio
1179 2335 1420 2409 quidem
1468 2338 1613 2394 sunt
1650 2335 1864 2411 jejuni,

582 2422 654 2479 ab
686 2442 733 2485 a.
769 2431 927 2484 1040
956 2424 1078 2497 jam
1101 2424 1413 2499 plenioreS,
1448 2426 1698 2483 maxime
1729 2444 1866 2483 vero

581 2510 655 2567 ab
675 2531 725 2567 a.
756 2523 937 2574 1069.
972 2512 1248 2570 Narratio
1270 2515 1362 2571 est
1381 2513 1646 2589 limpida,
1676 2514 1865 2572 forma

582 2601 836 2677 eleganS,
857 2602 1034 2661 stilus
1050 2602 1282 2660 nitidus
1299 2608 1358 2661 et
1374 2603 1638 2679 simplex,
1659 2604 1862 2680 magni

583 2690 866 2748 momenti
899 2694 1139 2766 propter
1183 2711 1377 2750 rerum
1426 2692 1689 2754 notitias,
1758 2693 1863 2750 Fa-

579 2778 830 2836 tendum
894 2782 1096 2837 tamen
1178 2783 1270 2838 est
1343 2785 1608 2839 recenter
1687 2800 1863 2856 quos-

579 2868 713 2924 dam
746 2867 983 2926 criticos
1017 2887 1219 2927 eorum
1255 2870 1512 2944 pretium
1536 2871 1862 2944 plurimum

579 2956 931 3015 imminuere
947 2957 1010 3033 1),
1047 2977 1181 3015 cum
1214 2961 1386 3016 antea
1418 2960 1614 3036 magni
1640 2959 1863 3018 fierent.

582 3044 832 3104 Omissis
884 3046 1249 3104 editionibus
1310 3044 1675 3129 prioribus2)
1728 3067 1861 3123 pro·

581 3133 826 3192 dierunt
845 3134 906 3191 in
929 3136 1053 3197 ΜΘ.
1078 3136 1171 3197 SS.
1193 3136 1297 3205 ΙΙΙ,
1339 3146 1672 3206 22-263;
1709 3137 1866 3195 inter

579 3240 685 3283 scr.
710 3223 899 3282 Germ.
933 3224 997 3281 in
1029 3242 1206 3282 usum
1228 3225 1459 3284 scholae
1480 3226 1865 3284 Hannoverae

589 3321 787 3381 18433
850 3321 1045 3383 18773
1099 3314 1351 3390 Migne
1402 3314 1588 3383 CXLI,
1645 3325 1863 3377 443——

584 3409 726 3469 582,
793 3419 929 3475 pars
982 3401 1175 3475 prior;
1237 3403 1425 3462 altera
1485 3403 1565 3465 ib.
1620 3404 1862 3477 CXLVI,

659 3609 692 3673 Ι)
722 3604 805 3656 lta
863 3603 1090 3664 Floto,
1154 3604 1558 3672 Delbriick‚
1621 3607 1864 3661 Giese·

583 3676 861 3738 brecht‚
915 3675 1444 3747 Holder-Egge
1469 3696 1497 3730 r
1544 3681 1652 3732 eto.
1705 3680 1863 3732 Lam-

579 3746 723 3798 berti
777 3745 977 3799 merita
1028 3749 1087 3800 et
1129 3748 1532 3803 auctoritatem
1578 3749 1688 3805 nisi
1729 3754 1865 3804 sunt

581 3815 728 3870 tueri
791 3817 833 3869 L
851 3833 879 3870 e
897 3817 967 3870 fa
983 3835 1011 3870 r
1029 3819 1106 3882 th
1125 3861 1137 3882 ‚
1201 3819 1532 3889 praesertim
1592 3821 1635 3873 Ε
1653 3821 1674 3874 i
1689 3841 1727 3892 g
1744 3837 1773 3874 e
1790 3842 1827 3875 n
1846 3853 1863 3863 ·

579 3888 802 3940 brodt
841 3888 1108 3959 Lampert
1149 3907 1198 3942 V.
1245 3891 1310 3946 H.
1356 3892 1474 3944 und
1520 3891 1612 3945 die
1655 3910 1863 3947 neuere

580 3959 1151 4030 Quellenforschung,
1180 3961 1366 4015 Cassel
1400 3970 1551 4026 1896,
1569 3966 1628 4016 et
1645 3963 1702 4019 L.
1721 3982 1774 4017 v.
1793 3965 1864 4019 H.

578 4029 696 4082 und
737 4030 828 4083 die
869 4030 1378 4102 Wortauslegung.
1430 4032 1571 4087 Eine
1615 4034 1861 4106 Entgeg-

577 4118 755 4170 ming,
807 4101 1040 4172 Leipzig
1098 4108 1263 4159 1896:
1315 4107 1515 4158 eontra.
1566 4123 1734 4173 quem
1790 4107 1859 4159 cf.

575 4172 709 4225 Sch
729 4173 876 4226 olle
905 4173 965 4226 in
994 4174 1125 4227 hist.
1155 4174 1352 4228 Jahrb.
1389 4182 1521 4232 1900
1549 4177 1693 4242 XXI,
1733 4183 1859 4234 447-

575 4251 698 4298 401.
749 4242 1256 4300 Wattenbach
1299 4247 1393 4310 11⁸,
1426 4248 1500 4300 IV
1529 4255 1554 4313 ἓ
1588 4256 1650 4303 14
1693 4265 1861 4316 quae-

574 4315 705 4367 <lam
752 4331 885 4367 sane
931 4318 991 4368 in
1038 4334 1102 4370 eo
1148 4317 1352 4386 carpit,
1397 4319 1494 4371 sed
1534 4319 1607 4371 ab
1635 4319 1861 4401 impug-

577 4385 807 4439 natione
836 4387 1079 4441 subinde
1107 4390 1245 4441 satis
1283 4390 1550 4452 mordaci,
1591 4407 1624 4443 a
1667 4391 1858 4446 studio

576 4455 825 4580 partium
878 4461 936 4511 et
985 4459 1378 4513 calumniandi
1442 4478 1571 4515 eum
1624 4462 1857 4516 omnino

576 4533 673 4581 tue
708 4546 789 4579 ur.

1921 466 2047 524 nice
2068 466 2306 536 redditi,
2341 472 2411 525 ut
2442 488 2475 524 a
2508 467 2747 525 Hesse
2780 465 2984 523 Berlin
3014 474 3206 527 1855:

1922 556 2150 631 Lipsiae
2193 565 2358 620 1883
2395 556 2484 619 ed.
2518 556 2705 613 altera
2736 572 2859 613 cur.
2892 555 3203 612 Watten-

1919 644 2130 704 bach.
2198 645 2452 720 Scripsit
2497 648 2558 702 et
2603 644 2913 703 historiam
2960 642 3210 701 hersfel-

1920 734 2156 792 densem
2181 734 2305 793 sive
2327 734 2594 793 libellum
2613 736 2682 793 de
2701 734 3059 791 institutione
3077 733 3207 789 her·

1922 823 2198 882 velden-sis
2231 825 2493 883 ecclesiae
2528 831 2939 891 755—1074,
2990 841 3062 879 ex
3095 840 3213 895 qua

1922 915 2195 988 excerpta
2240 915 2479 972 tantum
2527 912 2707 971 habes
2756 912 2818 969 in
2852 911 2976 969 ΜΘ.
3013 911 3112 969 88.
3146 909 3210 975 V,

1932 1010 2299 1071 136-141,
2346 1007 2405 1061 et
2450 1003 2609 1061 inter
2654 1002 2785 1076 ejus
2818 1020 2910 1075 op.
2944 1000 3110 1058 edita
3141 1000 3215 1056 ab

1920 1090 2519 1169 Holder·Egger
2557 1101 2724 1154 1894
2745 1110 2802 1166 p.
2828 1098 3213 1152 343—354:

1920 1180 2089 1254 juxta
2134 1199 2310 1255 quem
2359 1183 2485 1257 ipse
2533 1183 2740 1239 auctor
2786 1182 2878 1237 est
2895 1176 2938 1259 ι)
2988 1181 3138 1236 vitoe
3169 1197 3215 1235 s.

1926 1268 2086 1327 Luni
2117 1269 2180 1327 in
2213 1273 2341 1328 Act.
2376 1269 2474 1328 SS.
2515 1281 2609 1333 16.
2634 1269 2760 1330 Oet.
2782 1268 2907 1337 VII,
2953 1278 3208 1331 1083-

1930 1368 2130 1427 1091;
2178 1358 2244 1417 in
2286 1359 2411 1417 MG.
2446 1359 2542 1419 SS.
2576 1358 2698 1427 XV,
2757 1370 2808 1427 1,
2864 1365 3210 1419 132—14s

1921 1451 1983 1505 et
2045 1447 2203 1505 inter
2254 1448 2552 1506 Lamberti
2603 1467 2755 1522 opp„
2821 1447 3215 1505 Hannoverae

1934 1546 2094 1598 1894
2144 1556 2200 1612 p.
2254 1547 2621 1606 307-340,
2671 1536 2777 1595 ubi
2826 1536 3214 1610 reperiuntur

1924 1625 2139 1684 ultima
2161 1626 2427 1699 quinque
2459 1644 2553 1695 cc„
2591 1644 2743 1700 quae
2775 1629 2949 1683 antea
2980 1625 3215 1683 deside·

1922 1715 2225 1774 rebantur.
2294 1715 2407 1773 Sed
2446 1735 2515 1774 ea
2546 1715 2668 1773 vita
2701 1717 2861 1772 caret
2889 1713 3088 1790 pretio
3127 1712 3213 1772 hi-

1922 1805 2155 1874 storieQ
2197 1803 2587 1863 etsi'sormam
2624 1805 2673 1862 si
2709 1806 2937 1879 spectes
2968 1804 3213 1880 elegan-

1922 1896 2014 1950 ter
2077 1892 2160 1950 sit
2210 1893 2448 1967 scripta.
2529 1892 2904 1951 Tribuuntur
2967 1893 3088 1967 ipsi
3156 1896 3217 1949 et-

1921 1982 2209 2058 quaedam
2240 1984 2525 2059 carmina,
2574 2001 2830 2058 quorum
2864 1982 3214 2056 genuinitas

1922 2090 2041 2130 non
2073 2074 2165 2134 est
2199 2074 2373 2129 certa.
2436 2071 2570 2129 Non
2604 2072 2823 2129 desunt
2855 2071 2959 2145 qui
2992 2071 3051 2128 ei
3103 2072 3211 2128 tri·

1920 2160 2112 2219 buant
2167 2161 2408 2218 Carmen
2469 2162 2537 2218 de
2586 2161 2724 2219 bello
2774 2162 3054 2218 saxonico
3108 2179 3213 2218 seu

1923 2250 2101 2307 Gesta
2132 2249 2399 2307 Heinrici
2433 2249 2573 2324 imp.
2607 2244 2740 2329 (IV)
2776 2248 3038 2319 metrice,
3094 2250 3215 2324 pri-

1923 2357 2083 2396 mum
2098 2338 2575 2413 ed.Argentorati
2596 2350 2617 2400 1
2637 2349 2668 2401 5
2681 2348 2780 2408 08,
2797 2338 3055 2411 aliisque
3069 2338 3208 2396 edit.

1921 2427 2156 2485 omissis
2206 2427 2268 2484 in
2318 2427 2442 2484 ΜΘ.
2477 2427 2596 2496 XV,
2653 2437 2708 2497 2,
2770 2435 3207 2490 1218—1235

1922 2536 2043 2574 cur.
2078 2515 2704 2594 Holder-Egger3
2756 2518 2817 2573 et
2861 2516 3020 2574 inter
3054 2517 3210 2575 Scri·

1920 2609 2118 2681 ptores
2152 2625 2263 2668 rer.
2297 2625 2477 2683 germ.
2510 2606 2572 2664 in
2605 2624 2781 2664 usum
2807 2607 3006 2674 schol„
3042 2607 3204 2664 Han·

1921 2713 2167 2753 noveras
2211 2705 2395 2758 1889.
2461 2695 2706 2754 Carmen
2753 2698 2844 2753 est
2888 2695 3205 2753 admodum

1920 2785 2159 2860 elegans
2211 2802 2484 2860 puroque
2530 2785 2668 2842 stilo
2715 2791 2775 2842 et
2819 2803 3035 2861 magna
3083 2790 3209 2842 arte

1922 2874 2358 2942 concinnatum,
2379 2873 2534 2947 quod
2553 2875 2749 2931 tamen
2758 2875 2934 2948 juxta
2951 2874 3103 2932 alios
3120 2879 3205 2931 est

1923 2962 2224 3037 Ruperti
2255 2981 2344 3037 ep.
2359 2961 2810 3038 bambergensis
2825 2958 2923 3043 (†1
2942 2974 2964 3025 1
2984 2960 3096 3040 02)
3116 2963 3205 3023 vel

1921 3051 1969 3109 G
1986 3069 2019 3109 o
2034 3053 2104 3109 ts
2120 3069 2150 3109 c
2165 3051 2318 3109 alei
2353 3051 2677 3126 praepositi
2699 3070 2742 3114 s.
2763 3051 2982 3110 Mariae
3003 3053 3207 3127 aquis·

1920 3141 2226 3215 granensis
2240 3141 2334 3197 vel
2345 3140 2602 3198 auctoris
2615 3141 2895 3216 anonymi
2907 3137 2980 3221 ²).
2993 3141 3205 3218 Magna

1921 3228 2075 3286 enim
2111 3229 2330 3287 exarsit
2377 3229 2780 3287 controversia
2824 3229 3093 3288 literaria
3140 3231 3208 3287 de

1921 3317 2102 3394 hujus
2136 3318 2411 3376 carminis
2444 3321 2697 3377 auctore.
2745 3319 3022 3377 Ceterum
3053 3319 3206 3378 nihil

1920 3405 2040 3464 fere
2092 3406 2163 3465 de
2212 3407 2469 3464 auctoris
2514 3407 2705 3465 nostri
2761 3407 2899 3465 fatis
2962 3407 3205 3475 scimus,

1921 3514 2112 3571 neque
2158 3514 2276 3570 quo
2327 3494 2545 3554 obierit
2583 3514 2754 3554 anno,
2796 3530 2867 3540 —
2908 3496 3086 3554 Alius
3137 3498 3211 3556 ab

1920 3603 1987 3642 eo
2034 3586 2126 3642 est
2157 3585 2637 3643 Lantbertus
2675 3585 3000 3644 monachus
3033 3586 3203 3645 blan·

1919 3673 2208 3732 diniensis
2255 3675 2626 3748 synchronus
2669 3668 2750 3754 (ss.
2781 3674 2945 3732 enim
2984 3673 3205 3758 1079),

1920 3763 2090 3836 cujus
2124 3766 2317 3820 exstat
2348 3762 2590 3821 libellus
2623 3782 2727 3822 seu
2774 3781 2867 3839 ep.
2905 3765 3207 3839 encyclica

1918 3853 1986 3908 de
2017 3853 2132 3909 loco
2164 3853 2493 3926 sepulturae
2522 3871 2567 3910 s.
2593 3853 2882 3910 Florberti
2913 3854 3002 3912 ab.
3035 3853 3204 3912 blan-

1918 3939 2204 3998 diniensis
2236 3936 2295 4018 (†
2329 3963 2374 3998 c.
2404 3960 2627 3999 annum
2661 3941 2811 4017 661)
2842 3944 3050 4000 contra
3077 3962 3206 4001 mo-

1916 4029 2132 4088 nachos
2167 4048 2212 4087 S.
2235 4030 2490 4088 Bavonis
2510 4030 2935 4106 gandavenses,
2957 4030 3022 4089 in
3042 4031 3202 4090 Mon.

1919 4119 1984 4178 G.
2035 4137 2143 4181 scr.
2192 4117 2309 4188 XV,
2373 4128 2428 4188 2,
2484 4128 2867 4190 642-644ς
2921 4124 3050 4182 Aet.
3101 4121 3204 4179 SS.

1994 4325 2032 4390 ¹)
2061 4320 2143 4375 Cf.
2174 4321 2747 4393 Holder-Egger
2795 4323 2864 4377 N.
2904 4326 3073 4378 Arch.
3101 4324 3204 4379 der

1917 4393 2115 4445 Gesch.
2133 4394 2226 4445 fiir
2243 4394 2338 4447 alt.
2361 4393 2414 4445 d.
2438 4393 2833 4448 Gescbichtsk.
2867 4400 3005 4452 1883
3032 4396 3122 4457 lx.
3153 4404 3203 4456 ⁶2,

1917 4469 2216 4528 283-—320,
2248 4481 2421 4532 quem
2449 4466 2520 4520 cf.
2547 4465 2626 4518 ib.
2659 4471 2796 4521 1894
2821 4466 2971 4531 XIX,
3003 4475 3048 4530 1,
3084 4477 3202 4523 141-

1916 4539 2051 4594 213:
2080 4538 2390 4595 371—4302
2423 4539 2703 4594 510-547
2744 4539 2868 4590 fuse
2909 4537 2979 4591 de
3008 4543 3203 4592 nostro

649 4602 688 4668 ἱ)
719 4598 799 4653 Cf.
830 4598 1180 4653 Potthast
1224 4621 1277 4671 p.
1307 4609 1439 4659 705:
1489 4603 1859 4674 Knepfler
1914 4609 2145 4659 auctore
2174 4607 2560 4663 disserentem.

579 4668 686 4721 M..
718 4669 832 4732 VH,
867 4677 1197 4729 13384340:
1249 4674 1336 4726 Le
1357 4676 1563 4727 t‘arth
1593 4675 1860 4729 Lambert

579 4758 687 4792 von
723 4741 997 4806 Herst‘eld,
1032 4749 1181 4799 1871.

1988 4680 2029 4747 ‘·)
2058 4677 2140 4733 Cf.
2169 4678 2454 4748 copiosam
2498 4679 2857 4732 literaturam
2885 4695 2919 4732 a
2966 4720 2978 4732 .
3006 4678 3050 4731 P
3068 4697 3101 4733 0
3119 4684 3141 4732 t
3159 4687 3203 4733 t·

1917 4697 2993 4819 hastp.189;Wattenbach1i³⁶,
3020 4758 3200 4808 80-83,
