3505 5161
482 216 605 270 249

1383 201 1433 253 S.
1462 200 1493 253 J
1500 217 1548 253 ο.
1578 199 1965 270 Chrysostomi
1992 216 2179 269 opera.

2970 219 3094 273 250

479 388 533 444 et
577 387 802 445 theatra
816 406 847 458 ,·
890 389 1036 449 orat.
1069 386 1148 445 v1
1191 388 1260 443 de
1295 387 1662 461 providentia
1707 395 1758 444 et
1813 389 1873 443 et
1919 389 2127 445 contra
2169 386 2445 463 gentiles,
2497 387 2561 445 in
2609 406 2732 462 quo
2783 386 3094 464 religionis

481 477 601 549 fato
647 472 950 557 (nonnihil
1000 475 1256 553 dubiae).
1318 475 1486 535 Hom.
1533 475 1644 533 VII
1689 477 1758 533 de
1810 475 2165 533 christianae
2186 475 2497 534 veritatem
2519 495 2589 535 ex
2617 476 2791 535 factis
2824 481 2886 534 et
2915 477 3096 535 mira-

475 564 692 637 ieiunio
711 565 768 622 M
785 566 805 622 i
822 584 916 641 gn
934 583 965 621 e
984 564 1099 634 LX,
1127 575 1196 627 71
1222 573 1426 626 1--24
1451 568 1595 624 sunt
1615 582 1759 640 sup·
1811 565 1960 623 culis
1993 563 2213 624 Christi
2261 565 2511 640 ejusque
2543 568 2901 624 sectatorum
2932 584 3091 625 com-

477 652 701 728 positae
732 653 892 712 sicut
921 652 1067 711 aliae
1100 653 1205 713 VII
1227 648 1417 735 (VIII)
1449 656 1512 712 in
1533 653 1759 712 Pascha
1810 654 2022 729 probat
2053 649 2254 733 (382).
2288 689 2366 699 —
2405 654 2811 713 Pulcherrima
2854 672 3092 730 quoque

480 740 585 821 (ib.
616 741 762 813 LIX,
818 739 1213 823 721—756).
1246 776 1332 786 —
1362 743 1532 801 Hom.
1565 743 1643 801 IX
1689 745 1759 801 de
1812 746 1992 817 atque
2024 743 2350 801 utilissima
2382 747 2526 801 sunt
2563 743 2846 818 opuscula
2875 762 3094 802 asce-

470 833 847 907 poenitentia,
882 831 978 890 vel
1006 832 1079 890 de
1100 832 1281 890 variis
1300 832 1631 891 virtutibus
1662 851 1755 890 co-
1810 832 1999 890 tica:
2028 831 2196 889 Libri
2217 832 2335 890 duo
2355 833 2434 890 ad
2463 832 2820 891 Theodorum
2838 832 3091 907 lapsum,

478 920 674 978 lendis
720 937 828 979 seu
873 920 1039 979 vitiis
1084 920 1389 990 cavendis;
1438 922 1592 980 hom.
1624 920 1759 980 XXI
1812 921 1918 996 qui
1950 920 2248 995 quondam
2292 922 2410 980 fuit
2457 939 2604 979 suus
2644 920 3094 996 condiscipulus

477 1010 547 1068 de
595 1011 805 1068 statuis
859 1009 932 1068 ad
981 1011 1270 1086 populum
1319 1011 1757 1069 antiochenum.
1811 1014 1873 1068 et
1902 1008 1966 1068 in
1987 1010 2316 1085 profitenda
2336 1010 2461 1070 vita
2479 1011 2731 1070 ascetica
2748 1011 3093 1086 pedisequa,

477 1098 780 1174 Dejecerat
799 1099 960 1157 enim
989 1100 1251 1174 populus
1283 1100 1347 1158 in
1368 1100 1656 1158 seditione
1681 1101 1758 1158 ob
1814 1098 1918 1158 sed
1967 1118 2164 1157 amore
2211 1100 2396 1159 seculi
2440 1103 2502 1159 et
2544 1099 2892 1175 praesertim
2941 1099 3092 1157 Her-

476 1188 719 1246 nimiam
740 1188 1107 1247 tributorum
1129 1188 1201 1267 (a.
1227 1196 1305 1252 38
1317 1190 1376 1267 7)
1396 1188 1760 1248 exactionem
1814 1188 2029 1246 mionis
2049 1189 2284 1263 puellae
2315 1208 2513 1248 amore
2545 1191 2754 1265 captus
2787 1189 3096 1264 proposito

475 1276 850 1352 imperatoris
870 1274 1236 1357 (Theodosii)
1265 1278 1449 1353 patris
1470 1278 1758 1337 filiorum-
1812 1276 1994 1352 priori
2023 1279 2373 1337 renunciare
2404 1278 2782 1355 cogitaverat.
2845 1277 3094 1335 Monitis

476 1384 596 1441 qne
640 1368 702 1425 et
744 1367 1019 1426 Flacillae
1056 1368 1257 1426 uxoris
1280 1369 1405 1443 jam
1438 1367 1756 1426 defunctae
1813 1366 1940 1424 suis
1987 1366 2255 1437 sinceris,
2301 1367 2725 1442 eloquentibus
2772 1371 2953 1442 atque
3000 1385 3091 1424 ar-

478 1459 727 1513 statuaS.
789 1455 1101 1515 Profectus
1155 1460 1248 1515 est
1296 1457 1615 1515 Flavianus
1667 1475 1755 1532 ep.

474 1543 550 1601 ad
612 1545 984 1621 imperatoris
1045 1546 1311 1603 animum
1369 1546 1754 1621 placandum:

475 1633 621 1692 adeo
665 1638 865 1693 autem
913 1633 1262 1710 eloquenter
1305 1653 1541 1693 causam
1587 1653 1752 1693 suam

473 1724 790 1797 peroravit,
811 1726 883 1781 ut
901 1724 1225 1798 imperator
1244 1724 1529 1799 lacrymas
1552 1727 1755 1782 tenere

473 1830 593 1869 non
606 1812 870 1887 potuerit
885 1810 949 1890 ²).
968 1812 1351 1871 Antiochenis
1362 1813 1519 1871 inter
1529 1816 1756 1871 metum

474 1903 536 1957 et
568 1917 736 1975 spem
765 1901 1198 1960 fluctuantibus
1231 1902 1443 1960 habuit
1474 1921 1516 1959 s,
1550 1902 1757 1961 doctor

475 1989 583 2047 has
603 1990 874 2047 homilias
895 1990 1202 2048 occasione
1220 2009 1288 2049 ea
1305 2009 1472 2060 usne,
1507 1994 1578 2049 ut
1596 1992 1754 2049 cives

476 2078 551 2135 ad
614 2078 1045 2154 poenitentiam
1097 2080 1466 2156 eluendaque
1517 2081 1754 2149 scelera,

472 2166 701 2242 quibus
732 2167 881 2226 iram
912 2168 1021 2226 Dei
1065 2168 1129 2226 in
1176 2185 1239 2227 se
1276 2174 1752 2245 provocaverant,

475 2256 775 2317 excitaret.
813 2256 1085 2316 Cernitur
1115 2258 1177 2315 in
1199 2257 1291 2315 his
1311 2258 1572 2316 homiliis
1593 2276 1752 2316 sum-

475 2363 574 2402 ma
622 2345 997 2420 eloquentiae
1059 2347 1150 2404 vis
1212 2350 1392 2421 atque
1442 2347 1752 2424 elegantia.

476 2433 835 2493 Prodierunt
853 2435 1100 2493 seorsim
1134 2434 1340 2512 (latine
1361 2438 1596 2493 tantum
1618 2453 1751 2502 cum

476 2521 631 2587 hom,
694 2524 773 2580 IX
836 2523 907 2583 de
968 2524 1361 2603 poenitentia)
1425 2524 1754 2601 Tyrnaviae

483 2622 650 2675 1763
687 2613 751 2670 in
774 2623 829 2674 4.
877 2613 1042 2672 Alias
1073 2615 1341 2672 homilias
1360 2614 1440 2672 XI
1472 2631 1519 2673 c.
1552 2634 1600 2672 a.
1628 2624 1750 2677 398

477 2701 572 2759 vel
596 2710 715 2765 399
739 2702 843 2760 ΟΡ.
876 2702 1107 2761 habitas
1139 2703 1211 2760 ad
1246 2703 1558 2762 historiam
1590 2703 1752 2760 illius

477 2792 762 2867 temporis
781 2790 1198 2850 illustrandam
1226 2792 1407 2850 utiles
1439 2793 1632 2850 serius
1664 2810 1756 2849 re-

476 2884 674 2954 pertas
695 2880 874 2939 habes
902 2881 1138 2958 Migne
1157 2881 1362 2950 LXIII,
1389 2890 1756 2944 455—565.

575 3067 714 3121 136.
744 3058 1088 3134 Composuit
1108 3059 1557 3135 chrysostomus
1577 3059 1754 3116 etiam

476 3147 710 3222 aliquot
741 3149 1055 3223 opuscula:
1090 3148 1519 3206 Demonstratio
1552 3150 1758 3205 contra

475 3235 736 3294 Judaeos
773 3243 833 3293 et
864 3237 1137 3313 gentileS,
1189 3239 1339 3312 quod
1372 3237 1636 3295 Christus
1680 3238 1758 3294 sit

475 3325 636 3382 Deus
670 3321 731 3406 (f.
765 3325 920 3383 circa
951 3345 997 3384 a.
1036 3329 1206 3399 387),
1241 3327 1305 3383 in
1339 3326 1454 3384 fine
1485 3329 1558 3384 ut
1589 3324 1755 3383 vide-

474 3417 577 3471 tur
595 3414 824 3483 mutila,
860 3414 960 3472 sed
982 3414 1220 3483 invicta,
1254 3414 1755 3489 eloquentissima,

474 3502 689 3560 hausta
719 3504 1067 3578 praesertim
1113 3522 1182 3561 ex
1221 3504 1558 3578 adimpletis
1592 3503 1659 3567 V,
1692 3503 1755 3560 Τ.

475 3592 773 3649 vaticiniis
822 3595 883 3650 et
926 3591 1087 3667 ipius
1134 3592 1352 3650 Christi
1400 3592 1750 3666 prophetiis,

474 3682 535 3737 et
580 3698 648 3738 ex
680 3679 976 3738 Ecclesiae
1020 3680 1246 3739 invicta
1278 3680 1634 3758 firmitate2).
1668 3717 1755 3723 ——

473 3767 651 3826 Liber
680 3765 745 3826 in
778 3788 822 3828 s.
858 3767 1162 3846 Babylam,
1205 3773 1409 3828 contra
1439 3769 1478 3826 J
1485 3771 1752 3828 ulianum

551 3977 588 4042 ¹)
616 3972 803 4041 Hujus
830 3974 1105 4027 sermonis
1130 3980 1329 4030 auctor
1370 3974 1486 4028 fuit
1509 3978 1575 4027 ut
1601 3974 1752 4027 vide-

472 4047 568 4097 tur
606 4043 728 4113 ipse
769 4044 1217 4114 Chrysostomus.
1272 4046 1371 4098 Est
1414 4051 1603 4100 autem
1643 4047 1751 4100 elo-

474 4115 743 4183 quentiae
788 4117 1081 4187 egregium
1125 4119 1466 4187 exemplum,
1512 4117 1645 4171 hinc
1672 4133 1751 4169 re-

472 4189 671 4256 ceptus
718 4204 752 4239 a
804 4187 1347 4256 Schleininger
1396 4189 1456 4241 in
1508 4206 1609 4241 suo
1662 4206 1750 4258 op.

473 4256 816 4329 Grundziige
855 4260 955 4312 der
994 4260 1435 4322 Beredsamkeit,
1475 4259 1754 4328 Freiburg

475 4334 613 4384 1883
650 4330 737 4383 ed.
778 4339 812 4385 4
852 4348 907 4412 p.
935 4338 1212 4390 336—43;
1259 4331 1475 4412 prodiit
1518 4331 1751 4384 seorsim

472 4416 589 4455 our.
615 4400 675 4453 L.
702 4401 774 4454 de
799 4403 834 4455 S
852 4420 924 4454 in
941 4419 1023 4455 ne
1041 4420 1068 4454 r
1095 4402 1328 4455 Paris1is
1356 4407 1518 4462 ls42;
1545 4420 1660 4457 cur.
1689 4402 1751 4454 E.

471 4470 621 4542 Rag
639 4488 671 4524 o
689 4490 727 4524 n
756 4471 835 4528 ib.
867 4476 1032 4532 1887z
1065 4481 1217 4530 1893.

546 4549 584 4613 ³)
612 4542 912 4598 Edidimus
954 4545 1107 4598 hunc
1148 4546 1411 4600 libellum
1457 4544 1628 4613 plane
1655 4562 1751 4598 au-

470 4629 647 4679 reum,
697 4632 995 4683 nunquam
1042 4616 1177 4669 satis
1236 4616 1751 4670 commendandum

471 4682 620 4737 inter
646 4703 836 4756 opusc,
866 4687 964 4744 sel.
993 4687 1082 4742 SS.
1112 4687 1216 4740 ΡΡ.
1245 4687 1565 4757 Oeniponte
1599 4690 1750 4744 1871.

473 4754 589 4820 XV,
621 4762 931 4819 111—182;
964 4765 1088 4815 1901
1124 4760 1209 4812 ed.
1238 4765 1286 4812 2.

1812 1455 2092 1514 dentibus
2142 1475 2279 1514 eum
2328 1456 2399 1514 ad
2451 1458 2744 1515 saniorem
2792 1455 3094 1514 revocavit

1811 1546 2085 1608 mentem.
2119 1545 2259 1602 Fuit
2279 1544 2329 1603 is
2353 1544 2690 1603 Theodorus
2711 1543 3093 1621 postmodum

1811 1634 2121 1709 episcopus
2155 1637 2629 1709 mopsuestenus,
2688 1633 3090 1691 nominatissi-

1810 1740 1945 1788 mus
1978 1723 2087 1781 hoc
2117 1723 2335 1793 seculo,
2367 1726 2438 1781 ut
2457 1722 2611 1781 infra
2629 1721 2983 1782 videbimus,
3013 1756 3082 1765 —

1812 1812 1863 1868 N
1869 1830 1944 1869 on
1965 1812 2212 1871 minoris
2233 1812 2590 1871 sinceritatis
2621 1814 2682 1869 et
2701 1810 2924 1869 ardoris
2945 1814 3096 1869 sunt

1811 1900 1872 1958 ll·
1899 1909 1933 1962 2
1968 1905 2100 1984 περὶ
2131 1901 2515 1974 κατανύξεως
2549 1903 2617 1959 de
2646 1902 3089 1976 compunctione,

1811 2008 2064 2064 quorum
2095 1991 2260 2066 prior
2303 1995 2398 2049 est
2439 1992 2511 2048 ad
2544 1990 2908 2048 Demetrium
2940 1989 3089 2047 ami·

1809 2097 1963 2149 cum,
1997 2079 2149 2138 alter
2177 2080 2248 2138 ad
2272 2079 2625 2138 Stelechium
2644 2078 2932 2148 amicum3
2964 2078 3026 2142 ll.
3051 2088 3088 2139 3

1810 2173 1960 2250 πρὸς
1991 2169 2131 2239 τοὺς
2158 2171 2574 2251 πολεμοῦντας
2605 2177 2728 2239 τοῖς
2760 2164 2854 2230 ἐπὶ
2885 2171 2951 2230 τὸ
2975 2189 3089 2251 μο-

1810 2261 1999 2328 νὰζειν
2032 2254 2339 2336 ἐνάγουσιν
2372 2260 2651 2316 adversus
2669 2265 3093 2333 oppuqnatores

1809 2349 1956 2404 vitae
1999 2350 2348 2405 monasticae
2357 2368 2384 2421 ,·
2427 2348 2489 2410 ll.
2532 2357 2566 2409 3
2617 2347 2684 2405 de
2717 2347 3089 2421 providentia

1811 2435 1918 2493 Dei
1949 2435 2023 2493 ad
2056 2436 2380 2513 Stagirium
2410 2436 2783 2505 monachum,
2818 2432 3092 2519 ἆοκητὴν

1810 2523 2179 2607 δαιμονῶντα
2211 2545 2244 2584 a
2273 2526 2553 2584 daemone
2585 2528 2878 2594 vexatum,
2912 2542 3094 2600 quem

1810 2614 1986 2672 nimis
2036 2614 2322 2673 afflictum
2374 2615 2841 2673 consideratione
2890 2614 3088 2688 provi-

1811 2703 2047 2760 dentiae
2097 2703 2332 2762 divinae
2395 2703 2575 2761 solari
2638 2704 2887 2761 nititur:
2954 2720 3094 2759 cum

1812 2792 2031 2867 quibus
2065 2793 2334 2850 cohaeret
2370 2790 2408 2878 ἡ
2440 2794 2597 2854 κατὰ
2629 2798 2873 2874 χριστον
2907 2793 3088 2872 φιλο-

1812 2883 1993 2963 σοφία
2010 2883 2365 2955 comparatio
2393 2884 2545 2956 reyis
2576 2888 2626 2938 et
2658 2879 2938 2953 monachi,
2970 2897 3094 2954 qua

1814 2970 2028 3043 probat
2056 2989 2211 3038 eum,
2261 2971 2366 3043 qui
2411 2973 2567 3028 vitae
2599 2969 2957 3026 monasticae
2990 2969 3092 3026 dat

1812 3076 2065 3134 operam,
2087 3078 2286 3135 regem
2305 3077 2437 3116 vere
2457 3058 2763 3134 appellari,
2796 3059 2915 3115 imo
2948 3075 3091 3132 rege

1813 3147 2090 3205 ditiorem
2122 3157 2182 3206 et
2201 3149 2591 3222 potentiorem
2616 3150 2793 3221 atque
2814 3147 2876 3203 in
2897 3155 3088 3203 morte

1814 3255 1942 3294 esse
1975 3236 2314 3294 beatiorem.
2379 3235 2619 3313 Spirant
2650 3237 2713 3294 in
2747 3236 2906 3293 hisce
2938 3254 3088 3310 opu-

1813 3325 1994 3383 sculis
2045 3326 2220 3383 ardor
2271 3329 2333 3384 et
2380 3325 2836 3402 magnanimitas
2885 3324 3086 3394 animi,

1812 3433 1990 3489 quam
2011 3418 2357 3490 conceperat
2389 3433 2433 3474 s.
2456 3414 2678 3485 doctor,
2712 3433 2844 3472 cum
2877 3413 3088 3470 arden-

1811 3504 2042 3561 tissime
2089 3523 2149 3561 se
2196 3505 2353 3563 vitae
2386 3505 2637 3563 tradidit
2667 3503 2969 3566 asceticae.
3001 3536 3094 3545 ——

1811 3594 1899 3650 De
1945 3595 2268 3669 vit-yinitate
2306 3594 2343 3653 l.
2390 3595 2566 3668 plane
2612 3593 2896 3662 eximius;
2943 3592 3005 3653 ll.
3051 3602 3088 3654 2

1811 3683 1888 3738 ad
1925 3683 2159 3739 viduam
2188 3684 2509 3757 juniorem;
2558 3682 2618 3741 ll.
2670 3693 2702 3744 2
2754 3685 2902 3765 πρὸς
2948 3689 3089 3753 τοῦς

1809 3768 2066 3853 ἔχοντας
2130 3775 2476 3853 παρθένους
2540 3776 2961 3841 συνειοάκτους
3029 3778 3090 3827 et

1809 3861 1939 3941 περὶ
1985 3868 2088 3921 τοῦ
2133 3862 2242 3930 τὰς
2287 3863 2609 3930 κανονικὰς
2657 3865 2738 3945 μὴ
2800 3867 3092 3922 συνοικεῖν

1809 3945 2090 4028 ἀνδράοιν
2139 3950 2208 4005 de
2239 3950 2684 4008 subintroductis
2716 3950 2922 4024 scripti
2953 3967 3088 4006 mox

1808 4054 1874 4093 ac
1893 4036 2224 4111 episcopale
2246 4040 2606 4113 suscepisset
2628 4056 2862 4105 munna,
2886 4041 3094 4094 contra

1808 4125 2078 4193 abusum,
2098 4144 2215 4198 quo
2247 4127 2444 4184 clerici
2476 4126 2727 4185 coelibes
2758 4127 2821 4182 in
2852 4125 3085 4182 domum

1807 4213 2206 4288 reciepiebant
2223 4216 2472 4290 puellas,
2508 4234 2658 4289 quae
2678 4213 3087 4290 virginitatem

1806 4302 2252 4378 profitebantur,
2287 4323 2353 4362 eo
2387 4304 2645 4380 specioso
2675 4305 2987 4378 praetextu
3017 4306 3094 4360 ut

1808 4409 1916 4449 ceu
1948 4394 2160 4450 fratres
2193 4410 2324 4450 cum
2360 4392 2661 4451 sororibus
2681 4391 3085 4449 conviverent.

1808 4513 1890 4522 ——
1910 4481 2209 4550 Quaedam
2227 4482 2508 4557 opuscula
2526 4482 2765 4556 scripsit
2785 4480 3086 4538 occasione

1810 4571 2234 4644 persecutionis
2252 4572 2311 4628 in
2329 4572 2524 4647 ipsum
2555 4575 2749 4628 motae
2781 4574 2842 4628 et
2874 4569 3089 4636 exsilii,

1809 4679 1958 4733 quae
1992 4662 2120 4735 ejus
2153 4661 2416 4719 animum
2449 4660 2859 4730 fortissimum,
2895 4659 3084 4716 excel-

1809 4767 1959 4819 sum,
2008 4769 2076 4807 ex
2121 4749 2235 4808 fide
2269 4750 2572 4809 viventem
2603 4749 2882 4826 produnt,
2931 4751 3002 4805 ut
3047 4747 3087 4804 l.
