3505 5161
513 255 545 306 7
1030 238 1252 289 lm-160.
1305 231 1356 284 S.
1384 230 1643 285 Clemens
1669 246 1810 283 rom.
1839 226 1943 298 Op.
1972 226 2151 283 dubia
2177 228 2264 282 vel
2295 226 2611 298 supposita.
3090 242 3129 293 8

510 422 933 483 Recentissime
964 440 1104 479 vero
1138 420 1286 479 Bud.
1321 419 1428 477 Kn
1445 436 1478 476 o
1495 438 1531 493 p
1548 417 1577 475 f
1601 418 1667 476 in
1697 434 1792 493 op.

1957 416 2146 475 Multo
2225 416 2421 474 minus
2500 414 2573 471 ad
2637 416 2906 473 nostrum
2982 431 3122 473 auc·

510 514 626 572 Der
656 515 811 572 erste
846 509 1275 570 Clemensbrief
1288 506 1645 567 untersucht
1664 504 1792 565 und
1850 509 2041 564 torem
2104 507 2375 581 spectant
2434 502 2724 579 quaedam
2774 521 2950 577 opera
3004 503 3126 561 Cle·

509 601 1004 678 herausgegeben,
1069 599 1309 675 Leipzig
1379 606 1566 666 1899,
1633 596 1794 654 curis
1850 597 2106 653 mentina
2136 594 2317 671 vulgo
2349 592 2507 652 dicta
2523 588 2585 671 ¹),
2637 593 2698 651 in
2729 592 2948 668 quibus
2981 595 3133 653 mira

510 693 633 751 suis
695 691 932 749 innixus
994 689 1309 765 pollicetur
1366 688 1625 755 textum,
1689 684 1797 760 qui
1849 687 1910 744 et
1971 682 2243 743 fabulosa
2304 682 2377 740 de
2438 683 2822 741 conversione
2873 682 3133 759 aliisque

508 800 688 857 quam
730 779 997 856 proxime
1044 776 1280 836 accedat
1323 776 1395 835 ad
1444 777 1644 851 ipsum
1678 774 1794 833 ori-
1849 773 2168 833 Clementis
2200 772 2390 849 gestis
2422 774 2759 842 narrantur,
2793 772 3127 848 cujusmodi

509 871 723 947 ginale.

602 1005 656 1057 4.
692 994 781 1053 Ob
815 1010 1093 1070 magnam
1142 1010 1183 1051 s.
1218 991 1411 1050 Cleme

510 1088 569 1144 et
601 1084 1014 1143 auctoritatem
1066 1080 1286 1139 factum
1337 1083 1446 1153 est,
1500 1082 1571 1137 ut
1620 1079 1794 1155 plura

510 1173 623 1233 sub
674 1172 861 1249 ipsius
910 1170 1147 1229 nomine
1198 1188 1376 1245 opera
1434 1168 1786 1243 prodierint,

511 1282 662 1339 quae
695 1265 894 1320 tamen
926 1259 1187 1337 genuina
1217 1277 1336 1318 non
1355 1258 1668 1316 habentur.
1701 1258 1795 1314 Ita

510 1353 754 1412 alteram
804 1351 883 1409 ad
933 1348 1263 1407 Corinthios
1307 1347 1605 1423 epistolam
1651 1364 1685 1403 a
1731 1345 1793 1404 P.

508 1442 549 1500 J
566 1440 748 1499 unio
790 1449 955 1502 1633
990 1437 1231 1508 editam,
1282 1436 1384 1494 sed
1417 1435 1791 1512 incomplete,

510 1530 766 1607 primum
819 1528 1109 1605 integram
1162 1545 1294 1585 cum
1340 1525 1528 1601 priori
1573 1524 1796 1601 reperit

511 1619 667 1678 idem
718 1617 1155 1694 Bryennios
1202 1614 1522 1690 ediditque.
1574 1613 1659 1672 Ea
1701 1614 1794 1671 in-

513 1709 707 1767 dolem
739 1707 940 1784 potius
959 1706 1138 1764 habet
1157 1703 1449 1771 homiliae,
1470 1704 1533 1761 in
1552 1722 1669 1779 qua
1689 1722 1796 1761 au-

511 1797 734 1857 ditores
767 1798 1105 1869 monentur‚
1129 1794 1273 1852 vitia
1292 1792 1513 1870 fugere,
1540 1792 1794 1850 virtutes

510 1886 774 1945 excolere
826 1888 1004 1960 atque
1056 1901 1163 1942 sua
1208 1882 1511 1940 vocatione
1558 1880 1797 1958 dignam

511 1975 724 2034 ducere
787 1974 987 2032 vitam.
1049 1972 1210 2042 Quae
1271 1971 1334 2028 iu
1393 1988 1462 2029 ea
1512 1971 1800 2048 leguntur

511 2064 811 2140 praeclara
843 2065 986 2121 sunt
1015 2064 1075 2120 et
1105 2080 1213 2137 per
1243 2078 1302 2119 se
1334 2060 1462 2118 viro
1478 2059 1798 2135 apostolico

513 2153 724 2230 digna3
759 2151 1111 2210 recentiores
1160 2153 1356 2207 tamen
1403 2148 1524 2207 fere
1558 2149 1798 2207 univer·

515 2242 626 2301 sim
660 2261 787 2300 eam
820 2259 865 2303 s.
899 2239 1187 2299 Clementi
1219 2238 1581 2313 abjudicant,
1618 2257 1795 2314 argu-

513 2331 731 2390 mentis
764 2329 1003 2405 quidem
1028 2330 1204 2404 juxta
1254 2328 1322 2387 cl.
1354 2327 1396 2384 J
1410 2345 1798 2404 ungmann

516 2417 547 2487 ἓ
574 2430 651 2483 35
688 2418 857 2478 valde
888 2418 1125 2493 quidem
1155 2416 1577 2493 probabilibus,
1600 2419 1799 2474 tamen

513 2528 632 2568 nou
649 2508 1090 2585 peremptoriis;
1123 2525 1369 2583 eamque
1400 2505 1799 2564 esseauctoris

514 2618 624 2658 sec.
657 2599 730 2660 11.
780 2600 1036 2658 censent.
1100 2596 1351 2657 Exstant
1382 2596 1517 2654 dein
1549 2596 1661 2654 sub
1692 2612 1798 2652 no-

514 2688 671 2746 mine
723 2706 769 2750 s,
820 2686 1136 2746 Clementis
1200 2685 1348 2744 duae
1401 2686 1670 2761 epistolae
1720 2686 1800 2742 ad

514 2778 782 2854 viryines,
838 2794 986 2851 quas
1019 2774 1366 2851 praesertim
1413 2775 1488 2833 ob
1536 2792 1580 2835 S.
1631 2773 1797 2849 Epi-

515 2865 784 2943 phanii
814 2866 973 2924 haer.
1009 2873 1088 2927 20
1128 2883 1185 2922 n.
1223 2873 1296 2927 15
1334 2867 1394 2921 et
1425 2863 1798 2938 Hierony-

514 2956 613 3014 mi
641 2955 679 3018 l.
713 2958 917 3014 contra
947 2953 1331 3012 Jovinianum
1356 2953 1399 3023 I,
1431 2962 1504 3015 12
1542 2951 1797 3010 auctori·

514 3047 697 3103 tatem
746 3045 860 3103 viri
904 3042 1122 3102 eruditi
1166 3042 1260 3100 vel
1304 3045 1540 3100 nostrae
1590 3042 1801 3099 aetatis

515 3135 805 3212 genuinas
839 3132 1076 3202 habent,
1110 3132 1193 3190 ita
1222 3131 1281 3188 M
1298 3149 1330 3189 o
1347 3150 1378 3189 e
1398 3131 1435 3188 h
1452 3131 1474 3189 l
1491 3150 1521 3189 e
1538 3150 1582 3199 r,
1633 3131 1678 3187 P
1693 3149 1724 3187 e
1741 3150 1799 3187 r-

515 3223 890 3292 maneder,
940 3221 1242 3290 Beelen,
1293 3220 1796 3295 Champagny,

514 3313 562 3370 B
586 3312 769 3370 riick
791 3314 917 3378 etc.;
934 3311 1034 3368 alii
1047 3328 1184 3368 vero
1200 3312 1420 3385 negant
1434 3311 1504 3366 ut
1520 3308 1799 3378 Herbst,

515 3402 560 3459 F
587 3401 756 3470 unk,
803 3398 1362 3458 Bardenhewer
1393 3400 1500 3457 etc.
1551 3398 1626 3456 ob
1660 3398 1799 3466 stili,

515 3492 588 3549 ut
631 3489 773 3566 ipsis
809 3488 1060 3556 videtur,
1112 3486 1494 3545 differentiam
1533 3487 1800 3562 aliasque

517 3579 772 3637 rationes
806 3581 1079 3635 externas
1127 3595 1265 3634 sane
1312 3595 1429 3634 non
1463 3576 1631 3633 valde
1665 3595 1831 3670 gra-¹

518 3687 618 3726 ves
638 3688 651 3724 ι
686 3667 786 3725 alii
810 3665 1102 3742 judicium
1137 3669 1363 3724 certum
1395 3665 1655 3741 proferre
1679 3684 1799 3723 non

518 3755 759 3828 audent,
781 3755 920 3813 hinc
954 3754 1122 3812 dubii
1155 3754 1411 3822 haerent,
1448 3756 1519 3812 ut
1538 3755 1592 3811 M
1610 3773 1643 3811 a
1661 3773 1699 3812 n
1715 3754 1797 3824 si,

518 3846 866 3921 Lumper,
932 3843 1219 3912 Hefele,
1284 3843 1613 3910 Fessler,
1679 3844 1797 3900 Al-

518 3955 546 3992 z
563 3952 596 3992 o
612 3954 652 4011 g
683 3938 791 3991 etc.
859 3933 1147 4009 Repertae
1179 3933 1342 3991 fuere
1375 3933 1438 3990 in
1472 3931 1665 3990 codice
1700 3950 1797 4007 sy—

518 4024 673 4082 riaco
706 4022 1086 4098 primumque
1108 4022 1296 4080 editae
1331 4041 1364 4079 a
1396 4021 1467 4078 W
1483 4039 1514 4079 e
1532 4026 1559 4079 t
1576 4039 1602 4079 s
1619 4023 1647 4078 t
1663 4040 1693 4078 e
1711 4039 1742 4078 e
1758 4040 1796 4078 n

521 4132 654 4172 cum
714 4111 983 4170 versione
1045 4111 1228 4170 latina
1303 4109 1540 4186 Leyden
1610 4121 1633 4172 l
1652 4119 1682 4172 7
1697 4120 1795 4179 52,

1850 865 1994 922 sunt
2009 862 2370 939 Recoqnition
2377 879 2475 920 um
2488 862 2544 919 ll.
2561 861 2640 937 X,
2655 880 2911 937 quorum
2928 865 3130 920 textus

1413 990 1533 1048 ntis
1578 990 1793 1047 famam
1850 969 2095 1028 graecus
2128 949 2309 1026 periit
2352 953 2413 1008 et
2457 950 2583 1009 sola
2624 953 2819 1009 exstat
2861 951 3134 1011 Rufini

1850 1039 2267 1116 acquilejensis
2286 1038 2480 1098 versio
2498 1057 2620 1098 non
2653 1040 2960 1116 integrum
2982 1058 3130 1116 opus

1850 1129 2134 1190 exhibens
2165 1128 2401 1187 omissis
2448 1128 2573 1186 scil.
2616 1128 2975 1203 quibusdam
3009 1129 3133 1188 dis-

1849 1217 2282 1295 putationibus,
2316 1216 2478 1292 quod
2506 1219 2882 1290 excesserint,
2913 1221 2985 1277 ut
3005 1219 3136 1294 ipse

1849 1308 2089 1375 fatetur,
2121 1307 2253 1383 ejus
2274 1306 2754 1382 intelligentiam.
2786 1308 3130 1367 Inscribun—

1850 1400 1953 1456 tur
1981 1395 2161 1455 etiam
2207 1390 2488 1479 περίοδοι,
2535 1397 2930 1470 itinerarium,
2973 1404 3134 1474 qesta

1851 1485 2169 1544 Clementis.
2217 1484 2575 1543 Prodierunt
2605 1485 2740 1543 aliis
2771 1487 2862 1545 ed.
2894 1485 3132 1544 omissis

1851 1594 1973 1635 cur.
2005 1574 2386 1633 Gersdorf
2410 1573 2645 1649 Lipsiae
2684 1583 2869 1638 1838.
2900 1574 2965 1633 in
2984 1574 3134 1634 bibl.

1853 1664 1963 1725 PP.
1997 1664 2134 1724 eccl.
2166 1664 2268 1725 lat.
2290 1664 2394 1722 sel.
2412 1667 2457 1725 t.
2475 1664 2521 1721 I.
2554 1663 2690 1721 Alia
2719 1664 2900 1740 hujus
2920 1683 3014 1740 op.
3034 1683 3130 1723 re-

1852 1752 2051 1812 censio
2067 1753 2350 1812 videntur
2364 1770 2493 1811 esse
2522 1753 2790 1811 homiliae
2809 1753 2909 1810 XX
2931 1770 3133 1831 recog·

1852 1841 2187 1901 nitionibus
2220 1842 2392 1901 valde
2424 1841 2668 1912 similes,
2716 1859 2850 1900 cum
2897 1841 3134 1901 easdem

1852 1932 2085 1991 fabulas
2147 1930 2501 2006 eosdemque
2551 1948 2778 1989 errores
2826 1930 3137 2007 utrimque

1854 2020 2292 2097 deprehendere
2353 2019 2545 2081 liceat.
2653 2020 3141 2079 Praemittuntur

1853 2110 2004 2169 duae
2035 2110 2339 2185 epistolae,
2372 2108 2557 2167 altera
2589 2109 2764 2177 Petri,
2800 2109 2987 2168 altera
3003 2108 3136 2167 Cle-

1854 2198 2073 2258 mentis
2103 2198 2178 2257 ad
2198 2198 2489 2256 Jacobum
2518 2217 2608 2274 ap.
2628 2197 3137 2257 Clementinorum

1855 2290 2049 2347 exstat
2097 2287 2313 2363 duplex
2363 2287 2619 2363 epitome
2669 2286 2926 2354 „similis
2957 2286 3141 2362 plane

1855 2376 2104 2435 furfuris
2137 2380 2197 2435 et
2228 2375 2514 2445 tenoris‚‘
2551 2378 2621 2434 ut
2651 2376 2861 2433 scribit
2891 2374 2931 2433 J
2945 2393 3135 2453 ung-

1855 2486 1913 2524 m
1930 2485 1964 2524 a
1978 2485 2020 2525 n
2032 2484 2090 2525 n.
2126 2464 2318 2534 Quare
2336 2482 2457 2524 non
2475 2467 2646 2523 vacat
2660 2465 2871 2523 horum
2887 2483 3135 2540 operum

1854 2556 2189 2616 accuratius
2219 2571 2529 2614 recensere
2560 2553 2852 2613 editiones
2875 2549 2945 2634 8).
3010 2553 3132 2612 Ho-

1853 2644 2050 2704 milias
2082 2643 2273 2703 edidit
2302 2644 2351 2702 D
2369 2643 2620 2703 ressel
2652 2644 2712 2700 in
2746 2661 2838 2718 op.
2876 2644 3133 2702 Clemen-

1854 2737 1928 2792 tis
1960 2734 2121 2793 Rom.
2154 2751 2299 2810 quae
2328 2734 2606 2807 feruntur
2634 2732 2902 2790 homiliae
2933 2734 3136 2809 viqinti

1853 2839 2016 2881 nune
2044 2823 2305 2899 primum
2322 2821 2570 2898 integre,
2605 2821 2921 2898 Gottingae
2947 2830 3135 2892 18533

1854 2911 2196 2989 Lagarde
2246 2910 2616 2987 Clementina,
2665 2910 2898 2985 Lipsiae
2949 2920 3134 2981 1865,

1854 3019 2059 3078 graece
2107 3003 2376 3069 tantum;
2438 3001 2729 3077 epitomas
2781 2999 3017 3059 Dressel
3072 3001 3133 3058 in

1855 3109 1948 3166 op.
1982 3089 2464 3148 Clementiam-um
2507 3091 2784 3165 epitomae
2827 3091 3001 3162 duae,
3045 3089 3131 3145 al-

1854 3182 1982 3238 tera
2045 3179 2205 3238 edita
2266 3179 2598 3248 correctior,
2661 3177 2887 3237 inedita
2945 3179 3130 3235 altera

1855 3287 2016 3327 nunc
2028 3269 2287 3344 primum
2318 3268 2568 3344 integra,
2588 3267 2822 3342 Lipsiae
2850 3275 2959 3329 185
2971 3275 3127 3326 9.—

1854 3358 2020 3416 Inter
2068 3357 2390 3416 decretales
2439 3355 2725 3430 epistolas
2770 3353 3129 3431 pseudo-isi-

1855 3446 2128 3506 dorianas
2159 3449 2364 3505 nostro
2400 3444 2688 3504 Clementi
2718 3445 2987 3521 quinque
3018 3441 3130 3500 tri-

1854 3535 2146 3605 buuntur,
2163 3553 2318 3611 quas
2337 3533 2408 3596 cf.
2429 3533 2587 3610 apud
2620 3534 2679 3591 M
2694 3554 2781 3591 an
2798 3533 2863 3591 si
2894 3532 3130 3592 collect.

1856 3626 2023 3684 Conc.
2086 3635 2133 3696 1,
2190 3633 2511 3688 84-144,
2574 3623 2804 3681 Pariter
2863 3621 2980 3697 ipsi
3032 3619 3135 3677 ad-‘

1856 3714 2270 3772 scribebantur
2301 3713 2442 3771 olim
2475 3714 2530 3770 ll.
2583 3711 2740 3770 VIII
2763 3711 3132 3768 Constitutio-

1855 3822 1995 3861 num
2040 3803 2491 3878 apostolicarum
2520 3805 2584 3860 et
2632 3819 2877 3859 canones
2908 3809 3135 3875 aposto-

1855 3893 2065 3966 lorum,
2127 3910 2277 3967 quae
2339 3891 2576 3966 quidem
2641 3890 2781 3948 licet
2840 3907 2960 3947 non
3012 3888 3136 3946 sint

1854 3981 2130 4058 genuina,
2165 3981 2423 4057 insignia
2438 3983 2635 4038 tamen
2656 3979 3138 4054 complectuntur

1834 4070 2234 4145 antiquitatis
2312 4071 2709 4137 monumenta,
2788 4067 2861 4126 de
2911 4067 3132 4143 quibus

519 4201 786 4275 aliisque,
823 4201 923 4258 sed
956 4201 1126 4259 novis
1160 4201 1312 4258 curis
1362 4219 1497 4258 cum
1530 4199 1799 4257 versione
1826 4245 1830 4264 ,
1860 4251 2000 4256 ,ψ-
2033 4252 2170 4256 i*

519 4291 679 4349 fideli
725 4290 1163 4367 praeclarisque
1209 4289 1368 4347 notis
1415 4308 1450 4346 a
1480 4289 1527 4346 B
1544 4306 1576 4345 e
1594 4288 1663 4345 el
1680 4306 1711 4346 e
1727 4308 1796 4346 n:
1827 4279 1830 4344 !

520 4381 579 4439 δ’
632 4379 933 4438 Clementis
982 4380 1145 4438 Rom'
1192 4379 1463 4453 episwlae
1514 4378 1683 4435 binae
1733 4359 1945 4492 deinis
1997 4437 2344 4491 Harnaek
2395 4437 2593 4491 Gesch.
2633 4436 2734 4488 der
2801 4433 3132 4488 altschristl.

1275 4556 1287 4567 .
1827 4517 1830 4548 ¹
1857 4510 2146 4564 Literatur
2177 4511 2212 4564 1.
2247 4511 2281 4566 1.
2309 4515 2584 4564 212-231
2610 4529 2621 4566 ς
2651 4511 2954 4564 777-780.

522 4577 630 4617 sua
660 4558 748 4620 ed.
780 4560 1017 4634 patrum
1039 4556 1498 4633 apostolicorum
1517 4555 1592 4624 11,
1625 4564 1798 4618 1-27.
1827 4587 1830 4616 1

524 4471 863 4548 oirqinitate,
886 4469 1129 4527 Lovanii
1155 4479 1178 4530 l
1196 4478 1271 4529 85
1284 4478 1317 4528 6
1341 4469 1402 4526 et
1430 4486 1463 4524 a
1494 4466 1539 4524 F
1556 4486 1596 4524 u
1610 4485 1650 4524 n
1665 4466 1705 4523 k
1738 4466 1800 4524 in

528 4727 647 4791 hit„
675 4726 908 4797 Leipzig
940 4733 1077 4782 1893
1106 4727 1144 4788 l,
1176 4735 1214 4781 Ι.
1243 4732 1482 4782 :39-492
1511 4725 1830 4794 Kriiger!

1826 4781 1990 4852 ¹173:
2019 4795 2716 4862 Bardenhewer526
2740 4814 2796 4848 n.
2825 4801 2873 4848 3.

522 4799 719 4853 Gesch.
747 4800 848 4852 der
872 4797 1173 4851 altchristl.
1202 4797 1308 4849 Lit.
1337 4807 1364 4862 ξ
1392 4804 1440 4852 7.

1935 4371 1971 4436 ¹)
2001 4367 2083 4420 Cf.
2111 4367 2180 4420 de
2226 4366 2314 4420 his
2355 4364 2580 4434 scriptis
2625 4360 3135 4433 pseudoclementi·

1933 4587 1971 4640 ’1
2001 4581 2083 4635 Cf.
2113 4581 2320 4634 Funk
2349 4580 2730 4642 KL.3²‚5·20-
2752 4587 2814 4636 9:
2845 4579 2894 4631 N
2915 4574 3134 4631 irschl

1860 4653 1881 4705 Ι
1908 4662 1935 4718 5
1975 4660 2044 4709 26
2084 4671 2151 4704 ss,
2196 4653 2573 4704 Literatnram
2618 4652 2689 4706 de
2732 4651 2822 4704 his
2867 4647 3136 4720 operibus

1857 4722 2169 4793 suppositis
2208 4724 2278 4777 cf.
2306 4723 2462 4794 apud
2489 4723 2533 4776 E
2552 4724 2688 4776 hrh
2706 4722 2834 4775 ard
2867 4723 2930 4784 11,
2964 4724 3130 4774 170-
