3505 5161
1459 233 1761 284 sel—900.
1793 227 2062 282 Rabanus

501 236 623 299 ‘795
2993 247 3116 301 796

495 415 656 491 nus).
708 417 866 474 Puer
885 414 1193 490 amplexus
1214 417 1306 472 est
1336 414 1400 471 in
1419 413 1780 472 monasterio
1836 414 1898 472 in
1950 433 2041 488 ep.
2093 415 2367 490 synodali
2416 414 2492 474 ad
2543 416 2926 474 Hincmarum
2975 434 3117 474 rem.

496 505 761 565 fuldensi
781 505 965 563 vitam
987 503 1373 562 monasticam
1393 506 1454 561 et
1473 504 1546 561 ab
1566 502 1780 561 abbate
1838 500 2118 582 (Migne
2168 504 2338 572 oxu,
2399 500 2623 585 1575):
2691 504 2900 573 ,Quod
2948 522 3116 580 prae-

498 594 777 673 Ratgario
817 594 1036 652 missus
1083 595 1175 651 est
1221 591 1467 651 ineunte
1512 592 1622 650 hoc
1668 609 1779 650 sec.
1838 592 2161 651 destinatio
2193 593 2351 651 sicut
2380 593 2446 651 in
2491 594 2646 652 bono
2694 594 2777 652 sit
2821 596 2907 652 ita
2948 596 3012 653 et
3053 594 3116 652 in

494 688 571 743 ut
644 684 833 760 magis
910 682 1272 741 excoleretur
1336 682 1633 740 Turonem
1706 681 1778 739 ad
1838 681 2022 739 malo:
2065 685 2126 740 et
2156 681 2306 741 tales
2340 682 2465 741 sint
2495 682 2558 740 in
2590 683 2698 741 hoc
2730 683 2951 742 mundo
2983 683 3115 758 qui-

498 774 839 831 Alcuinum.
901 772 1106 831 Redux
1152 771 1216 829 in
1263 771 1516 844 patriam
1562 770 1780 829 scholis
1836 770 1989 839 dam,
2055 771 2161 846 qui
2223 775 2467 848 propter
2514 771 3113 847 praedestinationem

495 865 591 920 est
621 863 974 938 praefectae,
1022 879 1169 938 quas
1215 859 1290 917 ad
1321 879 1606 936 magnum
1640 877 1776 934 pro-
1839 860 1961 926 Dei,
1995 879 2147 936 quae
2178 877 2277 919 eos
2297 864 2472 937 cogat
2501 860 2564 918 in
2584 865 2835 919 mortem
2858 862 2964 930 ire,
2998 878 3115 919 non

494 955 684 1010 movit
714 951 947 1010 florem:
984 969 1034 1009 a.
1071 959 1194 1013 814
1230 949 1503 1008 sacerdos
1538 948 1778 1007 ordina-

494 1046 615 1102 tus.
666 1041 811 1099 Post
842 1044 1092 1099 mortem
1123 1038 1336 1115 Eigilis
1368 1038 1600 1096 abbatis
1631 1036 1781 1096 eleo-

494 1132 597 1188 tus
649 1130 777 1204 ipse
828 1131 922 1188 est
970 1147 1020 1187 a.
1074 1136 1197 1191 822
1255 1128 1321 1185 in
1371 1145 1779 1186 successorem.

498 1219 833 1278 Plurimum
865 1218 977 1279 sub
1009 1235 1077 1276 eo
1124 1216 1480 1275 monasticae
1511 1215 1778 1289 discipli-

498 1327 607 1366 nae
628 1308 883 1366 increvit
902 1306 1172 1366 studium
1194 1305 1355 1365 inter
1382 1316 1401 1367 l
1423 1316 1499 1368 50
1530 1304 1778 1375 sodales,

493 1415 633 1456 nam
677 1402 768 1455 tot
814 1398 944 1473 ejus
991 1399 1256 1470 tempore
1293 1393 1778 1463 numerabantur,

496 1488 827 1545 floruerunt
856 1488 916 1545 et
946 1485 1154 1544 literae
1168 1481 1236 1564 ¹).
1297 1486 1623 1559 Postquam
1652 1499 1779 1540 mo-

495 1576 824 1634 nasterium
885 1594 935 1633 a.
1001 1584 1080 1637 20
1154 1574 1451 1649 praeclare
1510 1572 1778 1642 rexisset,

499 1665 718 1723 multas
742 1664 1018 1723 ecclesias
1040 1662 1420 1732 condidisset,
1453 1657 1776 1721 bibliothe-

496 1771 621 1811 cam
654 1753 933 1829 pluribus
966 1752 1220 1811 ditasset
1249 1752 1441 1821 libris,
1495 1749 1780 1808 abbatiali

492 1842 781 1920 dignitati
815 1861 867 1900 a.
904 1851 1027 1904 842
1079 1843 1243 1900 ultro
1290 1841 1486 1910 cessit,
1536 1858 1655 1914 quo
1700 1856 1778 1900 ss.

496 1931 811 1990 literarum
835 1931 1054 1989 studiis
1074 1930 1320 1989 liberius
1339 1948 1545 1988 vacare
1566 1929 1780 2003 posset.

498 2020 1022 2095 ,Quotiescunque
1053 2018 1212 2078 enim
1246 2038 1280 2077 a
1309 2018 1468 2077 curis
1500 2016 1778 2076 seculari-

495 2109 625 2180 bus,
677 2126 843 2184 quas,
897 2111 1078 2184 prout
1126 2107 1413 2183 possibile
1458 2110 1601 2173 erat,
1649 2108 1779 2163 toto

495 2198 635 2256 nisu
684 2197 1035 2268 declinabat,
1086 2196 1243 2255 liber
1292 2214 1421 2255 esse
1468 2196 1777 2272 permitte-

496 2287 692 2356 batur,
739 2288 846 2345 aut
888 2286 1036 2344 alios
1077 2285 1259 2344 sacris
1291 2285 1485 2344 literis
1517 2285 1778 2343 instrue·

498 2376 618 2445 bat,
651 2378 756 2433 aut
788 2375 851 2433 in
874 2373 1125 2451 legendo
1144 2375 1239 2433 vel
1258 2373 1534 2433 dictando
1556 2373 1780 2431 divinis

496 2463 824 2539 Scripturis
857 2464 1241 2540 semetipsum
1284 2464 1625 2537 pascebat.‘
1688 2463 1781 2519 Ita

497 2551 955 2630 Rudolphus
997 2554 1060 2612 in
1092 2553 1222 2630 ejus
1253 2552 1378 2612 vita
1408 2570 1455 2612 c.
1492 2561 1548 2615 5.
1608 2551 1777 2610 Tri-

494 2643 835 2702 themius
869 2661 1006 2702 vero
1039 2643 1111 2702 de
1143 2642 1197 2703 S.
1231 2643 1295 2703 Ε.
1326 2652 1532 2704 11.267
1568 2642 1655 2700 ita
1685 2658 1778 2699 re-

496 2733 641 2791 fert:
691 2732 1008 2802 ,Offensus
1046 2731 1432 2808 improbitate
1463 2730 1776 2789 monacho-

494 2841 629 2880 rum
651 2840 912 2893 suorum,
947 2822 1052 2896 qui
1073 2840 1210 2880 eum
1230 2820 1506 2879 dicebant
1527 2819 1777 2878 nimium

498 2911 815 2986 scripturis
861 2911 1160 2969 intentum
1202 2909 1555 2985 temporalia
1585 2908 1776 2985 negli-

493 3018 651 3076 gere,
699 3002 913 3076 agente
944 2998 1008 3058 id
1039 3000 1106 3058 in
1142 3000 1229 3058 eis
1262 2999 1517 3067 diabolo,
1567 2997 1778 3073 displi-

493 3088 750 3147 centiam
783 3091 989 3147 contra
1019 3108 1156 3147 eum
1188 3091 1559 3162 acceperunt,
1609 3104 1777 3145 scan-

496 3177 735 3235 dalizati
767 3177 830 3235 in
877 3196 962 3247 eo,
1011 3195 1130 3253 quo
1162 3177 1416 3235 maxime
1449 3176 1780 3235 debuerant

493 3266 809 3325 aedificari.
863 3267 1020 3325 Dans
1053 3266 1244 3343 igitur
1275 3266 1467 3325 locum
1499 3266 1636 3331 irae,
1670 3282 1780 3323 nec

495 3372 629 3413 cum
681 3355 932 3431 ingratis
982 3354 1195 3414 ovibus
1247 3356 1478 3413 diutius
1539 3372 1778 3411 manere

496 3445 892 3512 consentiens,
958 3444 1384 3503 monasterium
1435 3449 1497 3501 et
1544 3442 1776 3500 habita-

494 3535 655 3590 tores
687 3532 817 3607 ejus
839 3532 1101 3590 deseruit
1132 3576 1145 3589 .
1180 3578 1192 3590 .
1227 3578 1239 3590 .
1272 3530 1545 3592 Monachi
1576 3535 1775 3590 autem

495 3620 868 3695 poenitentia
906 3620 1072 3678 ducti
1118 3620 1475 3698 legationem
1521 3620 1593 3678 ad
1640 3639 1775 3679 eum

1835 947 2067 1024 possint
2108 949 2185 1007 ab
2228 967 2425 1007 errore
2469 953 2531 1009 et
2570 955 2808 1025 peccato
2841 969 2904 1010 se
2935 950 3113 1009 corri-

1835 1055 1991 1114 gere.
2007 1046 2033 1075 ‘
2054 1035 2255 1118 (⁸48).
2288 1038 2759 1098 Prudentissime
2784 1040 2939 1098 rexit
2952 1059 3113 1098 suam

1836 1126 2177 1185 ecclesiam:
2224 1127 2360 1186 binc
2392 1147 2609 1204 magna
2639 1129 2770 1204 eJus
2803 1128 2961 1204 apud
2992 1147 3114 1186 om-

1835 1233 1941 1274 nes
1972 1216 2314 1279 auctoritas.
2366 1217 2599 1276 Effusae
2618 1218 2937 1276 admodum
2968 1217 3114 1276 libe·

1837 1304 2094 1364 ralitatis
2144 1308 2272 1364 erat
2319 1324 2458 1383 erga
2502 1325 2810 1382 pauperes,
2862 1324 3113 1382 quorum

1835 1393 2006 1452 famis
2039 1398 2304 1469 tempore
2335 1397 2629 1453 trecentos
2652 1396 2721 1454 de
2748 1395 2997 1454 diversis
3029 1396 3112 1453 lo-

1835 1482 1920 1541 cis
1952 1483 2257 1542 venientes
2279 1483 2550 1559 quotidie
2571 1484 2856 1543 alimento
2876 1489 3110 1543 susten-

1836 1571 2004 1629 tabat
2034 1577 2268 1647 praeter
2296 1590 2412 1644 eos,
2461 1573 2564 1647 qui
2606 1572 2978 1648 juvabantur
3020 1591 3111 1632 as-

1835 1660 2023 1719 sidue.
2087 1661 2354 1720 Decessit
2401 1673 2455 1722 4.
2502 1661 2670 1724 Febr.
2720 1671 2844 1725 856
2899 1662 3109 1720 aetatis

1835 1749 1957 1807 fere
1988 1769 2038 1807 a.
2077 1759 2190 1821 703
2236 1770 2272 1809 a
2316 1749 2720 1810 Bollandianis
2753 1757 2816 1809 et
2845 1750 3112 1810 Mabillo·

1835 1839 1936 1896 nio
1985 1839 2208 1898 Beati
2254 1838 2436 1898 titulo
2479 1839 2836 1899 honoratur:
2882 1839 3111 1917 magnis

1836 1927 2120 1986 encomiis
2152 1928 2226 1987 ab
2258 1928 2608 2004 aequalibus
2648 1932 2712 1987 et
2740 1930 2992 2005 posteris
3022 1947 3112 1987 ce-

1835 2016 2101 2075 lebratur
2116 2012 2179 2099 ¹).

1928 2203 2072 2257 435.
2120 2194 2386 2254 Plurima
2428 2196 2675 2273 reliquit
2721 2214 2913 2271 opera,
2963 2213 3113 2271 quae

1834 2283 2184 2358 prodierunt
2214 2283 2454 2344 collecta
2496 2306 2565 2345 ex
2610 2285 2840 2343 schedis
2873 2284 3113 2343 Pamelii

1835 2391 1978 2430 cura
1997 2373 2170 2449 Greg.
2204 2373 2615 2433 colvenerii
2648 2375 2923 2433 Coloniae
2949 2382 3108 2437 1626

1833 2465 1877 2519 t.
1914 2473 1948 2524 6
1983 2460 2047 2520 in
2078 2461 2150 2532 f.;
2199 2462 2397 2540 Migue
2427 2466 2471 2527 t..
2503 2461 2921 2532 CVII-oxu,
2967 2479 3111 2538 quo·

1834 2569 1964 2609 rum
2029 2551 2346 2629 praecipua
2421 2552 2747 2613 secundum
2813 2553 2962 2612 banc
3020 2551 3112 2613 ed.

1835 2641 2007 2698 sunt:
2041 2641 2128 2699 De
2156 2642 2426 2700 laudibus
2456 2662 2502 2704 s.
2521 2645 2715 2702 crucis
2746 2643 2809 2701 ll.
2831 2643 2905 2713 11,
2935 2659 3108 2710 ,eru-

1835 2729 2079 2800 ditione,
2097 2749 2271 2789 versu
2288 2750 2582 2806 prosaque
2605 2731 2837 2790 mirifici
2855 2751 2869 2790 :
2888 2748 3004 2806 quo
3019 2748 3108 2804 op.

1836 2818 2046 2894 figuris
2079 2819 2205 2877 sive
2233 2820 2598 2897 imaginibus
2635 2829 2714 2883 28
2757 2820 2951 2878 multa
2978 2818 3112 2877 fidei

1835 2906 2192 2966 christianae
2251 2909 2567 2985 mysteria,
2631 2909 2810 2967 multi
2876 2908 3111 2985 mystici

1835 2996 2096 3055 numeri:
2136 2997 2505 3074 angelorum,
2538 2998 2854 3066 virtutum,
2888 3000 3110 3072 septem

1835 3085 2122 3143 donorum
2138 3088 2397 3160 Spiritus
2414 3105 2478 3155 s..
2502 3091 2631 3146 octo
2652 3086 3107 3153 beatitudinum,

1834 3179 2092 3248 quatuor
2139 3175 2587 3245 elementorum,
2650 3179 2917 3250 quatuor
2963 3178 3108 3233 tem·

1834 3281 2047 3338 porum
2092 3265 2250 3332 anni,
2304 3267 2561 3339 quatuor
2609 3264 3111 3342 evangelistarum

1833 3354 1895 3410 et
1925 3352 2101 3428 Agni,
2132 3353 2444 3422 mensium,
2479 3357 2814 3424 ventorum,
2850 3353 3112 3428 quinque

1833 3440 1891 3498 ll.
1925 3441 2160 3516 Moysis,
2207 3441 2466 3500 nominis
2498 3442 2707 3512 Adam,
2753 3442 3015 3517 Alleluja
3051 3443 3113 3498 et

1836 3532 2039 3598 Amen,
2073 3531 2441 3605 aliarumque
2472 3549 2671 3589 rerum
2703 3531 2794 3589 vis
2827 3536 2891 3589 et
2921 3529 3109 3608 digni-

1832 3621 1925 3675 tas
1956 3619 2020 3677 in
2042 3617 2284 3677 formam
2307 3619 2499 3677 crucis
2520 3620 2773 3689 redacta,
2809 3619 3113 3678 subtiliter

498 3709 806 3767 mittentes
839 3709 1144 3784 rogabant,
1190 3714 1264 3767 ut
1292 3711 1515 3768 rediret
1545 3708 1617 3767 ad
1653 3727 1778 3767 mo·
1831 3714 1895 3765 et
1926 3707 2232 3783 ingeniose
2250 3707 2622 3784 explicantur
2641 3703 2926 3788 (Migne
2947 3707 3110 3777 CVII,

496 3798 844 3868 nasterium‚
880 3798 984 3857 sed
1004 3799 1600 3874 nonimpetrarunt.‘
1635 3799 1777 3857 Post

496 3886 977 3962 quinquennium
1007 3887 1232 3946 electus
1263 3891 1357 3946 est
1396 3887 1455 3945 in
1488 3886 1776 3963 archiepi-

497 3994 741 4051 scopum
769 3977 1211 4053 moguntinum.
1261 3977 1404 4035 Tres
1435 3976 1648 4036 habuit
1678 3995 1775 4053 sy-

495 4063 682 4123 nodos
715 4065 1078 4142 Moguntiae‚
1125 4065 1189 4122 in
1234 4083 1487 4139 quarum
1532 4085 1653 4123 una
1684 4083 1774 4123 re-

1843 3792 2273 3876 13tz—2s4).‘
2332 3797 2424 3855 lta
2454 3797 2517 3855 in
2549 3796 2947 3872 inscriptione
2978 3796 3112 3855 libri

1833 3884 1921 3946 ed.
1955 3885 2298 3944 colvenerii.
2362 3887 2561 3962 Magni
2592 3887 2817 3944 sactum
2851 3889 2942 3945 est
2971 3884 3112 3945 olim

1910 4079 1945 4138 ¹)
1999 4073 2080 4128 Of.
2128 4077 2359 4155 praeter
2407 4073 2552 4128 alios
2601 4072 3113 4144 Ziegelbauer

496 4154 744 4228 probata
774 4154 890 4212 fuit
921 4154 1316 4213 Gotteschalci
1348 4154 1420 4212 de
1449 4154 1776 4230 praedesti-
1831 4144 1964 4199 hist.
1990 4145 2075 4199 rei
2099 4145 2248 4199 hter.
2266 4145 2329 4199 O.
2345 4145 2398 4199 S.
2416 4145 2477 4199 Β.
2502 4146 2554 4199 ΙΙ
2563 4147 2598 4203 Ι.
2624 4162 2670 4200 c.
2700 4152 2732 4200 2
2749 4154 2778 4212 9
2794 4153 2829 4203 3
2846 4165 2901 4217 p.
2927 4148 3082 4202 65³1?
3097 4165 3112 4199 z

494 4243 733 4301 natione
783 4242 1067 4312 doctrina,
1115 4263 1292 4318 quam
1354 4244 1441 4301 ita
1488 4243 1778 4319 expressit

576 4432 612 4500 ¹)
641 4429 723 4482 Cf.
751 4429 984 4510 Turnau
1013 4429 1079 4482 R.
1106 4429 1355 4483 Maurus.
1384 4429 1516 4512 'Ein
1544 4429 1779 4554 Rei-⁸¹²²?

497 4516 599 4551 zur
625 4499 963 4554 Geschichte
989 4500 1089 4552 der
1106 4499 1439 4571 Padagogik
1455 4501 1553 4554 des
1573 4501 1733 4555 Mltte
1762 4533 1778 4542 ·

1835 4217 2204 4273 Mabillo·1
2267 4217 2517 4287 elogium
2567 4216 2911 4272 historicum
2960 4215 3110 4298 apud

1834 4288 2082 4370 Migne
2145 4287 2311 4352 CVu,
2376 4295 2581 4347 9-4ος
2645 4288 3112 4343 Trithemius

1832 4360 1894 4413 in
1921 4375 2044 4429 ejus
2072 4359 2190 4412 vita
2231 4358 2308 4413 ib.
2337 4363 2613 4419 67—106;
2665 4358 2937 4414 Hefele
2979 4361 3112 4413 Con·

1832 4430 2194 4500 ciliengesch.
2213 4434 2254 4484 t.
2273 4430 2347 4484 IV
2364 4439 2392 4498 ς
2410 4438 2512 4486 442
2529 4448 2570 4483 s.
2589 4450 2601 4483 t
2623 4437 2758 4488 448:
2783 4430 2931 4484 Hist.
2947 4430 3029 4484 lit.
3047 4429 3110 4483 V.

1838 4508 2148 4558 151-204:
2210 4501 2589 4556 Diimmler
2649 4500 3110 4556 Hrabanstudien

498 4570 687 4634 alters,
711 4571 994 4624 Munchen
1018 4577 1169 4630 1900:
1197 4572 1240 4623 B
1257 4590 1293 4625 u
1312 4590 1340 4624 r
1408 4589 1482 4625 er
1508 4572 1604 4624 Hr.
1623 4573 1778 4625 Mau·
1832 4574 2033 4627 Sitzun
2077 4575 2217 4627 sber.
2246 4574 2345 4626 der
2372 4573 2425 4629 k.
2455 4590 2540 4643 pr.
2562 4573 2668 4625 Ak.
2691 4573 2744 4626 d.
2769 4572 3109 4627 Wissensch.

499 4656 598 4693 rus
623 4641 721 4693 der
752 4642 1079 4708 Begrssnder
1106 4642 1206 4695 der
1232 4644 1364 4696 theo
1395 4683 1406 4695 .
1447 4642 1689 4696 Studien
1717 4643 1777 4696 in
1833 4663 1903 4697 zu
1932 4644 2040 4697 Ber
2065 4643 2123 4696 in
2157 4650 2290 4700 1898
2317 4644 2369 4697 S.
2399 4651 2624 4699 24-42.
2678 4642 2759 4698 De
2787 4643 2911 4715 ejus
2942 4643 3055 4698 vita
3079 4658 3110 4695 a

500 4709 887 4764 Deutscbland
915 4713 973 4764 in
1001 4712 1278 4768 Katholik
1310 4719 1441 4769 1902
1480 4714 1547 4779 ΙΙ,
1589 4722 1778 4775 51-69ς
1836 4716 1934 4768 Ru
1955 4714 2120 4769 dolf
2130 4731 2161 4766 o
2206 4715 2485 4771 monacho
2513 4715 2764 4769 fuldensi
2790 4715 3111 4786 conscripta

506 4787 764 4839 122·135;
791 4783 860 4834 cf.
893 4782 937 4832 Κ
957 4801 993 4834 n
1013 4789 1044 4835 ὃ
1062 4802 1098 4851 p
1118 4784 1175 4836 fl
1192 4799 1221 4835 e
1239 4802 1266 4835 r
1292 4783 1403 4838 KL.
1433 4785 1501 4848 X,
1529 4790 1778 4841 097-701.
1835 4786 1904 4839 cf.
1932 4785 2102 4838 infra.-
