3505 5161
544 208 659 261 991

548 386 925 447 170—1773
976 378 1227 454 migne
1262 379 1337 436 ib.
1373 398 1428 453 p.
1466 388 1814 441 525-548

540 465 698 545 (cnm
729 462 1074 547 miraculis).
1122 501 1208 510 —
1259 469 1672 526 Anselmus
1727 487 1818 527 re-

538 555 759 613 mensis
802 555 1121 614 monachus
1172 553 1665 639 (1049-1056)
1716 557 1818 615 de-

539 643 748 702 scribit
792 647 921 719 ejus
956 644 1338 703 Itinerarium
1373 646 1555 704 Roma
1585 647 1650 704 in
1681 646 1816 704 Gal·

537 734 657 803 lias,
692 733 767 791 ob
788 734 896 792 hoc
917 734 1185 803 maxime,
1218 738 1373 793 teste
1405 734 1818 812 Sigeberto

536 822 753 899 gembl.
788 822 860 881 de
893 822 1013 884 Ser.
1046 823 1199 881 Eccl.
1231 841 1281 881 c.
1320 833 1461 893 152,
1515 828 1624 892 ,ut
1664 825 1818 883 noti-

537 912 751 981 ficaret,
803 914 1027 986 quanta
1075 912 1425 972 auctoritate
1473 913 1671 972 Remis
1722 914 1817 972 vel

535 1001 600 1058 in
648 1000 782 1058 aliis
833 1000 1084 1060 urbibus
1136 1002 1427 1077 synodum
1473 1002 1816 1071 celebrarit3

537 1092 762 1165 quanta
792 1089 1129 1148 subtilitate
1161 1094 1222 1148 et
1243 1091 1488 1165 justitia
1517 1092 1816 1151 examina-

535 1179 618 1237 rit
661 1196 869 1237 causas
915 1179 1378 1248 ecclesiasticas:
1429 1200 1550 1256 qua
1600 1182 1815 1240 discret

537 1269 697 1326 tione
747 1272 1058 1343 peccantes
1109 1268 1457 1339 correxerit3
1520 1270 1818 1345 quomodo

536 1358 589 1415 ei
623 1357 815 1416 virtus
849 1358 953 1416 Dei
984 1371 1297 1433 cooperata
1327 1358 1449 1416 sit‘
1484 1363 1610 1430 etc.,
1660 1358 1821 1435 apud

537 1447 1034 1517 MabillonVI,
1077 1460 1128 1518 1,
1168 1456 1545 1517 713—7273
1579 1448 1820 1509 ed.ven.

537 1557 593 1612 p.
650 1545 1030 1607 624—6383
1094 1536 1454 1611 inscriptum
1518 1538 1822 1596 Dedicatio

538 1626 799 1684 ecclesiae
830 1629 890 1684 et
920 1625 1233 1685 translatio
1267 1644 1312 1684 ε.
1333 1626 1586 1702 Remigii
1607 1626 1673 1684 in
1692 1628 1820 1689 Act.

542 1714 635 1777 SS.
683 1726 731 1776 1.
766 1715 890 1777 Oet.
932 1726 984 1782 1,
1039 1724 1412 1785 176—185;
1460 1715 1711 1793 Migne
1760 1717 1819 1779 P.

537 1804 596 1863 L.
631 1803 1819 1874 CXLII,1415—14403Watterich

538 1893 573 1952 1.
610 1912 654 1954 e.
687 1913 745 1968 p.
788 1902 1149 1955 113—127.

633 2081 775 2133 556.
809 2071 1076 2148 vestigia
1107 2071 1316 2130 Leonis
1356 2071 1419 2129 in
1449 2072 1823 2131 reformanda

540 2160 801 2218 Ecclesia
819 2161 1342 2236 impugnandaque
1362 2161 1614 2219 simonia
1640 2166 1822 2236 atque

541 2249 891 2307 clericorum
920 2249 1351 2308 incontinentia
1382 2254 1732 2325 presserunt
1764 2256 1825 2309 et

545 2339 674 2413 ejus
709 2355 1092 2400 successores
1142 2338 1410 2397 Victor
1440 2340 1495 2397 11
1531 2340 1820 2414 (1055-

546 2437 646 2491 28.
679 2427 801 2485 Jul.
843 2425 1051 2504 1057),
1086 2428 1254 2502 prius
1287 2427 1482 2487 dictus
1516 2428 1822 2488 Gebehard

542 2522 603 2575 et
663 2516 977 2592 episcopus
1039 2516 1511 2586 eichstettensis,
1591 2518 1822 2576 invitus

541 2609 765 2666 electus
798 2624 1028 2665 menses
1066 2607 1333 2682 quinque
1378 2607 1587 2679 haesit,
1637 2608 1823 2666 donec

541 2698 603 2755 in
637 2715 807 2753 suam
838 2697 1201 2754 consentiret
1232 2692 1659 2778 electionem1).
1710 2698 1822 2754 Be-

540 2785 798 2862 rengarii
820 2785 1259 2843 damnationem
1289 2785 1495 2860 etipse
1515 2787 1821 2844 confirma-

540 2876 643 2935 vit.
676 2908 763 2916 ——
796 2874 1240 2948 Stephanus
1272 2873 1322 2930 X
1362 2869 1512 2956 (IX.)
1549 2869 1634 2956 (2.
1669 2877 1822 2950 Aug.

548 2972 913 3028 1057-29,
954 2964 1122 3024 Mart..
1162 2958 1355 3044 1058)
1402 2965 1576 3021 antea
1618 2962 1821 3021 Fride-

538 3055 700 3112 ricus
717 3052 912 3110 dictus
934 3070 965 3109 e
980 3052 1350 3110 nobilissima
1364 3052 1591 3109 familia
1604 3052 1820 3110 Lotha-

540 3143 787 3218 ringiae,
837 3160 869 3198 a
906 3141 1097 3199 Leone
1130 3141 1209 3198 IX
1241 3144 1473 3199 creatus
1504 3142 1820 3199 cardinalis

540 3232 821 3290 diaconus
873 3234 934 3287 et
983 3249 1102 3288 una
1150 3248 1285 3288 cum
1335 3229 1665 3289 Humberto
1716 3230 1820 3291 ΟΡ.

540 3321 774 3378 missus,
852 3319 1005 3377 Hinc
1053 3319 1349 3394 particeps
1412 3319 1729 3377 exhibetur
1789 3340 1822 3377 a

540 3410 716 3467 Petro
749 3408 994 3466 diacono
1042 3409 1113 3466 de
1162 3408 1267 3465 vir.
1315 3408 1399 3465 ill.
1446 3409 1621 3470 casin.
1655 3427 1701 3467 c.
1743 3419 1815 3471 17

540 3500 604 3556 in
638 3497 1036 3571 componendo
1056 3514 1339 3572 responso
1372 3497 1443 3554 ad
1467 3498 1817 3555 Graecorum

541 3587 933 3660 exceptiones,
983 3585 1196 3644 Postea
1214 3586 1519 3661 ingressus
1551 3586 1820 3644 ordinem

545 3695 590 3734 s.
637 3675 942 3733 Benedicti
995 3674 1059 3731 in
1109 3679 1310 3732 monte
1356 3677 1611 3745 cassino,
1663 3675 1822 3732 intra

542 3783 731 3823 unum
807 3763 1230 3838 propemodum
1293 3783 1553 3822 mensem
1616 3764 1817 3834 abbas,

541 3853 855 3912 cardinalis
877 3847 1243 3934 (presbyter)
1279 3856 1340 3910 et
1372 3871 1640 3911 summus
1672 3871 1817 3928 pon·

542 3944 686 4000 tifex
699 3945 748 4020 2)
784 3942 1185 4001 renunciatur.
1248 3941 1360 3999 Sed
1392 3962 1467 4000 ne
1499 3961 1651 4000 anno
1684 3942 1816 4016 qui·

540 4034 670 4091 dem
719 4030 1101 4107 pontificatus
1157 4036 1361 4089 exacto
1408 4032 1600 4089 locum
1646 4031 1820 4089 cessit

540 4121 863 4181 Nicolao
907 4121 965 4177 II
1012 4116 1407 4200 (1058—27.
1441 4119 1563 4181 Jul.
1611 4116 1816 4200 1061),

542 4211 648 4285 qui
680 4215 854 4269 antea
886 4210 1082 4267 dictus
1115 4213 1208 4267 est
1237 4209 1529 4266 Gerardus
1563 4208 1634 4266 de
1667 4209 1819 4266 Bur-

541 4299 779 4376 gundia,
854 4303 1031 4374 atque
1093 4298 1404 4374 episcopus
1467 4297 1817 4356 florentinus

823 196 1188 247 lost—1073.
1216 191 1375 246 Rom.
1404 191 1720 263 pontifices.
1751 193 1948 246 Victor
1975 195 2042 258 11,
2069 193 2397 264 Stephanus
2423 193 2488 255 X,
2517 191 2791 246 Nicolaus
2817 192 2883 247 11.

3035 208 3168 261 992

1876 382 2019 437 erat.
2098 378 2246 454 EJus
2306 384 2401 437 est
2456 378 2682 437 celebre
2732 378 3033 438 decretum
3089 377 3170 435 de

1876 468 2164 527 electione
2215 467 2509 543 pontificis
2570 468 2750 526 toties
2803 466 3168 525 factionibus

1874 557 2134 632 politicis
2149 553 2197 638 ¹)
2220 557 2479 616 turbata.
2518 590 2605 600 —-
2626 559 2676 614 A
2693 557 2760 614 le
2777 575 2808 613 x
2828 575 2915 614 an
2931 556 2967 612 d
2985 575 3063 613 er
3084 553 3166 623 11,

1875 650 2051 705 antea
2067 648 2387 706 Anselmus
2405 646 2619 715 dictus,
2641 645 2953 722 presbyter
2973 663 3168 719 quon·

1874 735 2005 794 dam
2041 736 2512 805 mediolanensi8‚
2559 735 2665 793 ubi
2696 753 2911 811 magno
2942 735 3065 793 zelo
3104 738 3174 792 et

1873 824 2225 883 fortitudine
2258 843 2320 883 se
2349 824 2628 901 opposuit
2646 822 3010 900 corruptioni
3033 842 3170 881 mo-

1873 933 2025 981 rum,
2059 919 2271 990 agente
2294 913 2700 972 Hildebrando
2721 914 2944 971 electus
2978 916 3077 971 est
3102 913 3174 971 in

1874 1003 2213 1078 pontificem
2246 998 2481 1085 (10613
2529 999 2563 1070 †
2613 1012 2714 1064 21.
2747 1003 2888 1077 Apr.
2949 999 3175 1080 1073).

1875 1092 2030 1150 Usus
2083 1096 2176 1151 est
2225 1092 2290 1150 in
2350 1091 2525 1161 bello,
2584 1091 2743 1166 quod
2794 1093 3179 1149 incessanter

1874 1181 2019 1239 cleri
2069 1182 2233 1240 vitiis
2285 1180 2520 1252 indixit,
2555 1181 2801 1239 consilio
2862 1183 2923 1238 et
2979 1199 3186 1255 opera.

1875 1270 2266 1330 Hildebrandi
2311 1270 2375 1329 in
2422 1270 2630 1346 primis
2677 1275 2736 1328 et
2770 1288 2813 1328 s.
2847 1269 3011 1327 Petri
3046 1269 3175 1327 Da.-

1874 1359 2074 1419 miani.
2139 1360 2284 1435 Ejus
2326 1361 2620 1433 epistolae,
2668 1360 2916 1425 decreta,
2964 1357 3178 1433 diplo-

1877 1451 2035 1507 mata
2080 1448 2257 1508 habes
2302 1449 2365 1507 in
2412 1449 2664 1525 Migne
2710 1449 2772 1507 P.
2819 1448 2878 1505 L.
2916 1446 3178 1516 CXLVI,

1883 1546 2334 1602 1279—1436.
2415 1538 2636 1597 Eorum
2688 1534 2842 1596 CCCI
2893 1540 3180 1595 recenset

1876 1626 2082 1685 Jaffe
2123 1639 2174 1698 1,
2211 1636 2579 1692 567—592.

1971 1814 2115 1869 557.
2146 1806 2314 1865 Inter
2344 1806 2585 1882 legatos,
2641 1822 2788 1879 quos
2822 1822 2869 1865 S.
2900 1804 3017 1862 Leo
3051 1804 3177 1862 ΟΡ.

1878 1894 2143 1966 miserat,
2162 1895 2519 1972 praecipuus
2540 1897 2669 1953 erat
2683 1894 2738 1952 H
2753 1912 2796 1952 u
2813 1913 2869 1951 m
2886 1893 2925 1950 b
2940 1911 2972 1950 e
2986 1895 3059 1950 rt
3073 1912 3124 1951 u
3144 1912 3182 1952 s

1879 1979 1940 2064 (†
1978 1994 2032 2045 5.
2066 1984 2199 2059 Maj.
2241 1987 2450 2058 1061).
2484 1983 2544 2042 Is
2575 1984 2768 2059 patria
2786 1981 3178 2058 Burgundus

1879 2072 2142 2131 ordinem
2176 2091 2220 2132 s,
2254 2072 2558 2131 Benedicti
2592 2067 2820 2154 (1015)
2852 2070 3176 2146 professus

1878 2164 1967 2219 est
1999 2161 2061 2218 in
2084 2179 2129 2223 s,
2150 2162 2444 2220 Mansueti
2467 2161 2748 2221 coenobio
2782 2161 2843 2218 in
2863 2160 3026 2217 Tulli
3057 2179 3176 2219 su-

1880 2250 2112 2308 burbiis
2146 2252 2261 2309 sito
2294 2251 2512 2326 posito.
2573 2250 2906 2326 Diligenter
2938 2249 3178 2308 studiis

1880 2357 2118 2414 operam
2150 2339 2317 2398 dedit
2349 2340 2736 2415 linguamque
2755 2356 3025 2415 graecam
3057 2339 3174 2396 ad-

1879 2428 2103 2490 didicit.
2139 2428 2399 2487 Scientia
2444 2428 2781 2487 divinarum
2830 2446 2897 2485 ac
2931 2427 3169 2486 secula·

1879 2518 2034 2576 rium
2085 2518 2277 2576 literis
2323 2518 2589 2595 apprime
2635 2517 2916 2575 eruditus
2947 2537 2980 2574 a
3007 2517 3169 2574 Lar.—

1880 2608 2080 2665 franco
2130 2613 2336 2666 contra
2366 2608 2792 2685 Berengarium
2842 2625 2890 2665 c.
2929 2616 2959 2668 2
3001 2606 3164 2663 cele-

1878 2697 2104 2754 bratur.
2146 2697 2288 2756 Cum
2324 2715 2367 2754 s.
2401 2698 2594 2755 Leone
2626 2716 2677 2755 a.
2715 2706 2884 2758 1049
2923 2694 3164 2752 itineris

1879 2784 2071 2843 socius
2124 2786 2368 2844 Romam
2418 2789 2512 2844 est
2559 2785 2862 2861 profectus
2908 2784 3075 2861 jugis
3109 2784 3172 2842 ei

1877 2891 2071 2932 comes
2117 2873 2610 2950 consiliariusque
2655 2874 2773 2932 fuit
2818 2873 3177 2949 acceptissi-

1878 2981 2030 3023 mus,
2061 2963 2152 3021 Ab
2185 2963 2386 3022 eodem
2420 2963 2611 3022 dictus
2642 2967 2736 3020 est
2766 2962 3175 3037 archiepisco·

1877 3071 1988 3127 pus
2022 3052 2250 3110 Siciliae
2287 3046 2535 3135 (1050),
2584 3051 2687 3110 sed
2733 3057 2979 3128 propter
3010 3051 3178 3109 Nor·

1876 3159 2125 3199 mannos
2156 3159 2399 3218 gregem
2419 3159 2599 3200 suum
2618 3140 2782 3199 adire
2802 3159 2923 3199 non
2945 3141 3178 3217 potuit.

1878 3229 2030 3288 Hinc
2061 3234 2290 3288 creatus
2334 3233 2429 3288 est
2472 3230 2789 3288 cardinalis
2838 3233 2901 3288 et
2934 3230 3176 3305 episco-

1875 3338 1988 3393 pus
2053 3319 2247 3377 Silvae
2309 3319 2598 3377 Candidas
2662 3337 2764 3378 seu
2821 3337 2866 3381 s,
2915 3318 3180 3377 Rufinae

1880 3404 2124 3487 (1051).
2189 3408 2334 3466 Cum
2379 3407 2439 3465 in
2492 3409 2773 3466 coenobio
2820 3407 3176 3467 sublacensi

1877 3496 2108 3554 abbatis
2144 3497 2374 3555 incuria
2404 3501 2467 3555 et
2486 3497 2807 3556 oscitantia
2839 3497 3176 3572 disciplina

1877 3584 2041 3644 foede
2075 3591 2235 3645 esset
2269 3587 2541 3661 collapsa,
2592 3590 2761 3644 tanto
2806 3604 3178 3645 occursurus

1876 3675 2029 3732 malo
2040 3675 2305 3749 pontifex
2320 3694 2450 3733 eum
2464 3675 2730 3733 coenobii
2746 3675 2911 3733 illius
2923 3674 3172 3751 regimi-

1877 3763 1938 3820 ni
1968 3763 2267 3837 praefecit.
2314 3763 2659 3822 Pontificem
2684 3767 2853 3822 trans
2875 3764 3039 3839 alpes
3073 3769 3172 3822 est

1875 3853 2192 3910 comitatus
2242 3848 2490 3934 (1052),
2555 3853 2709 3910 forte
2758 3857 2818 3910 et
2868 3872 3007 3910 cum
3059 3853 3167 3911 illo

1956 4043 1989 4108 ¹)
2020 4039 2101 4093 Cf.
2142 4040 2211 4092 de.
2251 4056 2315 4092 eo
2360 4040 2623 4095 Hefele
2666 4041 2742 4093 IV
2769 4049 2796 4106 g
2824 4048 2946 4102 555,
2993 4056 3166 4107 quae·

1876 4127 2006 4163 nam
2036 4111 2150 4166 scil.
2179 4111 2361 4164 forma
2387 4127 2483 4165 seu
2512 4111 2763 4166 recensio
2786 4111 2861 4164 sit
2887 4111 3160 4181 genuina.

1875 4200 2004 4236 cum
2049 4183 2260 4252 duplex
2304 4182 2641 4252 reperiatur,
2685 4184 2867 4236 altera
2907 4181 2971 4234 iu
3013 4181 3160 4235 decr.

1877 4255 1922 4307 G
1942 4271 2016 4306 ra
2035 4253 2231 4307 tiani
2274 4271 2319 4307 c.
2366 4263 2383 4307 1
2434 4255 2487 4307 (1.
2533 4255 2730 4316 XXIII,
2774 4254 2958 4307 altera.
3003 4255 3162 4321 apud

1877 4325 1982 4377 Ma
2001 4325 2117 4377 nsi
2146 4325 2290 4388 xlx,
2320 4335 2422 4380 905
2449 4328 2507 4378 et
2534 4325 2751 4379 Pcrtz
2779 4325 2840 4378 in
2869 4325 3024 4378 Mon.
3051 4325 3161 4392 leg.

1878 4399 1927 4449 Il
1955 4396 2197 4466 append.
2225 4417 2279 4467 p.
2313 4403 2429 4452 176.
2481 4397 2696 4451 Ibidem
2725 4401 2785 4450 et
2807 4405 2864 4462 ἐξ
2891 4413 3008 4464 seq.
3037 4413 3163 4448 nar·

1877 4472 1964 4520 rat
1993 4469 2040 4520 N
2049 4467 2215 4522 icolai
2239 4470 2284 4520 11
2312 4469 2496 4521 zelum
2523 4467 2583 4520 in
2604 4469 2970 4522 reformanda
2997 4467 3163 4520 disci·

623 4545 656 4610 ¹)
686 4540 766 4592 Cf.
814 4540 1070 4593 Hefele
1114 4540 1206 4604 IV,
1248 4549 1274 4606 ξ
1315 4548 1411 4594 551
1447 4558 1518 4598 s.;
1572 4539 1821 4610 Migne
1877 4539 2038 4609 plina
2065 4540 2463 4592 ecclesiastica.
2515 4540 2596 4593 Cf.
2640 4556 2726 4608 ep.
2756 4543 2815 4592 et
2839 4539 3166 4608 diplomata

544 4611 781 4675 CXLIII,
810 4618 1108 4666 ‹sou-8:31.

1879 4612 1970 4663 XL
2010 4611 2163 4681 apud
2208 4611 2452 4680 Migne
2495 4610 2730 4670 CxLul,
2777 4614 3170 4666 1301-13622

620 4693 661 4752 ἱ)
691 4685 771 4734 cf.
815 4682 959 4735 Hist.
1001 4683 1088 4735 lit.
1144 4683 1259 4742 Vll,
1298 4688 1614 4738 480—485:
1666 4683 1820 4737 Hef.
1879 4682 2321 4751 Potthastp.
2349 4689 2483 4736 854:
2528 4681 2670 4735 Hist.
2718 4681 2804 4735 lit.
2831 4681 2954 4742 Vll,
2985 4690 3164 4735 515-

548 4752 655 4803 ler
682 4753 773 4804 die
801 4754 1110 4806 deutschen
1142 4755 1341 4822 Piipste
1371 4755 1436 4816 11.
1462 4761 1566 4811 269
1593 4771 1661 4805 ss.

1879 4757 2011 4813 527;
2039 4754 2110 4806 W
2132 4773 2163 4807 u
2184 4772 2279 4806 rm
2308 4753 2420 4806 KL.
2453 4754 2543 4818 lx,
2570 4756 2874 4809 287-289.
