3505 5161
575 237 609 287 9
621 238 654 287 0
666 237 699 289 3
1363 222 1461 272 951
1474 249 1530 258 -—
1546 223 1696 272 1000.
1724 216 2029 271 Ratherius
2055 215 2401 271 veronensis.
3064 229 3185 284 904

572 405 635 463 in
666 404 1010 481 Berengarii
1042 404 1315 481 Hugonis
1349 404 1568 463 aemuli
1601 404 1850 463 insidias
1907 424 2022 479 que
2054 404 2434 463 classicorum
2466 401 2898 479 cognitionem:
2945 404 3005 460 et
3051 420 3182 460 cum

573 490 772 574 (946).
835 493 1051 552 Tribus
1084 496 1146 551 et
1176 492 1353 551 semis
1403 494 1704 552 mensibus
1736 494 1849 552 Ra·
1907 493 2146 569 saepius
2178 492 2242 551 in
2274 492 2349 552 iis
2394 492 2536 551 cleri
2581 491 3061 551 reformationem
3092 510 3185 548 re·

569 582 801 641 therius
863 582 983 640 fuit
1043 582 1156 640 sub
1218 582 1489 641 custodia
1545 586 1848 642 retentus:
1904 582 2135 657 spiciat,
2170 601 2239 641 ex
2271 582 2346 641 iis
2367 582 2763 641 ecclesiastica
2783 598 2896 639 sec.
2917 580 2984 638 X.
3004 580 3182 638 disci-

570 671 708 729 inde
740 673 940 729 autem
989 672 1243 729 emissus
1288 670 1527 730 demum
1576 672 1848 731 redditus
1905 671 2075 746 plina
2105 671 2438 747 colligitur:
2491 671 2630 729 hinc
2678 673 2740 728 et
2781 687 2891 746 pro
2934 668 3188 727 historia

567 760 881 819 veronensi
912 760 1208 819 ecclesiae.
1261 760 1478 819 Multas
1518 764 1717 819 tamen
1749 780 1843 820 ae·
1903 760 2082 838 hujus
2115 761 2300 819 seculi
2331 760 2650 819 admodum
2683 760 2829 817 sunt
2846 758 3039 819 utilia.
3074 759 3183 816 Oc-

565 868 808 907 rumnas
842 852 974 925 post
1005 849 1447 908 restitutionem
1479 850 1749 925 pertulit,
1786 853 1848 908 et
1902 852 2156 909 currunt
2187 849 2514 908 identidem
2544 849 2609 907 in
2641 847 2853 906 iisdem
2884 848 3190 923 praeclara

566 955 702 996 cum
734 939 1032 996 Manasses
1072 938 1547 1015 archiepiscopus
1579 939 1848 1014 alioquin
1903 957 2010 1014 pro
2055 939 2167 997 fide
2209 938 2496 997 catholica
2539 938 2824 996 adversus
2865 939 3184 995 novatores

566 1027 926 1097 arelatensi-a,
979 1028 1083 1102 qui
1133 1046 1261 1085 eam
1309 1028 1505 1087 sedem
1551 1031 1725 1088 antea
1756 1029 1846 1086 in·
1902 1045 2014 1087 sec.
2046 1028 2196 1087 XVI.
2228 1027 2589 1087 testimonia.
2622 1026 2772 1085 Stilo
2793 1025 2994 1084 utitur
3012 1044 3182 1101 prae-

565 1118 814 1187 vaserat,
848 1116 1145 1190 quendam
1177 1134 1318 1175 suae
1351 1116 1632 1176 dioecesis
1674 1118 1846 1177 cleri-
1899 1119 1992 1175 ter
2041 1117 2207 1176 illius
2255 1117 2467 1176 aetatis
2513 1134 2734 1174 morem
2781 1114 2926 1173 satis
2973 1114 3181 1189 polit0,

566 1223 699 1263 cum
748 1205 812 1263 in
864 1205 1203 1281 episcopum
1255 1224 1641 1265 veronensem
1686 1207 1845 1265 ordi-
1901 1206 2002 1264 sed
2034 1206 2356 1281 inaequali,
2391 1204 2529 1277 acri,
2551 1203 2907 1275 vehementi,
2930 1203 3184 1262 vocibus

567 1296 785 1364 nasset,
836 1293 963 1368 ipse
1013 1293 1234 1353 iterum
1280 1295 1416 1353 sede
1477 1295 1691 1370 pulsus
1751 1298 1845 1355 est
1897 1295 2165 1354 barbaris
2196 1295 2290 1353 vel
2323 1294 2559 1370 proprio
2592 1293 2840 1352 arbitrio
2891 1293 3186 1364 formatis,

566 1378 762 1463 (948).
825 1382 1129 1442 Profectus
1162 1386 1256 1442 est
1285 1384 1349 1441 in
1382 1384 1750 1443 Germaniam
1785 1389 1846 1443 et
1898 1383 2035 1442 hinc
2067 1402 2240 1460 saepe
2270 1383 2449 1442 nimis
2498 1383 2787 1458 quaesito,
2835 1381 3089 1440 obscuro
3122 1384 3188 1441 et

566 1490 676 1545 ope
708 1472 1007 1529 Brunonis
1039 1471 1240 1530 fratris
1262 1473 1500 1531 Ottonis
1533 1473 1691 1551 regis
1724 1473 1841 1532 fac·
1897 1473 2169 1549 implexo.
2231 1507 2319 1517 —
2381 1472 2704 1547 Praecipua
2764 1488 2939 1547 porro
3002 1473 3185 1529 sunt:

564 1568 663 1618 tus
696 1563 789 1618 est
821 1560 1135 1636 episcopus
1168 1560 1485 1621 leodiensis
1508 1556 1709 1641 (953),
1738 1564 1839 1621 sed
1899 1562 2376 1639 Praeloquiorum
2410 1563 2468 1619 ll.
2519 1560 2621 1634 VI,
2656 1560 2875 1635 quibus
2908 1559 3182 1618 omnium

561 1648 726 1707 brevi
762 1652 896 1724 post
927 1652 988 1708 et
1018 1650 1124 1708 hac
1156 1650 1293 1708 sede
1331 1652 1615 1726 expulsus
1647 1651 1840 1709 rebel·
1896 1652 2161 1726 cujusvis
2205 1651 2435 1720 aetatiS,
2482 1669 2672 1721 sexus,
2719 1649 3085 1708 conditionis
3120 1653 3188 1707 et

562 1737 720 1796 lione
781 1737 1057 1796 factionis
1120 1741 1615 1815 praepotentioris
1665 1741 1839 1816 eique
1895 1740 2122 1800 ordinis
2155 1741 2480 1808 hominum,
2515 1740 2694 1798 etiam
2728 1738 3064 1814 principum
3117 1741 3184 1795 et

564 1828 846 1885 suffectus
878 1827 997 1884 fuit
1028 1827 1354 1891 Baldricus.
1389 1829 1531 1887 Cum
1555 1830 1774 1889 Ottone
1794 1831 1838 1888 Ι.
1894 1830 2326 1905 episcoporum,
2379 1828 2570 1887 officia
2618 1828 2871 1903 explicat
2915 1830 2977 1886 et
3027 1827 3181 1885 vitia

563 1934 699 1990 rege
718 1915 896 1973 rediit
916 1925 1030 1979 961
1056 1916 1120 1974 in
1139 1917 1392 1985 Italiam,
1415 1936 1600 1993 eoque
1622 1922 1836 1995 agent-e
1892 1923 2073 1994 atque
2104 1917 2326 1977 abusus
2360 1918 2428 1975 eo
2459 1920 2722 1992 tempore
2741 1915 3186 1975 invalescentes

560 2006 873 2062 accedente
906 2005 1125 2062 summi
1175 2006 1471 2080 pontificis
1521 2011 1699 2082 atque
1731 2027 1837 2083 pa·
1890 2007 2262 2085 perstringit.
2324 2007 2436 2065 Ubi
2483 2007 2870 2081 episcopalem
2911 2005 3176 2082 dignita-

1890 2098 2012 2154 tem
2058 2100 2119 2155 et
2158 2097 2570 2155 auctoritatem
2616 2095 3007 2164 commendat,
3049 2113 3180 2152 non

1891 2203 2078 2261 pauca
2108 2185 2179 2244 de
2213 2186 2338 2244 suis
2369 2184 2666 2244 aerumnis
2687 2183 2981 2259 inspergit
3011 2201 3079 2241 ac
3101 2183 3179 2241 de

1889 2274 1998 2345 his,
2016 2294 2167 2349 quae
2179 2292 2419 2333 suarum
2432 2292 2847 2332 aerumnarum
2867 2273 3179 2332 occasione

1889 2360 2237 2422 acciderant.
2299 2364 2389 2421 Ne
2439 2380 2580 2420 vero
2631 2362 2767 2437 quis
2817 2380 2879 2420 se
2926 2362 3001 2419 ob
3063 2362 3178 2420 ali-

1888 2471 2063 2526 quem
2097 2452 2253 2510 circa
2281 2451 2454 2509 fldem
2489 2469 2742 2509 errorem
2777 2450 2841 2508 in
2855 2453 3056 2508 tantas
3072 2450 3174 2508 in-

1888 2541 2102 2601 cidisse
2179 2541 2442 2600 miserias
2505 2540 2929 2616 suspicaretur,
2999 2557 3176 2598 suam

1887 2631 2213 2690 doctrinam
2265 2630 2529 2689 ostendit
2577 2646 2897 2688 consonam
2946 2628 3175 2687 doctri·

1885 2737 1995 2778 nae
2028 2738 2073 2778 s,
2106 2719 2433 2796 August-ini
2453 2718 3001 2794 professionemque
3028 2717 3176 2776 fidei

1886 2827 1931 2866 s.
1964 2809 2278 2867 Athanasii
2310 2808 2575 2884 symbolo
2607 2807 2967 2865 conformen.
3003 2806 3176 2881 Opus

1885 2898 1992 2956 hoc
2023 2897 2325 2973 inscripsit
2369 2897 2547 2955 etiam
2595 2896 2995 2954 Meditationes
3039 2912 3173 2953 cor-

1883 2986 1993 3057 dis,
2031 2987 2426 3045 Medicinalem
2474 2989 2535 3043 et
2579 2986 2972 3061 Ayonisticon‚
3023 2984 3173 3059 quia

1883 3075 2106 3133 multae
2138 3075 2544 3133 meditationis
2577 3074 2824 3149 praebet
2853 3074 3170 3131 materiam

1881 3167 1941 3222 et
1973 3164 2360 3222 christianum
2411 3164 2711 3221 hominem
2760 3162 2931 3222 velut
2974 3162 3170 3221 athle-

1879 3256 2003 3310 tam
2035 3253 2106 3311 ad
2139 3256 2436 3312 certamen
2470 3252 2770 3311 informat.
2836 3251 3066 3310 Prodiit
3097 3251 3174 3309 in

1880 3342 2217 3401 Martene
2262 3343 2441 3418 ampl.
2490 3342 2624 3404 coll.
2657 3342 2753 3410 IX,
2792 3348 3166 3405 785-914,

1878 3431 2042 3489 Licet
2073 3431 2224 3488 illud
2270 3431 2334 3488 in
2380 3448 2609 3489 carcere
2650 3429 2941 3505 papiensi,
2975 3428 3164 3487 libro·

1878 3539 2012 3578 rum
2045 3519 2405 3595 supellectili
2436 3520 2612 3595 plane
2645 3519 2997 3588 destitutus,
3020 3536 3167 3576 con—

1878 3608 2199 3684 scripserit,
2279 3610 2577 3684 copiosam
2636 3611 2839 3667 tamen
2900 3607 3166 3682 praefert

1876 3698 2271 3756 eruditionem
2294 3716 2518 3756 sacram
2533 3701 2713 3773 atque
2729 3696 3052 3773 profanam.
3069 3730 3164 3740 -

1880 3785 2177 3844 Conclusio
2208 3788 2578 3844 deliberativa
2609 3785 2845 3844 Leodici
2878 3788 3011 3844 acta
3029 3785 3166 3843 sive

1875 3875 2113 3950 Clymax
2147 3876 2432 3950 Syrmatis
2467 3875 2748 3950 ejusdem,
2786 3883 2867 3935 40
2904 3872 3164 3932 rationi-

1874 3964 1985 4021 bus
2018 3967 2321 4039 tamquam
2367 3966 2556 4023 scalae
2606 3962 2921 4038 cujusdam
2952 3962 3160 4039 gradi-

1871 4051 1984 4110 bus
2062 4053 2132 4110 ad
2197 4052 2648 4112 deliberativam
2709 4052 3158 4110 conclusionem

1870 4141 2243 4199 statuendam
2274 4159 2397 4201 non
2429 4141 2673 4200 cedendi
2706 4140 2832 4199 sedi
2863 4139 3155 4198 leodiensi

1868 4233 2073 4288 contra
2104 4230 2444 4289 Baldricum
2488 4232 2542 4290 ei
2592 4231 2907 4290 suffectum
2944 4246 3152 4287 ascen-

1866 4318 1971 4377 dit.
2004 4320 2075 4377 In
2090 4319 2289 4377 eadem
2306 4338 2482 4378 causa
2495 4318 2833 4395 composuit
2863 4336 3014 4393 opus
3046 4318 3151 4375 ad·

1866 4408 2107 4466 modum
2137 4409 2473 4480 obscurum,
2520 4409 2859 4485 implexum,
2909 4408 3152 4468 difficile

1864 4495 2171 4555 Phrenesis
2203 4497 2580 4573 inscriptum,
2629 4499 3028 4575 complectens
3065 4507 3156 4560 20

1865 4585 2085 4661 scripta
2114 4586 2150 4643 i.
2185 4606 2233 4644 e.
2265 4587 2570 4663 epistolas,
2603 4588 2840 4647 libellos
2875 4594 3004 4660 etc„
3054 4587 3148 4644 di-

1865 4675 2056 4733 visum
2089 4675 2152 4732 in
2176 4675 2239 4733 ll.
2259 4676 2385 4747 XII,
2420 4696 2677 4754 quorum
2696 4677 2888 4754 aliqui
2909 4681 3146 4738 tantum

1864 4767 2201 4838 supersunt.
2251 4799 2339 4808 —-
2391 4766 2751 4843 Excerptum
2798 4786 2871 4826 ea:
2922 4768 3154 4841 aiialoyo

558 2092 783 2167 piensis
846 2092 1078 2161 concilii
1132 2093 1366 2154 decreto
1416 2094 1616 2153 sedem
1666 2114 1834 2155 vero-

558 2199 802 2259 nensem
832 2182 1074 2257 recepit.
1138 2183 1250 2240 Sed
1302 2202 1437 2241 cum
1486 2203 1670 2243 novae
1717 2186 1834 2244 ori-

557 2268 768 2327 rentur
799 2271 1085 2345 temporis
1101 2271 1276 2346 lapsu
1292 2272 1357 2330 in
1377 2291 1513 2331 eum
1531 2274 1742 2332 turbae
1761 2275 1834 2333 ob

546 2360 685 2431 ejus
717 2358 1001 2417 acriorem
1026 2360 1241 2437 agendi
1267 2362 1555 2420 rationem
1573 2366 1633 2420 et
1648 2363 1830 2422 refor-

554 2447 831 2505 mationis
865 2449 1152 2520 studium,
1199 2469 1229 2508 e
1271 2469 1334 2508 re
1366 2452 1602 2509 censuit
1635 2452 1832 2511 sedem

553 2536 700 2595 hanc
734 2535 1032 2596 dimittere
1054 2533 1236 2620 (968)
1272 2542 1450 2614 atque
1483 2540 1546 2599 in
1576 2541 1831 2615 patriam

551 2626 759 2695 redire,
806 2626 912 2684 ubi
956 2626 1029 2684 ab
1076 2629 1353 2688 Everaclo
1386 2629 1672 2688 leodiensi
1706 2631 1829 2705 epi-

552 2733 728 2790 scopo
761 2734 936 2790 quam
960 2717 1388 2776 humanissime
1409 2722 1698 2794 receptus,
1723 2720 1829 2778 ali-

549 2808 697 2878 quot
728 2805 1043 2863 abbatiolis
1065 2806 1183 2864 fuit
1202 2807 1554 2882 praefectae,
1589 2807 1829 2866 demum

548 2893 729 2951 etiam
746 2893 995 2952 lobiensi
1023 2892 1129 2976 (97
1151 2892 1226 2975 1),
1260 2915 1438 2972 quam
1456 2899 1655 2955 tamen
1676 2917 1828 2956 anno

547 2981 812 3056 proximo
833 2983 1052 3041 iterum
1069 2985 1271 3042 cedere
1293 2984 1501 3043 debuit
1519 2985 1826 3045 Fulcuino.

547 3071 759 3128 Alnam
791 3073 1102 3142 concessit,
1150 3073 1255 3130 ubi
1303 3073 1539 3131 tandem
1572 3079 1706 3148 post
1737 3079 1828 3133 tot

546 3159 704 3218 vitae
754 3159 961 3218 turbas
1014 3163 1244 3236 quievit
1293 3166 1353 3220 et
1390 3172 1486 3224 25.
1521 3165 1660 3238 Apr.
1697 3173 1822 3226 974

545 3249 729 3305 vitam
762 3249 910 3306 hanc
929 3251 1235 3307 mortalem
1252 3269 1387 3309 cum
1410 3254 1647 3309 aeterna
1667 3270 1824 3310 com—

543 3337 817 3394 mutavit.
898 3337 1257 3397 characteris
1312 3344 1438 3398 erat
1497 3341 1676 3399 nimis
1728 3360 1821 3399 ar·

544 3425 738 3483 dentis
772 3426 1200 3500 etimpetuosi;
1234 3429 1446 3487 babuit
1478 3429 1685 3500 zelum,
1721 3431 1822 3489 sed

541 3532 658 3572 non
694 3515 1019 3572 secundum
1052 3517 1460 3591 prudentiam:
1505 3519 1644 3577 hinc
1676 3520 1822 3577 sub-

542 3602 800 3661 ditorum
833 3605 1250 3663 confidentiam
1296 3610 1357 3664 et
1400 3625 1654 3665 amorem
1705 3608 1819 3667 sibi

540 3691 856 3750 conciliare
887 3710 1006 3750 non
1038 3693 1243 3752 valuit.
1277 3696 1347 3753 In
1380 3697 1820 3755 calamitatibus

539 3780 727 3838 defuit
759 3781 812 3838 ei
848 3783 1194 3843 constantia.

628 3967 772 4020 497.
835 3959 1100 4017 Plurima
1149 3960 1397 4035 reliquit
1412 3958 1458 4040 ι)
1510 3964 1814 4036 opuscula,

534 4066 685 4122 quae
698 4048 937 4106 collecta
947 4048 1302 4122 prodierunt
1314 4049 1573 4108 Veronae
1585 4070 1636 4108 a.
1650 4062 1671 4112 1
1691 4061 1723 4112 7
1734 4062 1767 4114 6
1779 4061 1810 4112 5

534 4154 674 4194 cura
698 4137 950 4194 fratrum
971 4137 1129 4194 Petri
1156 4141 1215 4195 et
1243 4138 1400 4198 Hier.
1421 4141 1468 4196 B
1487 4139 1637 4197 alle
1654 4159 1684 4196 r
1700 4139 1718 4197 i
1733 4140 1813 4197 ni

532 4227 593 4283 et
624 4226 686 4283 in
717 4226 973 4301 Migne
1015 4225 1077 4283 P.
1110 4227 1170 4288 L.
1205 4227 1497 4297 CXXXVI,
1538 4237 1812 4291 9-768,

532 4314 614 4371 Ea
644 4317 949 4372 testantur
967 4334 1241 4390 magnam
1266 4316 1680 4389 eruditionem,
1715 4336 1810 4376 as-

531 4402 771 4461 siduum
822 4403 884 4460 in
937 4408 1177 4478 patrum
1227 4405 1504 4481 operibus
1538 4406 1808 4482 legendis

529 4492 797 4550 studium
829 4493 1008 4566 atque
1042 4492 1430 4569 diligentiam,
1453 4494 1631 4552 etiam
1651 4495 1714 4554 in
1735 4496 1808 4553 li-

526 4580 671 4637 teris
702 4581 1154 4639 humanioribus
1175 4582 1447 4657 peritiam
1469 4587 1807 4643 auctorum-

610 4767 642 4830 ι)
673 4763 753 4816 Cf.
784 4764 825 4815 Ε
845 4767 1009 4818 bert
1036 4767 1128 4830 111,
1156 4773 1453 4824 37:3—3823.
