3505 5161
397 236 553 287 1085

480 414 622 465 610.
657 403 1041 478 Antiquiores
1063 403 1408 461 monasterii
1442 404 1667 462 clunia-

387 493 578 551 censis
635 492 1098 551 consuetudines
1116 487 1162 573 ¹)
1221 492 1460 568 collegit
1515 492 1578 554 Il.
1630 502 1663 555 3

391 582 783 652 UdalricuS‚
818 582 1040 639 multae
1093 581 1376 639 scientiae
1414 581 1665 640 multae-

390 691 504 745 que
520 671 838 747 patientiae
852 670 960 728 vir‘
971 670 1326 728 Ratisbonae
1339 670 1562 728 illustri
1580 671 1666 728 fa-

1081 215 1396 279 mah-icus,
1425 216 1632 277 Guido,
1660 216 1925 279 ¹lomnes,
1955 217 2299 270 (jsmundus.

2843 236 3002 288 1086

1724 404 1859 461 dam
1893 402 2227 475 Ecclesiam,
2275 422 2505 462 necnon
2545 404 2617 461 ad
2652 422 3006 462 conservan-

1724 493 1857 550 dam
1919 494 2210 568 regularis
2271 493 2531 551 tramitis
2599 511 2864 551 normam
2942 494 3004 551 in

1725 581 2005 640 coenobio
2037 582 2315 652 farvensi,
2362 582 2469 658 qui
2515 582 2867 658 prodierunt
2914 582 3005 640 in·

1725 669 1929 746 scripti
1976 671 2306 746 Disciplina
2347 672 2644 744 fervensis
2692 673 2753 729 et
2803 689 3004 729 mona-

388 760 553 818 milia
580 764 757 818 natus
785 778 833 820 c.
865 768 1050 829 1029,
1078 760 1182 834 qui
1211 759 1670 828 ,velutLucifer
1725 760 1894 818 sterii
1930 778 1975 822 S.
1997 760 2169 818 Pauli
2192 760 2423 830 Romae,
2458 760 2521 817 in
2553 760 2850 836 praeclara
2883 762 3004 836 syl-

388 850 544 907 inter
571 853 764 908 cetera
791 849 911 924 poli
955 848 1148 906 sidera
1190 850 1274 906 sic
1299 849 1457 906 inter
1482 849 1667 907 totius
1722 849 1859 926 loge
1935 852 2206 907 veterum
2282 853 2830 919 monumentorum,
2910 851 3005 907 cui

387 938 753 1016 cognationis
782 956 922 996 suae
947 937 1251 996 relucebat
1268 938 1468 996 nobile
1502 938 1665 996 sche-
1723 939 1973 997 titulus:
2009 938 2192 996 Vetus
2210 938 2529 1013 disciplina
2559 939 2885 996 monastica
2917 939 3005 1000 ed.

387 1037 536 1092 ma,‘
567 1026 938 1102 Aliquandiu
968 1027 1158 1085 haesit
1181 1026 1243 1085 in
1273 1027 1410 1085 aula
1429 1026 1666 1085 Hemici
1726 1046 1762 1085 a
1810 1027 2216 1086 Benedictinis
2281 1045 2478 1104 congr.
2544 1027 2738 1086 Silvae
2799 1026 3007 1104 nigrae

387 1118 487 1179 111.
507 1117 665 1193 imp„
692 1116 1032 1192 praesertim
1062 1117 1312 1192 Agnetis
1332 1116 1666 1191 imperatri-

386 1206 486 1274 ciS,
542 1225 692 1281 quae
743 1225 879 1264 eum
925 1205 1126 1281 magni
1175 1205 1330 1266 fecit.
1401 1206 1491 1262 Ab
1544 1205 1666 1282 epi-

388 1313 559 1371 scopo
594 1295 900 1371 Frisingae
951 1294 1260 1352 ordinatus
1326 1297 1421 1353 est
1474 1295 1665 1353 ‹liaco-

387 1403 498 1443 nus
556 1385 868 1458 factusque
914 1383 1361 1442 archidiaconus
1406 1387 1467 1441 et
1498 1402 1666 1459 prae·

387 1474 633 1549 positus,
726 1474 871 1531 Post
932 1472 1049 1531 iter
1109 1472 1172 1531 in
1222 1476 1442 1531 terram
1499 1492 1667 1531 sanc-

386 1566 506 1620 tam
562 1564 867 1639 ingressus
925 1564 1020 1620 est
1074 1561 1339 1620 ordinem
1388 1581 1432 1619 s.
1481 1563 1666 1621 Bene-

386 1651 529 1710 dicti
575 1652 639 1709 in
671 1651 1024 1709 monasterio
1074 1651 1273 1709 clunia
1301 1651 1459 1709 censi
1491 1649 1669 1731 (circa

397 1737 605 1823 1061),
655 1740 758 1799 ubi
805 1740 1116 1798 ordinatus
1149 1742 1242 1798 est
1273 1740 1580 1816 presbyter
1610 1744 1671 1799 et

386 1849 629 1889 munere
645 1830 916 1906 magistri
932 1828 1298 1888 novitiorum
1315 1832 1546 1890 auctus,
1567 1829 1665 1887 In·

385 1919 583 1977 stituit
615 1920 887 1994 rexitque
927 1918 1158 1993 aliquot
1192 1919 1565 1981 monasteria.
1616 1921 1664 1976 A

385 2009 651 2084 prioratu
668 2008 858 2066 Cellae
875 2002 1049 2089 (Zeu)
1067 2007 1131 2066 in
1147 2007 1474 2083 Brisgovia‚
1495 2026 1668 2083 quem

386 2098 751 2167 instituerat,
806 2097 958 2155 solet
1013 2096 1207 2155 vocari
1260 2097 1666 2155 cellensis.

385 2187 648 2262 Utroque
677 2190 886 2261 captus
916 2186 1086 2244 oculo
1116 2186 1371 2243 decessit
1409 2195 1504 2248 14.
1545 2186 1585 2243 J
1591 2187 1667 2245 ul.

397 2286 557 2339 1093
582 2276 644 2334 in
664 2275 839 2334 odore
862 2274 1210 2343 sanctitatiS,
1249 2274 1407 2332 unde
1439 2294 1472 2332 a
1503 2276 1668 2334 soda-

387 2365 546 2423 libus
566 2364 724 2423 inter
743 2368 978 2423 sanctos
995 2360 1288 2445 colitur2).
1325 2364 1517 2423 Habes
1539 2366 1669 2440 ejus

387 2472 536 2527 opus
556 2454 616 2511 in
639 2453 693 2511 d'
713 2456 763 2511 A
779 2472 811 2512 c
827 2454 862 2511 h
880 2472 910 2511 e
928 2473 958 2509 r
972 2473 1013 2529 y
1034 2453 1334 2528 Spicilegii
1354 2454 1449 2523 IV,
1475 2463 1508 2515 2
1525 2466 1545 2516 1
1560 2473 1634 2512 ss.
1654 2477 1666 2524 3

395 2544 480 2615 1²,
519 2553 631 2606 641
666 2564 679 2614 ;
765 2543 1014 2620 Migne
1066 2542 1303 2613 CXLIX,
1360 2551 1669 2608 635-778.

389 2634 605 2691 Multas
625 2651 862 2708 quoque
885 2633 1125 2708 scripsit
1145 2633 1413 2707 epistolas
1441 2633 1512 2692 de
1544 2633 1661 2691 dis·

386 2722 605 2798 ciplina
635 2722 912 2798 regulari,
960 2741 1111 2796 quae
1157 2722 1533 2780 intercidisse
1579 2723 1667 2781 vi-

386 2811 620 2873 dentur.
652 2844 739 2853 —
773 2811 1018 2869 Guido
1054 2812 1116 2869 Ο.
1141 2811 1196 2872 S.
1217 2812 1358 2869 Ben.
1380 2811 1666 2869 farvensis

383 2902 726 2970 monachus,
775 2899 912 2958 dein
959 2903 1017 2957 et
1050 2901 1230 2958 abbas
1265 2896 1493 2979 (1039)
1544 2901 1664 2958 dis-

388 2991 577 3049 seruit
608 2990 669 3051 11.
693 2989 749 3047 1Ι
782 2989 853 3047 de
887 3006 1004 3047 usu
1035 2993 1097 3047 et
1127 2989 1331 3047 ordine
1355 2988 1425 3047 ad
1449 3007 1660 3047 ornan·

463 3146 498 3214 ¹)
527 3141 766 3195 Easdem
781 3138 1087 3210 collegitin
1105 3138 1327 3209 discipl.
1350 3139 1666 3194 monastica

386 3213 534 3266 infra
563 3212 657 3267 cit.
685 3232 740 3283 p.
773 3217 1056 3267 134-164
1083 3212 1376 3266 luculento
1407 3229 1663 3266 sermone

385 3288 440 3337 et
466 3284 663 3338 eodem
683 3286 798 3337 fere
816 3285 1068 3353 tempore
1096 3281 1139 3332 B
1153 3298 1312 3334 etna
1329 3282 1402 3335 rd
1420 3301 1454 3336 u
1470 3302 1494 3336 s
1522 3284 1666 3350 ejus-

384 3356 512 3409 dem
539 3353 874 3410 monasterii
901 3353 1126 3407 sodalis.
1171 3352 1252 3406 Cf.
1272 3353 1418 3410 Hist.
1438 3354 1522 3409 lit.
1548 3355 1664 3418 Vll,

385 3436 547 3483 595—
564 3432 683 3483 597.
714 3457 778 3465 --
801 3425 829 3478 J
847 3441 1104 3478 oannes
1133 3427 1444 3478 monachus
1472 3425 1664 3490 italus,

383 3499 485 3567 qui
512 3499 618 3553 sub
646 3495 887 3551 Odilone
928 3500 1305 3568 (994-1049),
1346 3497 1405 3550 in
1446 3514 1664 3551 monas·

382 3570 525 3624 terio
553 3566 903 3623 cluniacensi
944 3567 1120 3637 degit,
1160 3568 1289 3622 illas
1334 3569 1667 3622 retractavit

383 3659 484 3712 pro
513 3641 857 3695 monasterio
899 3637 1166 3691 farvensi.
1219 3637 1357 3707 Ejus
1399 3657 1541 3709 opus
1582 3657 1664 3693 as·

383 3715 642 3766 servatur
669 3729 801 3764 msc.
827 3709 889 3763 iu
920 3709 1264 3763 bibliotheca
1293 3712 1574 3764 vaticana..

456 3789 495 3856 ²r)
525 3784 608 3838 Cf.
650 3783 795 3837 Hist.
837 3781 919 3839 lit.
965 3781 1131 3843 vlu„
1176 3786 1479 3838 385-396.
1533 3783 1663 3836 Vita

381 3857 503 3925 ejus
554 3854 814 3924 antiqua,
865 3853 1029 3922 cujus
1070 3855 1297 3906 exstant
1341 3853 1662 3923 fragmenta

381 3927 536 3997 apud
565 3927 620 3980 M
637 3942 670 3979 a.
690 3929 724 3981 b
739 3926 760 3978 i
778 3927 798 3979 1
814 3924 836 3976 1
853 3941 884 3978 o
903 3942 938 3976 n
969 3923 1061 3986 Vl,
1079 3931 1129 3987 2,
1148 3926 1447 3986 779-804,
1474 3931 1560 3979 est
1583 3941 1662 3978 re-

382 4001 625 4053 tractata
651 3997 712 4050 in
740 3997 865 4049 Act.
894 3994 987 4049 SS.
1022 4001 1101 4050 10.
1129 3993 1241 4048 Jul.
1277 3995 1371 4058 111,
1405 3999 1662 4054 149-170:

383 4072 556 4139 hujus
595 4071 860 4138 excerpta
901 4071 956 4121 et
985 4066 1191 4137 prioris
1233 4066 1318 4118 fra
1364 4071 1555 4121 menta
1603 4068 1663 4120 iu

383 4142 505 4194 MG.
534 4141 627 4196 SS.
654 4141 774 4204 XII,
801 4143 1032 4194 249-267
1062 4138 1147 4193 ed.
1175 4137 1239 4190 R.
1373 4139 1496 4192 ilm
1516 4156 1549 4192 a
1566 4156 1604 4191 n
1621 4157 1662 4192 s.

381 4212 463 4267 Cf.
487 4213 547 4266 E.
571 4213 622 4266 Η
637 4229 668 4265 a
688 4230 724 4265 u
744 4211 933 4264 ville
950 4228 977 4262 r
1004 4209 1196 4264 Ulrich
1223 4226 1278 4266 v,
1294 4209 1664 4281 Regensbnrg

382 4285 588 4340 Mbnch
629 4301 740 4338 von
769 4284 992 4352 Clugny
1020 4284 1059 4333 t.
1091 4283 1181 4335 ΙΙΙ.
1220 4278 1661 4352 Kirchengesch.

378 4356 619 4410 Studien
636 4356 722 4409 ed.
750 4354 798 4406 K
824 4373 857 4406 n
877 4370 908 4407 o
926 4369 955 4406 e
971 4372 1008 4423 p
1025 4353 1124 4408 fle
1141 4370 1169 4406 r
1194 4356 1298 4405 etc.
1327 4359 1477 4418 1896,
1499 4355 1664 4423 cujus

382 4443 410 4480 e
457 4427 670 4482 itomen
721 4425 953 4479 exhibet
1001 4423 1050 4476 K
1069 4442 1100 4478 o
1118 4442 1146 4479 c
1163 4425 1201 4477 h
1248 4423 1420 4478 theol.
1472 4426 1662 4494 prakt.

381 4445 783 4553 lufonatschrift
807 4496 1017 4550 Passau
1044 4501 1179 4553 1902
1200 4514 1256 4565 p.
1279 4502 1384 4552 374
1409 4514 1509 4554 ss.;
1536 4505 1662 4552 452-

377 4578 501 4627 458.
530 4570 611 4625 Cf.
641 4572 829 4623 tamen
857 4567 1024 4621 Anal.
1055 4568 1184 4621 boll.
1221 4570 1354 4623 1897
1375 4567 1522 4633 XVI,
1540 4574 1662 4632 206,

381 4659 526 4710 quae
553 4643 800 4703 censent,
827 4641 1116 4694 auctorem
1161 4655 1297 4707 prae
1326 4638 1504 4692 nimio
1532 4657 1660 4710 pru-

378 4714 496 4768 ritu
531 4712 730 4766 critico
757 4729 798 4764 s.
827 4709 1157 4764 Udalricum
1189 4710 1454 4765 nonnihil
1481 4710 1662 4765 defor-

379 4802 551 4839 mare.

1724 1110 2030 1197 (Hergott)
2069 1117 2313 1175 Parisiis
2354 1126 2517 1179 1726
2567 1138 2621 1193 p.
2669 1125 3005 1185 37—1323

1725 1206 1976 1282 Migne
2009 1206 2111 1275 CL,
2158 1216 2604 1269 1193-1300.
2673 1206 2785 1265 Sed
2830 1206 3006 1282 longe

1724 1294 2061 1353 accuratius
2095 1295 2284 1354 edidit
2328 1315 2395 1354 ex
2442 1296 2563 1355 cod.
2605 1299 2723 1354 vat.
2758 1295 3005 1354 Consue-

1724 1385 1949 1442 tudines
1994 1387 2289 1459 furnenses
2333 1386 2430 1446 Br.
2478 1386 2760 1443 Albers
2808 1402 3005 1461 congr.

1723 1475 1891 1536 beur.
1909 1474 2315 1550 Stuttgardiae
2335 1479 2395 1531 et
2410 1473 2795 1533 Vindobonae
2822 1485 2837 1535 1
2860 1484 3006 1543 900,

1724 1582 1877 1639 quae
1908 1561 1996 1622 ed.
2031 1563 2103 1620 ab
2136 1562 2241 1620 illa
2271 1563 2546 1621 nonnihil
2578 1563 2791 1621 differt.

1818 1752 1961 1804 611.
2016 1742 2099 1799 De
2162 1759 2204 1803 s,
2270 1741 2609 1817 liturgia
2658 1746 3004 1798 meruerunt

1725 1834 1961 1906 praeter
1993 1830 2460 1888 Bernoldum
2508 1829 3002 1888 constantiensem

1725 1914 1822 2000 (cf.
1856 1939 1909 1995 p.
1953 1916 2146 2000 1034)
2196 1920 2271 1977 ob
2323 1937 2499 1976 suum
2548 1919 2854 1995 egregium
2888 1919 3003 1975 Me·-

1722 2011 2032 2087 croloyum,
2064 2009 2104 2066 J
2119 2027 2152 2067 o
2169 2028 2202 2067 a
2218 2027 2312 2066 nn
2330 2026 2360 2066 e
2378 2026 2404 2064 s
2438 2025 2630 2066 comes
2656 2007 3004 2082 bajocensi3‚

1724 2098 2037 2174 episcopus
2099 2097 2465 2157 abrincensis
2531 2091 2793 2177 (1061),
2868 2096 3007 2154 dein

1724 2187 2199 2263 archiepiscopus
2230 2186 2661 2262 rotomagensis
2695 2183 2755 2265 (†
2776 2196 2829 2247 9.
2848 2186 3007 2259 Sept.

1735 2271 1951 2357 1079),
1986 2276 2050 2334 in
2085 2278 2122 2340 1.
2156 2278 2226 2334 de
2248 2277 2459 2349 officiis
2477 2275 2869 2334 ecclesiasticis
2900 2292 3007 2332 seu

1725 2367 1767 2430 1,
1817 2366 1888 2424 de
1941 2366 2192 2424 diversis
2241 2363 2779 2424 consuetudinibus
2825 2365 3006 2423 eccle-

1725 2456 1943 2514 siarum
2009 2455 2073 2512 in
2136 2454 2344 2513 officiis
2396 2454 2631 2521 divinis,
2695 2453 3006 2529 Rotomagi

1732 2554 1896 2609 1642
1931 2564 2065 2604 cum
2097 2544 2253 2603 notis
2283 2542 2669 2613 Prevotii;
2702 2542 3005 2608 11).1679;

1723 2636 1975 2711 Migne
2009 2633 2282 2703 CXLVII,
2332 2642 2587 2695 27—63
2623 2635 2853 2703 (64—1
2881 2628 3005 2712 le),

1724 2725 1787 2782 in
1811 2743 1928 2799 quo
1948 2724 2076 2800 agit
2096 2723 2167 2781 de
2185 2722 2348 2780 horis
2371 2720 2687 2789 canoniciS,
2710 2721 2781 2779 de
2801 2720 3000 2779 missa.

1723 2814 1795 2871 de
1846 2831 1999 2870 anno
2048 2810 2446 2871 ecclesiastico
2497 2811 2688 2884 deque
2735 2809 3002 2868 vestibus

1723 2901 2045 2978 liturgicis,
2078 2919 2145 2959 ac
2176 2900 2526 2976 praesertim
2558 2899 2713 2957 ritus
2733 2900 3004 2956 accurate

1723 2991 1863 3049 stilo
1897 2990 2154 3065 simplici
2187 2993 2247 3048 et
2285 2988 2477 3046 nitido
2509 2987 2792 3046 describit
2823 2991 3002 3062 atque

1721 3079 1976 3156 mystice
2028 3079 2475 3154 interpretatur.
2555 3075 2783 3134 Habuit
2832 3076 3004 3152 plura

1721 3168 1986 3239 concilia,
2051 3186 2306 3243 quorum
2357 3166 2591 3224 decreta
2639 3165 2798 3222 lectu
2862 3171 3004 3222 sunt

1722 3259 1917 3334 digna,
1952 3257 2110 3332 apud
2143 3255 2392 3314 Labbe
2414 3254 2510 3324 IX,
2555 3262 3000 3322 1225-1230;

1721 3347 1789 3418 X,
1825 3357 1949 3410 310
2000 3366 2047 3408 s,
2097 3349 2158 3404 et
2202 3344 2476 3403 Bessin
2515 3343 2576 3401 in
2608 3360 2765 3406 conc.
2802 3343 3001 3400 Norm.

1719 3457 1777 3512 p.
1832 3446 2107 3498 54—66.
2194 3433 2375 3502 Quasi
2424 3431 2575 3489 alter
2623 3430 2876 3492 Phinees
2941 3450 3002 3490 se

1719 3525 2003 3601 opposuit
2033 3524 2379 3582 clericorum
2413 3520 2879 3579 incontinentiae
2911 3520 3000 3578 in-

1722 3617 1952 3672 tentata
1984 3609 2611 3672 excommunicationis
2645 3628 2850 3685 poena,
2884 3629 3002 3684 quo

1719 3703 1841 3761 zelo
1876 3703 1960 3761 ita
1991 3703 2055 3760 in
2101 3720 2161 3760 se
2206 3699 2529 3759 concitavit
2560 3699 2802 3758 illorum
2834 3699 2998 3768 iram,

1718 3796 1790 3850 ut
1834 3791 2059 3867 lapides
2092 3791 2421 3865 arriperent
2451 3788 2670 3864 vixque
2703 3788 2832 3863 ipse
2865 3805 2999 3846 eva-

1720 3882 1867 3939 serit
1897 3880 2105 3939 mortis
2138 3879 2488 3955 periculum.
2554 3877 2699 3953 Ejus
2732 3878 3002 3950 epistolae

1718 3970 2060 4045 perierunt:
2095 3971 2332 4028 exstant
2363 3966 2436 4026 ad
2470 3984 2604 4025 eum
2627 3966 2820 4024 adhuc
2840 3985 2929 4041 ep.
2951 3965 2999 4020 V

1722 4062 1865 4118 Lan
1883 4059 2050 4116 fran
2068 4058 2163 4128 ci,
2198 4076 2375 4133 quem
2407 4055 2471 4112 in
2505 4055 2631 4115 suis
2652 4055 2999 4114 consulebat

1719 4147 1921 4206 dubiis
1936 4143 2002 4230 ¹).
2056 4182 2142 4192 —
2202 4146 2257 4208 S.
2309 4145 2353 4204 Ο
2374 4144 2738 4204 smundus
2794 4139 2997 4226 (Hosi-

1719 4236 1998 4306 munduS‚
2044 4235 2399 4294 Elimundus
2432 4229 2567 4314 etc.)
2600 4233 2996 4302 Normannus‚

1718 4326 2025 4384 nobilibus
2046 4324 2394 4401 parentibus
2416 4327 2595 4382 natus
2629 4326 2871 4380 secutus
2907 4331 2997 4380 est

1722 4415 2083 4474 Guilelmum
2139 4413 2534 4472 Normanniae
2597 4411 2824 4481 ducem,
2890 4411 2995 4486 qui

1718 4507 2000 4580 occupata
2031 4503 2250 4580 Anglia
2294 4522 2429 4561 eum
2472 4499 2788 4560 constituit
2819 4517 2997 4557 suum

1798 4715 1833 4782 ¹)
1862 4709 1945 4764 Cf.
1973 4709 2118 4762 Hist.
2162 4709 2232 4762 lit
2282 4709 2432 4772 VIII,
2474 4711 2714 4766 64—752
2761 4706 2895 4759 Fra
2914 4725 2949 4758 n
2970 4726 2995 4758 z

1718 4782 1810 4836 die
1840 4782 2015 4834 Messe
2043 4781 2121 4834 im
2149 4780 2197 4833 d.
2230 4780 2356 4832 MA.
2385 4801 2441 4851 p.
2464 4787 2569 4835 4⁸25
2598 4798 2637 4832 s,
