3505 5161
480 157 602 212 255

475 327 549 386 ad
581 327 898 385 Damasum
933 327 1282 403 pontificem,
1330 327 1553 403 quibus
1586 328 1755 387 enixe

474 420 661 493 rogat,
696 419 768 474 ut
797 417 1226 474 controversias
1252 417 1592 475 authentice
1611 417 1755 476 diri-

476 501 679 586 matl).
747 506 912 582 ,Ego
958 505 1194 563 nullum
1241 505 1516 581 primum,
1577 505 1754 582 profi-

474 597 640 653 tetur
688 613 780 669 ep.
821 605 893 657 15
943 613 1002 655 n.
1037 603 1093 664 2,
1144 595 1256 652 nisi
1308 595 1609 654 Christum
1661 613 1751 653 se-

476 702 680 759 quens,
728 682 1090 743 beatitudini
1119 685 1258 743 tuae
1292 683 1331 741 i.
1364 703 1411 741 e.
1445 684 1755 742 cathedrae

474 772 655 844 Petri,
719 772 1131 831 communione
1182 773 1509 831 consocior:
1572 791 1756 848 super

475 862 637 920 illam
710 865 940 937 petram
1008 861 1372 920 aedificatam
1432 861 1754 921 Ecclesiam

476 951 613 1010 scio,
687 949 1041 1026 Quicunque
1100 954 1265 1010 extra
1314 952 1462 1010 hanc
1511 951 1754 1010 domum

476 1059 695 1116 agnum
742 1039 1079 1115 comederit,
1129 1041 1412 1117 profanus
1462 1043 1554 1099 est
1600 1043 1751 1100 etc.‘

475 1131 529 1187 A
561 1148 605 1187 s,
638 1129 903 1198 Paulino,
939 1130 1110 1204 cujus
1142 1132 1340 1206 partes
1372 1129 1750 1205 sequebatur,

477 1216 787 1276 ordinatus
820 1221 928 1288 est,
978 1219 1078 1276 sed
1126 1219 1372 1288 invitus,
1423 1220 1755 1295 presbyter.

475 1309 526 1364 A
557 1307 857 1365 monachis
889 1307 1126 1366 Meletio
1160 1308 1500 1366 faventibus
1532 1308 1755 1366 multas

476 1414 685 1471 passus
718 1399 811 1454 est
828 1396 1178 1458 vexationes.
1225 1398 1400 1455 Fama
1419 1416 1462 1460 s,
1484 1397 1755 1473 Gregorii

476 1503 600 1543 naz.
620 1488 909 1544 attractus
931 1485 1500 1561 Constantinopolim
1534 1504 1596 1544 se
1617 1504 1754 1545 con-

475 1574 625 1632 tulit
659 1569 861 1655 (379),
914 1578 985 1633 ut
1030 1594 1098 1633 eo
1131 1576 1413 1651 magistro
1446 1575 1758 1652 proficeret

475 1663 539 1721 in
604 1667 730 1722 arte
793 1682 870 1726 ss,
923 1664 1255 1739 Scripturas
1304 1663 1755 1739 interpretandi.

476 1752 588 1810 Hic
650 1752 827 1809 etiam
889 1752 1152 1827 impense
1207 1753 1446 1811 lectioni
1510 1772 1755 1829 operum

476 1844 717 1917 patrum
747 1844 809 1899 et
839 1841 1190 1916 scriptorum
1221 1860 1581 1919 graecorum,
1626 1842 1755 1899 Ori-

477 1930 645 2006 genis
692 1930 1039 2005 praesertim
1085 1934 1144 1988 et
1188 1930 1429 1988 Eusebii
1474 1949 1621 1993 caes.
1666 1931 1756 1989 in-

479 2019 704 2077 cubuit.
754 2019 1120 2077 Necessitate
1140 2020 1537 2079 ecclesiastica
1555 2023 1755 2079 motus

477 2102 610 2188 (pro
630 2108 1032 2181 componendo
1047 2108 1365 2166 schismate
1384 2104 1756 2191 antiocheno)

478 2197 723 2254 Romam
772 2215 836 2254 se
869 2198 1126 2255 contulit
1156 2197 1466 2273 haesitque
1498 2198 1560 2256 in
1591 2198 1757 2256 obse-

483 2285 626 2359 quio
660 2304 703 2346 S.
737 2285 986 2355 Damasi,
1034 2304 1288 2361 eumque
1319 2287 1382 2345 in
1413 2287 1631 2346 chartis
1663 2306 1757 2345 ec-

482 2372 827 2432 clesiasticis
862 2374 1028 2449 juvit
1075 2378 1135 2433 et
1182 2375 1440 2434 Orientis
1474 2376 1757 2435 Occiden-

478 2462 677 2538 tisque
724 2463 1020 2539 synodicis
1071 2465 1613 2524 consultationibus
1664 2484 1756 2523 re-

481 2551 721 2628 spondit
782 2547 896 2634 (ep.
957 2562 1074 2617 123
1127 2573 1182 2612 n.
1243 2548 1386 2634 10.).
1466 2555 1757 2613 Damasus

479 2660 635 2712 vero,
668 2642 773 2717 qui
803 2661 939 2701 eum
971 2643 1210 2701 maximi
1240 2643 1398 2714 fecit,
1433 2645 1630 2718 ipsum
1664 2644 1756 2701 in-

479 2730 683 2790 citavit
701 2730 774 2788 ad
794 2730 1149 2791 difficiliores
1173 2751 1218 2795 s,
1241 2732 1578 2807 Scripturae
1599 2734 1757 2791 locos

478 2820 972 2895 interpretandos,
1015 2824 1086 2878 ut
1117 2821 1454 2898 Evangelia,
1502 2840 1756 2897 quorum

477 2909 675 2967 variae
781 2909 1343 2968 circumferebantur
1432 2912 1756 2980 versioneS,

480 2998 639 3055 inter
683 3015 745 3055 se
792 3002 883 3056 sat
915 2998 1179 3058 dissonas
1211 2998 1283 3057 ad
1316 2999 1544 3058 codices
1575 2999 1757 3076 origi-

478 3087 644 3145 nales
710 3086 1085 3147 reformaret:
1138 3092 1316 3164 atque
1364 3089 1498 3147 hinc
1545 3092 1757 3146 enatus

480 3180 570 3234 est
601 3176 767 3233 labor
797 3177 1174 3252 praecipuus,
1226 3178 1331 3253 qui
1361 3196 1494 3236 eum
1530 3197 1635 3253 per
1665 3179 1757 3235 to-

479 3269 600 3323 tam
633 3264 751 3322 fere
783 3265 1075 3341 reliquam
1095 3267 1282 3324 vitam
1302 3267 1628 3342 occupavit,
1662 3267 1759 3324 vel

480 3352 767 3424 vertendi,
821 3355 917 3412 vel
964 3354 1316 3413 emendandi
1361 3356 1665 3414 versiones
1711 3372 1756 3413 s.

481 3442 837 3515 Scripturas,
890 3445 1068 3517 atque
1118 3443 1413 3518 gradatim
1464 3445 1758 3518 interpre-

480 3532 646 3588 tandi
680 3548 723 3587 s.
759 3530 1094 3606 Scripturas
1132 3531 1347 3590 libros:
1395 3552 1512 3608 quo
1557 3533 1759 3590 labore

480 3619 833 3676 immortalia
861 3620 968 3677 sibi
986 3622 1346 3695 comparavit
1361 3641 1467 3698 pro
1483 3622 1761 3680 universa

482 3708 742 3766 Ecclesia
791 3708 1138 3767 occidentali
1189 3710 1262 3767 ad
1311 3715 1518 3768 nostra
1568 3729 1760 3786 usque

481 3801 748 3872 tempora
766 3797 990 3860 merita.
1039 3798 1253 3856 Romae
1274 3800 1388 3857 viri
1417 3803 1478 3857 et
1509 3800 1761 3858 feminae

480 3885 877 3944 nobilissimae
909 3892 1087 3961 atque
1117 3888 1597 3963 opulentissimae
1630 3889 1760 3964 ejus

480 3993 540 4033 se
560 3975 939 4034 tradiderunt
959 3976 1305 4051 disciplinae
1324 3980 1447 4035 tam
1480 3977 1543 4035 iu
1574 3978 1759 4035 ascesi

481 4083 660 4139 quam
692 4064 755 4122 in
788 4064 1024 4136 studiis,
1056 4069 1342 4141 tantaque
1364 4066 1621 4141 pollebat
1653 4086 1757 4124 au-

481 4153 770 4223 ctoritate,
817 4157 889 4210 ut
934 4153 1005 4211 de
1047 4173 1108 4212 se
1153 4154 1226 4212 ad
1266 4156 1519 4213 Asellam
1553 4174 1641 4230 ep.
1679 4165 1756 4217 45

481 4260 527 4300 c.
579 4253 612 4302 3
664 4243 912 4300 scribat:
967 4242 1289 4311 ,Omnium
1338 4263 1489 4320 pene
1531 4243 1759 4319 judicio

560 4417 596 4482 ¹)
626 4412 813 4464 Habes
840 4429 932 4465 eas
959 4412 1109 4465 inter
1135 4430 1222 4482 ep.
1250 4430 1291 4465 s.
1321 4412 1567 4467 doctoris
1595 4413 1760 4467 selec-

481 4485 569 4536 tas
612 4501 645 4535 a
690 4482 855 4536 nobis
900 4484 1082 4537 editas
1127 4484 1446 4553 Oeniponte
1492 4489 1627 4540 1870
1668 4485 1760 4548 XI,

482 4562 709 4610 25-40.
762 4554 873 4607 Eae
915 4558 1050 4608 sunt
1090 4555 1315 4624 insigne
1356 4559 1761 4624 argumentum

1382 146 1655 194 401—431
1670 179 1681 192 .
1709 140 1762 193 S.
1791 138 2190 207 Hieronymus.

2967 155 3091 209 256

1810 326 2028 402 dignus
2074 343 2306 384 summo
2354 323 2688 383 sacerdotio
2722 324 3094 384 decernebar.

1813 416 1875 473 B.
1927 414 2242 474 memoriae
2293 415 2600 484 Damasus,
2665 432 2835 472 meus
2898 432 3092 472 sermo

1809 507 1954 565 erat.
2003 503 2250 561 Dicebat
2282 505 2544 574 sanctus,
2580 502 2816 561 dicebar
2847 503 3093 561 humilis

1809 597 1870 651 et
1900 593 2223 655 disertus<

1896 781 2030 833 140.
2053 771 2272 829 Verum
2291 771 2538 829 Damaso
2559 772 2797 829 mortuo
2818 765 2895 852 (a.
2916 766 3091 851 384),

1808 859 1964 935 apud
2013 879 2188 935 quem
2226 859 2556 936 plurimum
2588 861 2947 918 auctoritate
2993 879 3095 917 va-

1808 948 1944 1019 luit,
1978 949 2200 1007 electus
2233 951 2327 1007 est
2347 948 2605 1019 Siricius,
2640 951 2701 1008 et
2732 948 2941 1007 exinde
2972 950 3092 1007 cle-

1810 1038 1934 1109 rici,
1968 1038 2240 1096 monachi
2273 1041 2334 1097 et
2358 1038 2636 1114 virgineS,
2671 1057 2924 1112 quorum
2947 1039 3097 1096 vitia

1809 1131 2010 1202 aperte
2043 1130 2106 1186 et
2136 1127 2321 1185 libere
2353 1126 2552 1186 verbis
2576 1146 2750 1203 saepe
2772 1128 3092 1185 acculeatis

1811 1219 2124 1291 carpserat,
2172 1217 2588 1276 vehementius
2637 1235 2773 1275 eum
2819 1216 3096 1292 impetie-

1811 1307 1971 1376 runt,
2023 1306 2241 1380 sparsis
2292 1306 2472 1364 etiam
2519 1305 2863 1364 calumniis:
2916 1325 3098 1381 quare

1810 1395 1983 1453 Urbis
2014 1398 2323 1470 pertaesus
2374 1395 2440 1453 in
2473 1394 2778 1453 Orientem
2809 1394 3097 1453 remeavit

1812 1478 1998 1565 (385)
2052 1503 2159 1560 per
2191 1485 2470 1560 Cyprum,
2519 1484 2624 1543 ubi
2671 1484 3099 1542 humanissime

1811 1575 2091 1649 exceptus
2123 1573 2242 1631 fuit
2272 1574 2346 1631 ab
2378 1573 2729 1649 Epiphanio,
2777 1576 2840 1631 et
2883 1572 3097 1631 Antio-

1813 1662 2003 1720 chiam
2037 1662 2239 1737 Syriae
2271 1663 2335 1720 in
2359 1662 2708 1720 Bethlehem
2740 1662 2955 1732 locum,
2989 1662 3099 1720 ubi

1810 1750 2111 1826 reliquum
2145 1752 2300 1810 vitae
2321 1751 2506 1827 ‘degit
2536 1751 2861 1809 aedificatis
2894 1768 3096 1809 mona-

1812 1840 2031 1911 steriis,
2066 1859 2186 1900 uno
2207 1858 2315 1916 pro
2335 1840 2498 1908 viris,
2537 1840 2634 1898 cui
2669 1840 2795 1915 ipse
2817 1838 3092 1915 praefuit,

1811 1928 1995 1988 altero
2057 1948 2164 2005 pro
2225 1929 2562 2006 virginibus
2611 1929 2723 1987 sub
2775 1928 3098 1987 directione

1812 2018 2028 2076 Paulae
2049 2018 2457 2077 nobilissimae
2477 2017 2692 2077 viduae
2725 2036 3000 2076 romanae
3037 2021 3100 2074 et

1813 2107 2086 2182 hospitiis
2118 2126 2224 2182 pro
2256 2108 2604 2184 peregrinis.
2669 2108 2910 2165 Sanctas
2960 2106 3096 2164 illas

1813 2196 2061 2254 feminas
2107 2196 2171 2254 in
2217 2197 2397 2255 sacris
2443 2196 2716 2255 instituit
2759 2196 2973 2265 literis,
3023 2194 3096 2252 ad

1812 2284 2025 2343 fratres
2062 2303 2359 2345 sermones
2399 2285 2628 2365 habuit,
2683 2284 2913 2343 scholas
2959 2303 3096 2360 ape-

1811 2374 1937 2432 ruit
1983 2393 2089 2450 pro
2133 2374 2274 2432 filiis
2304 2375 2582 2437 divitum.
2648 2373 3098 2449 Rigidissimam

1812 2462 2035 2521 ibidem
2068 2463 2241 2521 duxit
2283 2464 2484 2533 vitam,
2536 2463 2718 2521 simul
2752 2465 2953 2521 tamen
2984 2463 3097 2520 im-

1813 2552 2167 2627 pensissime
2188 2552 2408 2612 studiis
2442 2571 2504 2613 se
2537 2552 2757 2613 dicavit
2787 2551 3099 2616 addiscen-

1814 2641 2026 2718 disque
2061 2642 2150 2701 vel
2195 2645 2376 2701 noctu
2408 2643 2633 2719 linguis
2664 2642 2969 2701 hebraicae
3000 2641 3100 2699 vel

1812 2730 2147 2800 aramaicae,
2198 2750 2428 2790 summa
2459 2733 2661 2790 fruens
2709 2749 2868 2807 pace,
2918 2749 3101 2805 quam

1814 2819 2052 2878 demum
2085 2820 2149 2879 in
2169 2838 2362 2879 eremo
2384 2821 2630 2879 invenit.
2681 2819 2774 2878 Ad
2807 2820 2916 2878 hoc
2946 2822 3099 2878 tem-

1814 2927 1930 2983 pus
1964 2911 2234 2984 spectant
2271 2929 2423 2985 quae
2469 2909 2542 2969 de
2588 2928 2657 2968 eo
2704 2909 2862 2983 apud
2897 2909 3099 2983 Sulpi-

1814 2999 1971 3055 cium
2035 2998 2319 3057 Severum
2369 2999 2506 3061 dial.
2566 3010 2618 3068 1,
2686 3009 2741 3069 9,
2806 2998 3098 3074 legimus:

1815 3086 1983 3162 ,Ego
2062 3082 2289 3166 (inquit
2364 3085 2849 3164 Posthumianus)
2938 3086 3102 3162 apud

1813 3175 2246 3251 Hieronymum
2308 3195 2406 3235 sex
2461 3176 2769 3235 mensibus
2831 3175 2939 3244 fui,
3001 3175 3102 3233 cui

1807 3264 1974 3340 jugis
2007 3264 2291 3323 adversus
2323 3266 2509 3324 malos
2554 3284 2756 3342 pugna
2813 3266 3100 3341 perpetu-

1814 3372 2035 3427 umque
2070 3357 2365 3413 certamen
2410 3354 2666 3413 concivit
2711 3353 2846 3413 odia
2894 3352 3101 3428 perdi-

1813 3444 2027 3500 torum.
2104 3443 2372 3502 Oderunt
2420 3462 2554 3502 eum
2607 3442 2903 3513 haeretici,
2957 3441 3103 3518 quia

1816 3548 1915 3589 eos
1967 3550 2312 3608 oppugnare
2364 3551 2484 3591 non
2535 3532 2784 3591 desinit:
2839 3531 3103 3590 oderunt

1815 3620 2028 3690 clerici,
2064 3622 2205 3696 quia
2235 3622 2417 3680 vitam
2449 3640 2649 3680 eorum
2681 3621 3008 3680 insectatur
3039 3622 3102 3676 et

1816 3709 2079 3767 crimina.
2143 3710 2253 3768 Sed
2301 3711 2474 3786 plane
2519 3729 2658 3769 eum
2705 3710 2849 3768 boni
2897 3726 3100 3767 omnes

1815 3797 2186 3857 admirantur
2217 3802 2278 3857 et
2309 3799 2591 3875 diligunt,
2639 3818 2778 3858 nam
2824 3798 2929 3874 qui
2961 3817 3101 3855 eum

1816 3887 2179 3945 haereticum
2201 3905 2328 3946 esse
2350 3889 2735 3960 arbitrantur,
2768 3886 3099 3945 insaniunt.

1819 3976 1962 4034 Vere
1996 3975 2263 4046 dixerim,
2299 3977 2585 4035 catholica
2605 3976 2878 4045 ,hominis
2912 3976 3100 4034 scien-

1817 4065 1917 4134 tia,
1966 4083 2109 4123 sana
2154 4065 2424 4125 doctrina
2456 4070 2564 4125 est.
2630 4066 2818 4125 Totus
2866 4083 3102 4139 semper

1817 4153 1881 4211 in
1913 4153 2183 4224 lectione,
2217 4158 2383 4213 totus
2403 4154 2467 4212 in
2489 4155 2660 4213 libris
2693 4157 2817 4224 est3
2848 4172 2971 4212 non
2993 4153 3101 4211 ‘die

1817 4261 2010 4317 neque
2041 4247 2224 4301 noctu
2256 4244 2602 4318 requiescit3
2650 4246 2756 4302 aut
2802 4242 2954 4320 legit
2984 4241 3099 4300 ali-

1817 4331 1964 4407 quid
1980 4350 2224 4407 semper,
2247 4335 2353 4391 aut
2372 4333 2595 4391 scribit.
2613 4341 2640 4371 ‘
2673 4332 2881 4390 Ultimi
2900 4334 3104 4389 tamen

1818 4420 1973 4478 vitae
2019 4423 2160 4479 anni
2192 4422 2336 4480 satis
2369 4423 2600 4480 turbati
2634 4422 2815 4491 fuere,
2862 4422 3100 4479 contro-

1818 4510 2028 4568 versiis
2048 4511 2284 4569 acribus
2318 4530 2454 4569 cum
2477 4511 2854 4588 Origenistis,
2887 4510 3101 4567 Rufino

481 4644 584 4696 pro
604 4625 853 4695 primatu
872 4626 1092 4681 romani
1109 4626 1361 4697 episcopi
1380 4620 1469 4683 vel
1483 4626 1544 4679 in
1568 4626 1760 4679 Orien·
1820 4599 2184 4672 praesertim·
2231 4600 2412 4657 Initio
2432 4600 2674 4674 ‘laidem
2697 4600 2955 4658 multum
2989 4599 3103 4656 mi'

483 4701 616 4750 tem.

1818 4692 1982 4746 ratus
2014 4693 2139 4746 erat
2172 4688 2444 4765 Origenis
2476 4689 2806 4766 ingenium,
2840 4688 2960 4747 imo
2991 4687 3100 4745 ali-
