3505 5161
470 214 588 269 351

471 384 593 443 vita
623 384 763 442 ante
810 385 1158 459 susceptum
1189 382 1600 459 episcopatum
1631 383 1754 441 fere

1046 202 1346 252 441—500.
1371 193 1684 264 Scriptores
1708 192 1823 265 pol.
1851 192 2122 247 adversus
2150 192 2494 248 Nestorium.

2969 209 3092 264 352

1909 394 1934 445 l
1950 392 2049 445 93.
2070 381 2315 441 Interim
2334 380 2700 441 Theodosius
2722 382 2863 459 imp.
2884 386 3095 459 agente

469 473 620 533 nihil
650 472 887 543 scimus,
923 472 1041 531 nisi
1072 491 1210 531 eum
1228 471 1417 531 fuisse
1435 472 1755 531 admodum
1811 472 1939 549 ipso
1972 470 2249 530 Nestorio
2293 471 2611 530 concilium
2652 472 3095 532 oecumenicum

469 564 621 621 bene
653 562 716 620 in
747 561 905 621 omni
940 561 1391 637 disciplinarum
1417 580 1650 638 genere,
1683 563 1757 620 ut
1812 560 2030 638 Ephesi
2064 559 2270 619 haberi
2320 560 2529 628 voluit,
2577 560 2675 619 cui
2723 560 2979 636 cyrillus
3025 574 3093 621 ex

470 653 600 727 ejus
632 652 936 710 testantur
967 669 1162 727 opera,
1196 650 1516 712 excultum.
1568 651 1756 710 Theo·
1813 649 2186 727 delegatione
2226 648 2545 709 coelestini
2591 649 2870 725 praefuit,
2921 654 2983 710 et
3029 651 3096 711 in

468 739 703 817 philum
758 739 1329 815 Constantinopolim
1379 740 1756 815 proficiscen·
1813 758 1934 815 quo
1965 757 2087 798 non
2119 737 2500 798 obstantibus
2520 738 2854 798 innumeris
2874 740 3094 800 machi·

468 833 589 888 tem
612 828 931 888 comitatus
964 833 1058 888 est
1090 831 1271 904 atque
1293 828 1573 888 interfuit
1590 828 1755 888 tristi
1811 827 2159 888 nationibus
2202 829 2295 886 tot
2339 827 2639 887 fautorum
2672 829 2953 900 Nestorii,
3000 830 3096 889 cni

471 918 544 978 ad
595 917 893 987 Quercum
942 918 1358 988 conciliabulo,
1421 918 1483 976 in
1534 937 1653 994 quo
1708 936 1755 976 s.
1812 918 2093 977 favebant
2130 917 2310 975 multi
2356 916 2633 994 episcopi,
2681 921 2742 977 et
2785 918 2945 978 inter
2989 919 3095 978 hos

473 1007 925 1084 chrysostomus
957 1007 1076 1066 fuit
1107 1007 1442 1082 depositus:
1491 1007 1628 1066 hinc
1667 1007 1758 1066 nil
1812 1006 2115 1066 antistites
2147 1022 2396 1083 magnae
2428 1007 2821 1077 auctoritatis,
2862 1010 2934 1066 ut
2965 1007 3004 1066 J
3019 1026 3095 1067 o-

471 1096 706 1167 mitum,
742 1114 879 1155 eum
911 1115 1084 1173 aegre
1115 1099 1176 1155 et
1206 1096 1442 1156 nonnisi
1475 1117 1525 1160 a.
1547 1106 1669 1159 417
1709 1115 1754 1160 s.

472 1184 766 1260 praesulis
798 1203 1013 1244 nomen
1046 1186 1108 1244 in
1142 1185 1426 1261 dypticha
1446 1186 1755 1261 recepisse.

472 1274 763 1333 Defuncto
811 1277 1025 1349 patruo
1074 1295 1124 1338 a.
1178 1283 1334 1346 412,
1386 1294 1506 1334 non
1555 1278 1755 1333 tamen

472 1363 618 1422 citra
649 1364 1192 1435 contradictionem,
1245 1364 1307 1422 in
1354 1364 1493 1424 sede
1525 1364 1755 1439 episco-

473 1452 594 1528 pali
626 1452 930 1512 successit.
991 1453 1320 1529 Episcopus
1361 1454 1552 1513 factus
1589 1473 1756 1531 mag-

473 1561 618 1600 num
648 1541 787 1601 fidei
819 1542 1012 1601 zelum
1043 1542 1331 1601 ostendit:
1371 1543 1510 1602 hinc
1541 1547 1603 1601 et
1633 1542 1757 1601 No-

473 1630 848 1689 vatianorum
868 1632 1145 1691 ecclesias
1164 1632 1377 1703 claudi,
1401 1637 1462 1690 et
1475 1630 1756 1702 Judaeos,

473 1719 580 1795 qui
611 1719 813 1779 furore
857 1720 975 1779 acti
1021 1720 1086 1779 in
1132 1720 1368 1779 caedem
1405 1720 1754 1780 christiano·

472 1828 599 1867 rum
622 1809 1122 1884 conspiraverant,
1156 1809 1397 1868 civitate
1419 1809 1635 1886 expelli
1663 1827 1758 1868 sa-

473 1898 644 1974 tegit.
694 1898 1010 1975 Singulare
1041 1916 1181 1958 vero
1203 1898 1406 1974 cyrilli
1428 1917 1534 1976 pro
1556 1899 1758 1958 catho-

475 1986 620 2046 licae
651 1986 790 2045 fidei
807 1986 1223 2046 incolumitate
1243 1988 1466 2046 enituit
1488 1987 1757 2046 studium

476 2077 680 2134 contra
710 2075 1057 2135 Nestorium
1104 2075 1176 2133 ab
1222 2095 1273 2138 a.
1308 2086 1434 2140 428
1483 2080 1756 2136 constan-

475 2164 944 2238 tinopolitanum
969 2165 1312 2240 episcopum
1344 2167 1663 2242 negantem
1695 2166 1759 2224 in

476 2252 708 2311 Christo
730 2253 1010 2313 unionem
1032 2254 1486 2329 hypostaticam,
1526 2258 1586 2313 et
1617 2254 1761 2313 hinc

477 2345 841 2400 asserentem
889 2341 945 2402 J.
993 2343 1289 2402 Christum
1339 2363 1408 2402 ex
1459 2344 1643 2402 Maria
1692 2344 1758 2405 V.

477 2431 774 2489 hominem
806 2435 1042 2489 tantum
1076 2438 1137 2491 et
1168 2450 1288 2491 non
1311 2433 1498 2492 Deum
1528 2435 1756 2503 natum,

477 2519 650 2596 eique
671 2520 1046 2579 divinitatem
1078 2540 1183 2598 pro
1215 2522 1447 2582 meritis
1480 2539 1609 2582 esse
1640 2523 1760 2582 col-

477 2611 677 2668 latam.
728 2609 871 2668 Cum
896 2612 1025 2686 ejus
1043 2611 1516 2671 emendationem
1536 2611 1761 2672 frustra

476 2701 788 2769 tentasset,
835 2718 970 2758 eum
1017 2719 1061 2762 s,
1107 2700 1437 2760 Coelestino
1485 2701 1759 2777 episcopo

477 2806 717 2847 romano
768 2788 1154 2848 denunciavit
1202 2786 1401 2872 (430).
1462 2790 1574 2848 Hic
1619 2809 1759 2850 con-

477 2880 723 2954 gregata
771 2877 989 2937 Romae
1041 2879 1266 2954 synodo
1315 2879 1584 2938 unanimi
1635 2897 1759 2938 om-

479 2967 645 3025 nium
679 2984 967 3027 consensu
998 2970 1218 3026 rectam
1266 2986 1311 3027 s.
1344 2968 1554 3044 Cyrilli
1584 2968 1759 3027 fidem

476 3055 848 3131 approbavit,
881 3057 1145 3115 Nestorii
1178 3076 1432 3116 errorem
1455 3057 1761 3115 damnavit

477 3147 658 3220 atque
690 3145 1002 3204 anathema
1044 3147 1437 3205 comminatus
1481 3148 1590 3216 est,
1643 3146 1761 3205 nisi

478 3235 637 3292 intra
691 3234 983 3293 decimum
1046 3235 1201 3294 diem
1263 3238 1402 3311 post
1462 3238 1760 3311 acceptam

478 3323 659 3398 hujus
709 3324 1044 3382 sententiae
1102 3324 1502 3401 cognitionem
1553 3323 1759 3399 resipi-

480 3414 698 3470 sceret:
762 3416 941 3487 atque
992 3412 1213 3487 Cyrillo
1273 3413 1337 3471 in
1385 3412 1761 3488 exsequendo

480 3499 636 3558 sedis
655 3499 1008 3575 apostolieae
1031 3501 1258 3575 judicio
1291 3506 1489 3577 partes
1522 3502 1761 3561 deman-

479 3588 661 3647 davit.
732 3588 991 3664 Cyrillus
1048 3588 1249 3648 habita
1298 3609 1514 3667 magna
1572 3591 1761 3649 totius

480 3678 737 3754 Aegypti
779 3676 1187 3752 episcoporum
1248 3681 1475 3753 synodo
1524 3682 1761 3738 senten-

478 3766 623 3823 tiam
658 3765 975 3824 Coelestini
1020 3784 1190 3825 suam
1236 3768 1378 3826 fecit
1423 3771 1600 3844 atque
1632 3768 1761 3843 epi-

482 3855 694 3912 stolam
744 3855 919 3930 plane
981 3855 1281 3933 egregiam
1331 3857 1606 3916 Nestorio
1655 3876 1764 3932 per

481 3943 710 4019 aliquot
757 3944 1060 4020 episcopos
1110 3945 1290 4016 misit,
1343 3946 1406 4004 in
1457 3965 1576 4022 qua
1624 3965 1759 4004 con-

484 4032 790 4092 tinebatur
819 4033 1089 4109 mysterii
1128 4035 1551 4094 incarnat-ionis
1584 4052 1761 4111 expo-

483 4122 619 4180 sitio
653 4122 988 4197 subjunctis
1028 4133 1102 4186 12
1137 4124 1662 4194 anathematismis,
1698 4125 1762 4182 in

481 4212 700 4286 quibus
722 4212 1022 4288 praecipui
1043 4217 1246 4272 contra
1277 4213 1385 4271 hoc
1408 4213 1759 4289 mysterium

481 4300 916 4360 damnabantur
959 4319 1201 4364 errores.
1265 4301 1576 4360 Nestorius
1621 4320 1760 4360 vero

482 4392 714 4464 praeter
743 4391 888 4448 alias
922 4391 1327 4449 accusationes
1372 4393 1437 4448 in
1467 4390 1756 4466 Cyrillum

482 4496 715 4553 sparsas
743 4478 1055 4537 duodecim
1090 4482 1151 4537 et
1180 4479 1308 4555 ipse
1338 4480 1761 4538 anathematis-

482 4585 608 4624 mos
656 4567 921 4626 condidit
965 4568 1237 4644 singulos
1285 4568 1542 4645 singulis
1576 4567 1762 4644 Cyril·

483 4656 658 4713 lianis
710 4657 1032 4731 oppositOS‚
1090 4657 1448 4732 exprobrans
1494 4657 1585 4715 illi
1634 4658 1763 4716 Arii

482 4744 962 4819 Apollinarisque
994 4764 1239 4805 errores.

1812 1113 2049 1154 annes
2081 1091 2534 1177 antiochenus¹)
2567 1098 2630 1155 et
2661 1096 3095 1155 Theodore-

1812 1188 1896 1244 tu
1915 1203 1942 1244 s
1974 1184 2255 1261 cyrensis,
2289 1184 2394 1242 ille
2423 1184 2739 1243 damnatus
2759 1184 3095 1260 depositus-

1813 1293 1932 1350 que
1976 1274 2096 1333 fuit
2134 1270 2242 1353 (22
2278 1272 2421 1333 Jun.
2457 1269 2612 1355 431)
2658 1276 2839 1350 atque
2883 1275 3095 1334 solem-

1811 1364 1969 1422 niter
2014 1365 2311 1422 statutum
2357 1362 2571 1439 dogma
2620 1363 2974 1423 catholicum
3025 1364 3097 1423 de

1812 1472 1933 1512 una
1960 1452 2026 1511 in
2046 1451 2275 1511 Christo
2304 1470 2492 1527 eaque
2523 1452 2726 1511 divina
2754 1471 3008 1529 persona
3038 1457 3100 1512 et

1812 1543 2039 1601 asserta
2086 1541 2378 1618 gloriosae
2430 1540 2489 1599 V.
2541 1541 2759 1601 Mariae
2786 1541 2897 1601 Dei
2930 1541 3097 1619 geni-

1814 1630 1980 1690 tricis
2042 1628 2472 1707 praerogativa.
2571 1632 2818 1707 Magnae
2884 1631 3096 1690 exinde

1813 1723 1978 1779 ortae
2011 1722 2157 1778 sunt
2175 1719 2403 1788 turbae,
2437 1736 2571 1778 cum
2592 1719 2859 1779 fautores
2881 1722 2936 1779 N
2939 1725 3094 1779 esto-

1812 1810 1889 1867 rii
1905 1808 2102 1867 omnia
2118 1825 2342 1884 susque
2369 1808 2558 1883 deque
2582 1812 2902 1879 verterent,
2939 1813 3010 1868 ut
3028 1812 3098 1868 -et

1814 1897 2070 1974 Cyrillus
2102 1897 2517 1973 deponeretur,
2564 1898 2916 1973 approbatio
2959 1917 3097 1957 ana-

1813 1986 2334 2046 thematismorum
2353 1990 2745 2058 revocaretur,
2772 1989 2902 2046 tota
2921 2005 3099 2047 causa

1814 2077 2254 2135 retractaretur.
2303 2075 2382 2134 Et
2410 2093 2616 2134 revera
2644 2093 2768 2134 non
2789 2077 2955 2136 solus
2975 2076 3031 2135 N
3033 2096 3095 2135 e-

1815 2165 2057 2235 storius,
2108 2163 2211 2223 sed
2257 2167 2318 2223 et
2349 2164 2606 2240 Cyrillus
2640 2164 2877 2224 concilii
2906 2166 3095 2225 veluti

1816 2254 2030 2323 anima,
2064 2255 2126 2311 et
2144 2254 2421 2313 Memnon
2443 2253 2759 2330 episcopus
2779 2255 3097 2329 ephesinus

1814 2362 1883 2402 ex
1915 2341 2293 2418 imperatoris
2311 2342 2589 2401 mandato
2611 2342 2916 2402 custodiae
2935 2344 3096 2403 suere

1815 2432 2050 2491 traditi:
2096 2434 2278 2506 atque
2324 2431 2387 2490 in
2433 2451 2502 2490 ea
2539 2450 2583 2489 s.
2617 2432 2857 2506 praesul
2886 2432 3095 2509 synodi

1815 2521 1971 2580 votis
2017 2520 2351 2596 obsequens
2383 2521 2905 2582 anathematismos
2936 2539 3093 2592 suos,

1815 2611 2037 2687 quibus
2070 2610 2581 2669 schismaticorum
2613 2610 2716 2669 alii
2767 2611 3095 2671 obscurita-

1813 2703 1936 2759 tem
1958 2699 2411 2777 exprobrabant,
2445 2699 2814 2775 impietatem
2844 2700 2966 2771 alii,
2999 2719 3095 2759 ex·

1814 2789 2054 2864 planare
2074 2788 2353 2865 suscepit.
2398 2788 2729 2863 Imperator
2745 2792 2948 2847 tamen
2977 2807 3097 2848 non

1816 2880 2007 2937 multo
2026 2881 2165 2954 post
2181 2877 2399 2936 melius
2422 2878 2663 2937 edoctus
2684 2877 2934 2937 concilio
2958 2896 3095 2938 con·

1817 2967 2019 3036 sensit,
2072 2971 2252 3041 atque
2297 2967 2645 3025 Nestorium
2689 2967 2754 3025 in
2800 2969 3097 3026 monaste-

1816 3056 1969 3115 rium
2001 3055 2292 3132 relegavit
2310 3055 2748 3115 antiochenum.
2794 3056 2928 3113 Non
2960 3074 3098 3131 pro-

1815 3149 2021 3222 pterea
2040 3149 2353 3203 cessarunt
2371 3143 2716 3215 calumniae,
2752 3144 3007 3219 injuriae
3035 3151 3098 3204 et

1816 3233 2256 3309 persecutiones
2301 3252 2337 3292 a
2381 3233 2644 3292 Nestorii
2690 3233 3021 3293 fautoribus
3053 3253 3097 3292 s.

1818 3323 2078 3398 praesuli
2103 3322 2323 3392 illatae,
2345 3341 2492 3396 quas
2513 3322 2640 3397 ipse
2660 3322 3098 3399 patientissime

1816 3412 1980 3481 tulit,
2015 3411 2101 3474 ita
2132 3413 2203 3469 ut
2233 3411 2306 3469 de
2325 3411 2450 3470 sola
2470 3410 2583 3469 fide
2605 3412 2901 3470 sollicitus
2923 3412 3098 3487 quid-

1818 3499 1964 3575 quid
1996 3500 2280 3559 adversus
2312 3518 2448 3558 eum
2480 3499 2834 3559 effutiebant
2862 3518 2929 3558 ac
2972 3520 3098 3560 mo·

1817 3589 2119 3649 liebantur
2150 3589 2447 3659 haeretici,
2483 3607 2588 3665 pro
2620 3589 2809 3648 nihilo
2840 3589 3097 3649 haberet.

1818 3678 1935 3737 Diu
1981 3679 2158 3737 triste
2204 3678 2444 3737 duravit
2488 3678 2745 3737 schisma
2780 3679 2941 3737 inter
2970 3679 3097 3756 epi-

1819 3785 2041 3843 scopos,
2075 3766 2182 3843 qui
2215 3767 2642 3826 damnaverant
2659 3767 3002 3826 Nestorium
3033 3768 3099 3826 in

1817 3856 2043 3932 synodo
2063 3856 2358 3932 ephesina,
2391 3856 2613 3930 quibus
2633 3857 2938 3916 consensit
2955 3858 3098 3916 Coe-

1817 3946 2073 4005 lestinus
2103 3948 2389 4020 totusque
2422 3945 2721 4016 Occidens,
2768 3950 2830 4004 et
2873 3946 3097 4020 episco-

1892 4190 1931 4256 ¹)
1958 4185 1989 4238 J
2009 4203 2040 4239 o
2057 4203 2090 4238 a
2106 4204 2143 4238 n
2162 4204 2199 4238 n
2216 4202 2245 4238 e
2261 4203 2286 4238 s
2312 4185 2373 4238 in
2394 4186 2739 4240 monasterio
2761 4204 2801 4239 s.
2824 4185 3101 4255 Euprepii

1818 4257 1973 4310 haud
2002 4257 2203 4327 procul
2224 4256 2531 4310 Antiochia
2576 4273 2704 4311 cum
2744 4256 3100 4312 Theodoreto

1818 4331 1876 4380 et
1922 4328 1973 4380 N
1980 4328 2187 4382 estorio
2237 4329 2513 4382 educatus
2564 4328 2693 4381 fuit.
2759 4329 2965 4384 Factus
3014 4331 3101 4381 est

1816 4415 1868 4452 a.
1895 4406 2000 4455 428
2025 4398 2401 4454 antiochenus
2434 4399 2752 4469 episcopus.
2790 4400 2904 4454 Diu
2931 4398 3101 4471 perti-

1818 4471 2151 4538 naciterque
2168 4471 2396 4525 obstitit
2412 4471 2652 4525 decretis
2677 4471 2910 4526 concilii
2934 4471 3101 4541 ephe·

1820 4541 1929 4595 sini
1952 4565 1963 4595 ;
2009 4541 2105 4595 sed
2150 4542 2221 4595 ad
2263 4543 2551 4597 meliorem
2604 4542 2831 4597 demum
2876 4543 3099 4612 frugem

1818 4613 2099 4675 redactus,
2129 4613 2342 4682 Cyrillo
2387 4615 2528 4667 alex.
2571 4614 2972 4669 reconciliatus
3016 4613 3103 4665 est

1821 4694 1867 4752 (j
1895 4691 2035 4752 441).
2088 4685 2333 4753 Aliquot
2358 4687 2479 4753 ejus
2505 4689 2750 4753 epistolae
2787 4687 3013 4739 exstant
3037 4683 3098 4736 in

1822 4755 2068 4826 Migne
2098 4755 2158 4810 P.
2186 4757 2251 4810 G.
2278 4757 2534 4810 LXXVII
2566 4763 2931 4814 1448—1463.
