3505 5161
371 161 493 214 865

369 331 653 390 laicum
684 331 1099 407 presbyterum
1132 332 1213 409 (fl.
1246 335 1499 391 exeunte
1533 348 1645 393 sec.

366 416 492 501 IX),
526 420 625 479 cui
662 420 957 479 tribuitur
974 422 1506 499 praeclara-reyula
1538 420 1645 479 So-

366 509 718 581 litat-iorum,
764 527 1019 584 quorum
1086 511 1323 569 nomine
1371 529 1490 569 non
1552 510 1647 568 in-

364 598 728 674 telliguntur
738 599 1017 658 eremitae
1025 599 1121 658 vel
1132 600 1532 670 anachoretae,
1544 597 1645 657 sed

366 687 588 747 inclusi
632 691 692 745 et
737 691 949 763 sponte
981 688 1328 747 incarcerati
1359 688 1643 759 monachi,

367 777 472 851 qui
504 796 572 836 ex
605 778 892 836 diuturna
921 778 1265 836 monasterii
1281 777 1645 853 probatione,

368 870 438 924 ut
468 867 553 924 ait
572 884 616 927 s,
637 866 1015 935 Benedictus,
1038 866 1110 925 ad
1133 867 1499 944 singularem
1525 884 1645 925 non

366 955 566 1025 eremi,
633 956 735 1014 sed
796 961 1090 1032 augustae
1152 958 1331 1015 cellae
1383 975 1645 1032 pugnam

366 1044 751 1103 descendunt.
814 1045 1165 1104 continetur
1208 1063 1286 1109 cc.
1324 1056 1402 1107 69
1456 1047 1518 1103 et
1549 1044 1642 1102 in-

367 1133 654 1192 scribitur
696 1134 871 1192 alteri
904 1133 1221 1193 Grimlaico
1271 1135 1640 1210 presbytero,

367 1222 469 1281 sed
502 1223 574 1281 de
607 1227 822 1282 neutro
870 1224 1091 1281 certius
1137 1222 1362 1299 aliquid
1395 1222 1642 1293 constat,

368 1331 543 1386 quam
594 1313 753 1387 quod
801 1331 961 1370 unus
1012 1311 1219 1371 saltem
1265 1331 1471 1371 eorum
1503 1312 1645 1370 For·

367 1419 530 1459 moso
562 1420 748 1476 papae
792 1399 1196 1482 (891—896)
1245 1401 1554 1460 familiaris
1585 1404 1647 1459 et

367 1491 712 1565 episcopatu
773 1489 1165 1567 dignissimus
1215 1490 1402 1549 fuerit
1454 1488 1647 1572 (juxta

367 1579 909 1639 Mabillonium
959 1580 1022 1638 in
1067 1580 1261 1638 annal.
1312 1580 1521 1638 bened.
1572 1578 1642 1636 ad

367 1665 591 1748 a.900).
606 1668 811 1727 Edidit
826 1663 874 1751 ¹)
890 1687 1016 1727 eam
1033 1670 1296 1745 regulam
1313 1669 1462 1726 d’Ac
1476 1669 1556 1726 he
1568 1686 1645 1742 ry

366 1757 611 1815 Parisiis
666 1768 828 1819 1653
878 1758 941 1816 in
994 1770 1105 1827 163
1169 1756 1645 1816 Ho-lstenius

365 1846 430 1904 in
450 1846 575 1906 cod.
595 1864 717 1923 reg.
738 1847 954 1905 Romae
983 1857 1139 1909 1661
1166 1868 1181 1917 ;
1213 1847 1453 1905 Parisiis
1478 1854 1643 1909 1663

364 1934 802 2006 11,27s-3oo;
850 1936 1101 2013 Migno
1141 1936 1285 2007 0111,
1338 1945 1646 1998 575·661.

458 2203 694 2266 474.1n
714 2207 1065 2281 argumento
1097 2204 1483 2281 liturgico
1514 2223 1645 2263 ver-

368 2294 482 2352 sati
526 2297 669 2351 sunt
705 2297 937 2369 praeter
973 2293 1213 2352 Florum
1244 2294 1645 2362 AldricuS,

367 2383 541 2441 Metis
563 2382 894 2442 scholarum
925 2386 1118 2441 rector
1148 2386 1208 2441 et
1227 2382 1523 2442 Ludovieo
1544 2382 1648 2439 Pio

366 2474 507 2549 imp.
556 2493 591 2530 a
641 2472 1133 2541 confessionibus,
1204 2472 1647 2531 cenomanensis

367 2562 680 2639 episcopus
714 2560 1021 2642 (832—7.
1066 2561 1202 2620 Jan.
1254 2558 1425 2641 856),
1474 2562 1647 2637 cujus

366 2658 535 2727 gesta
595 2651 791 2711 fusius
855 2654 1092 2710 enarrat
1153 2652 1525 2710 Baluzius
1586 2651 1648 2708 in

366 2742 611 2801 Miscell.
642 2741 748 2812 111,
796 2753 815 2803 l
857 2759 935 2803 ss.
998 2741 1144 2816 Ejus
1190 2743 1430 2799 collectio
1477 2759 1646 2799 cano·

366 2850 507 2890 num
551 2832 615 2889 in
660 2831 802 2889 cleri
846 2829 942 2890 sui
988 2830 1315 2889 utilitatem
1361 2830 1425 2888 in
1457 2828 1649 2888 varios

366 2919 692 2978 distributa
710 2919 925 2979 titulos
946 2919 1284 2990 intercidit3
1320 2922 1650 2995 supersunt

365 3017 582 3067 statuta
615 3009 919 3084 quaedam,
963 3028 1116 3083 quae
1146 3009 1478 3085 respiciunt
1522 3009 1649 3068 cul·

364 3104 498 3156 tum
517 3097 869 3179 divinum2).
891 3133 978 3142 —-
1003 3098 1452 3158 Grimoaldus
1488 3095 1647 3181 (Gri-

366 3186 615 3256 maldu8‚
661 3187 1029 3266 Grimoldus)
1072 3188 1261 3245 nobili
1293 3189 1481 3265 stirpe
1513 3207 1647 3264 pro-

365 3275 608 3352 genitus
655 3278 717 3334 in
762 3276 1120 3335 monasterio
1167 3276 1443 3354 augiensi
1473 3277 1647 3336 insti·

364 3369 538 3423 tutus
559 3369 667 3422 est.
710 3366 1059 3424 Muneribus
1080 3366 1407 3441 splendidis
1428 3367 1493 3424 in
1512 3367 1649 3425 aula

363 3453 651 3512 Ludovici
669 3454 829 3531 regis
848 3458 942 3513 est
960 3454 1226 3524 functus,
1249 3454 1440 3514 factus
1458 3454 1646 3513 archi-

364 3543 706 3618 capellanus
756 3545 818 3601 et
874 3544 1193 3618 aliquoties
1243 3544 1648 3606 cancellarius·

363 3631 459 3689 Ab
490 3632 694 3691 eodem
724 3651 862 3709 rege
882 3632 1202 3707 impositus
1232 3638 1341 3703 est,
1377 3633 1648 3708 quamvis

364 3738 485 3778 non
523 3724 680 3779 esset
725 3721 1057 3798 religiosus,
1105 3722 1465 3780 monasterio
1513 3739 1647 3779 san-

365 3809 617 3886 gallensi
663 3809 844 3868 abbas
893 3810 1092 3886 (841).
1159 3810 1494 3887 Impensam
1545 3811 1645 3868 ha-

364 3897 502 3956 buit
531 3898 604 3958 de
637 3899 746 3977 hoc
777 3899 1130 3958 monasterio
1162 3899 1645 3967 sollicitudinem,

364 3988 629 4063 ejusque,
682 3986 964 4054 aedificia,
1016 3988 1451 4058 bibliothecam,
1520 3991 1648 4046 stu-

364 4075 525 4135 dium
574 4077 906 4137 literarium
955 4078 1137 4135 auxit.
1213 4077 1358 4136 Cum
1410 4077 1648 4152 saepius

363 4165 428 4222 in
459 4167 596 4225 aula
626 4166 884 4243 degeret,
919 4184 1025 4240 pro
1055 4166 1307 4224 fovenda
1334 4165 1651 4241 disciplina

363 4254 645 4332 religiosa
694 4255 995 4325 Hartmut,
1060 4254 1256 4312 virum
1317 4256 1645 4332 egregium,

362 4344 591 4404 Rabani
625 4343 1003 4418 discipulum,
1035 4343 1242 4404 decani
1264 4362 1510 4403 munere
1530 4343 1645 4402 sibi

364 4433 687 4492 substituit
737 4429 797 4514 (†
867 4442 961 4494 13.
1023 4432 1165 4491 Jun.
1235 4430 1408 4513 872).
1489 4432 1645 4490 Dici·-

444 4645 479 4710 ¹)
508 4640 589 4724 Gt}
618 4640 762 4723 Hist.
789 4640 872 4722 lit.
902 4640 969 4702 V,
999 4647 1301 4696 685—688.

439 4713 479 4781 ²)
507 4710 590 4764 Cf.
618 4712 761 4768 nist.
790 4713 876 4766 ht.
903 4711 970 4778 V,
1004 4720 1297 4767 141—144.

578 4809 777 4864 Hui-ten
797 4809 1122 4856 Nomenclator
1148 4810 1167 4855 1
1195 4810 1265 4857 ed.
1296 4810 1381 4857 111.

714 144 1072 211 Grimlaicus,
1098 144 1378 210 Aldricus,
1407 146 1787 210 Grimoaldus,
1815 146 2065 201 Joannes
2089 145 2217 210 nic.,
2243 145 2634 203 WolfharduS.

2864 162 2984 217 866

1702 335 1805 390 tur
1821 330 1867 414 ¹)
1889 332 2219 407 suscepisse
2240 332 2303 391 in
2324 350 2386 391 se
2401 333 2769 407 provinciam
2787 353 2987 392 emen-

1702 421 1886 480 dandi
1907 425 2088 497 atque
2120 420 2195 480 ad
2227 421 2541 497 pristinam
2563 423 2985 497 antiquitatem

1703 513 1765 570 et
1807 510 2136 587 pur-itatem
2182 511 2539 570 restituendi
2577 512 2986 572 Sacramenta-

1701 604 1860 659 rium
1893 619 1941 663 s.
1974 600 2367 676 Gregorii,
2405 601 2468 658 in
2501 619 2620 675 qua
2648 604 2847 659 tamen
2879 620 2984 660 ue·

1702 690 2004 766 gligenter
2050 707 2112 747 se
2158 689 2346 765 gessit
2383 693 2563 764 atque
2593 689 2768 765 plura
2798 708 2984 749 novae

1700 777 2108 837 institutionis
2150 778 2419 853 reliquit,
2465 781 2537 835 ut
2582 778 2786 853 potius
2831 778 2986 837 illud

1702 868 2040 943 corrupisse
2086 886 2265 942 quam
2310 867 2629 926 correxisse
2679 887 2713 925 a
2761 886 2985 926 nonne-

1700 959 1861 1016 mine
1893 956 2141 1016 dicatur.
2206 956 2442 1032 Adjecit
2473 959 2673 1014 autem
2720 975 2824 1032 per
2854 975 2980 1015 mo-

1700 1047 1844 1105 dum
1895 1045 2240 1121 appendicis
2301 1047 2504 1121 plures
2566 1045 2981 1119 praefationes,

1701 1136 2016 1205 orationes,
2050 1135 2345 1205 collectas,
2393 1134 2763 1204 exorcismOS,
2806 1136 2986 1194 bene-

1702 1226 2010 1293 dictiones,
2065 1242 2215 1299 quas
2261 1223 2484 1299 reperit
2532 1223 2597 1281 in
2643 1224 2985 1284 auctoribus

1700 1314 1984 1389 antiqui8‚
2031 1313 2213 1372 etiam
2258 1313 2428 1382 tales,
2477 1331 2628 1387 quae
2667 1330 2786 1370 non
2818 1316 2987 1372 erant

1700 1405 1763 1461 in
1795 1421 1912 1461 usu
1944 1420 2221 1460 romanae
2251 1401 2563 1469 Ecclesiae,
2598 1401 2692 1459 vel
2724 1401 2815 1458 illi
2846 1420 2988 1460 con-

1700 1492 1933 1552 formes.
1975 1492 2305 1550 Correxisse
2325 1493 2525 1549 autem
2545 1489 2764 1548 dicitur
2782 1491 2985 1549 eodem

1700 1579 1876 1640 modo
1922 1581 2421 1655 Antiphonarium
2470 1597 2515 1642 s.
2573 1579 2861 1654 Gregorii,
2913 1580 2987 1638 de

1701 1688 1821 1747 quo
1852 1688 1974 1729 non
2005 1670 2153 1728 satis
2185 1671 2434 1731 constat.
2499 1668 2645 1743 Ejus
2677 1685 2828 1743 opus
2862 1668 2986 1726 edi-

1702 1759 1794 1817 dit
1838 1758 2186 1818 Pameliu
2206 1776 2233 1815 s
2282 1758 2346 1815 in
2398 1775 2505 1816 sua
2555 1757 2860 1833 Liturgica
2909 1758 2983 1827 ΙΙ,

1710 1856 2302 1916 176—388-516,
2324 1846 2597 1906 Coloniae
2627 1855 2781 1908 1571
2811 1867 2825 1916 ;
2847 1847 2987 1906 inde

1700 1938 1802 1996 ille
1832 1936 2128 2014 appendix
2155 1936 2455 2011 reperitur
2484 1936 2548 1993 in
2580 1934 2810 2011 Migne
2846 1936 2905 1993 P.
2922 1936 2986 1994 L.-

1703 2026 1897 2097 CXXI,
1933 2035 2296 2089 796-926.
2321 2058 2400 2068 —-
2424 2024 2766 2083 Joannes
2798 2024 2987 2083 archi-

1703 2116 2016 2192 episcopus
2036 2117 2320 2174 nicaenus
2354 2112 2436 2194 (fl.
2462 2108 2616 2194 900)
2652 2113 2716 2170 in
2748 2115 2987 2187 epistola

1703 2204 1776 2263 ad
1795 2205 2125 2263 Zachariam
2144 2203 2648 2279 archiepiscopum
2679 2221 2986 2261 armenum

1704 2294 2045 2369 quaestioni
2089 2292 2424 2367 respondet,
2476 2310 2658 2367 quare
2703 2292 2988 2350 nativitas

1704 2384 1941 2442 Domini
1975 2401 2096 2442 non
2131 2393 2187 2445 6.
2218 2381 2369 2451 Jan.,
2405 2381 2507 2439 sed
2543 2389 2644 2443 25.
2667 2381 2800 2442 Dec.
2833 2381 2984 2440 cele-

1705 2473 1933 2544 bretur,
1997 2491 2174 2547 quam
2225 2471 2416 2529 edidit
2466 2470 2941 2528 Combefisiu
2961 2488 2987 2528 s

1704 2562 1769 2620 in
1820 2562 1991 2620 Auct.
2041 2561 2146 2631 111,
2199 2560 2444 2619 Parisiis
2505 2568 2667 2623 1648
2720 2562 2766 2624 t.
2821 2568 2876 2630 2,
2930 2561 2991 2619 et

1705 2651 1958 2728 Migne
1992 2652 2053 2709 P.
2087 2651 2152 2708 G.
2183 2650 2381 2722 XCVI,
2415 2658 2813 2712 .1435·1451.
2852 2649 2988 2707 Non

1704 2745 1907 2798 tamen
1940 2739 2087 2798 satis
2120 2741 2355 2797 constat
2384 2739 2457 2797 de
2503 2739 2683 2810 hujus
2715 2739 2988 2812 responsi

1704 2829 2078 2906 genuinitate
2124 2830 2302 2902 juxta
2349 2825 2987 2902 Hergenroether

1705 2918 1955 2977 Photius
1995 2929 2048 2987 1,
2086 2926 2467 2980 497—500.

1797 3097 2260 3163 475.Addemus
2291 3094 2779 3156 Wolfhardum
2805 3096 2988 3173 (Wol-

1704 3185 1851 3267 fadi)
1905 3188 2252 3246 monachum
2306 3189 2368 3244 et
2417 3184 2837 3260 presbyterum
2883 3186 2985 3242 ha-

1704 3296 1996 3336 serensem
2033 3269 2434 3359 (Herrieden),
2483 3293 2660 3350 quem
2697 3273 2855 3332 inter
2886 3274 2987 3332 ha-

1703 3367 2060 3443 giographos
2091 3384 2232 3425 casu
2246 3363 2775 3440 praetermisimus,
2796 3363 2897 3421 sed
2912 3363 2987 3420 ob

1704 3454 2043 3532 argumenti
2093 3454 2443 3512 affinitatem
2491 3456 2553 3510 et
2600 3451 2698 3510 hic
2746 3451 2992 3509 laudare

1704 3544 1859 3605 licet.
1910 3544 2097 3602 Jussu
2128 3543 2286 3602 enim
2307 3541 2704 3601 Erchanboldi
2725 3541 3026 3618 episcopij

1704 3632 2114 3692 eichstetensis
2146 3651 2192 3695 e.
2230 3627 2613 3708 895collegit
2644 3631 2992 3706 ,passiona-

1706 3723 1821 3780 lem
1856 3721 2075 3780 librum
2109 3740 2313 3780 revera
2351 3721 2562 3780 utilem
2610 3722 2818 3795 utpote
2866 3719 2990 3778 sin-
3015 3781 3058 3796 ,ᾖ

1705 3812 1979 3887 gulorum
2012 3811 2076 3868 in
2108 3828 2263 3869 anno
2285 3810 2518 3868 dierum
2550 3810 2702 3868 festa
2731 3809 2991 3884 pleniter

1704 3900 2167 3958 continentem.‘
2216 3899 2308 3956 Ita
2327 3917 2655 3974 anonymus
2687 3898 2750 3955 in
2783 3897 2886 3955 lib.
2916 3894 2989 3953 de

1704 3989 1887 4063 episc,
1946 3988 2438 4046 eichstetensibus
2498 4004 2544 4044 c.
2606 3999 2700 4049 10.
2780 3987 2989 4043 Exstat

1785 4216 1819 4283 ¹)
1848 4211 2092 4279 Meyer
2133 4229 2186 4268 v.
2225 4210 2471 4263 Knonau
2513 4210 2664 4280 Allg.
2707 4210 2760 4263 d.
2797 4210 2972 4282 Biogr

1704 4283 1798 4347 IX,
1825 4287 1931 4338 709
1971 4283 2041 4334 de
2081 4283 2189 4336 hoc
2233 4283 2439 4335 abbate
2484 4280 2728 4342 disserit,
2774 4282 2870 4335 sed
2917 4282 2987 4335 de
3025 4341 3040 4352 Α

1704 4353 1985 4424 ejusmodi
2004 4370 2173 4424 opere
2230 4369 2419 4406 rorsus
2436 4355 2602 4407 tacet.
2622 4352 2913 4406 Cf.Wern
2926 4370 2987 4406 er
3019 4414 3030 4420 ,

1704 4426 1914 4480 Alcuiu
1940 4444 1996 4494 p.
2026 4429 2160 4482 22ος
2243 4425 2334 4477 ist.
2352 4422 2460 4476 Lit.
2479 4423 2547 4487 V,
2565 4429 2865 4487 402—408,
2885 4424 2990 4478 ubi

1745 4537 1759 4550 .
1786 4503 1890 4553 408
1901 4501 2068 4551 -409
2093 4495 2329 4551 alterius
2370 4493 2418 4548 G
2435 4513 2462 4546 r
2478 4494 2499 4547 i
2514 4513 2570 4548 m
2587 4495 2657 4548 al
2674 4495 2709 4548 d
2727 4495 2746 4548 i
2781 4512 2988 4563 aequa·

1702 4517 1777 4621 i'is
1817 4567 2029 4622 mentio
2076 4567 2156 4631 fit,
2202 4565 2304 4634 qui
2349 4567 2534 4619 clarus
2579 4566 2755 4620 fuerit
2798 4569 2988 4636 poeta,

1703 4639 1846 4694 adeo
1876 4642 1942 4692 ut
1966 4639 2244 4692 Homerus
2272 4637 2575 4692 diceretur.
2628 4637 2770 4692 Eum
2807 4638 2985 4691 vitam

1704 4729 1745 4764 s.
1775 4710 1925 4764 Galli
1952 4709 2181 4765 metrice
2210 4725 2466 4763 narrasse
2494 4709 2706 4763 ferunt.

2561 4803 2631 4855 28
