3505 5161
421 242 545 296 701

423 410 828 470 lustrissimus
877 410 1059 485 hujus
1108 410 1320 468 aetatis
1370 409 1706 485 theologus,

424 501 701 576 princeps
751 500 1059 557 literarum
1111 500 1175 556 in
1222 517 1407 575 regno
1456 499 1705 557 Franco·

424 609 560 649 rum
590 591 974 659 restaurator,
1023 586 1137 657 ‚fax
1171 589 1396 657 seculi‘,
1444 591 1516 646 ut
1561 588 1706 647 dici-

422 684 528 738 tur
558 698 593 736 a
622 678 962 737 Baronio
995 676 1069 735 ad
1100 697 1149 740 a.
1187 685 1331 748 802,
1386 677 1706 752 multiplici

422 768 606 827 titulo
638 787 672 825 a
701 767 873 825 nobis
905 765 1454 825 commemorandus
1489 771 1550 825 et
1580 766 1706 824 lau·

425 857 676 915 dandus.
743 856 937 914 Natus
987 858 1080 913 est
1129 856 1418 914 Alcuinus
1466 852 1707 935 (cogno-

420 947 690 1004 minatus
720 945 878 1004 inter
896 945 1216 1003 familiares
1250 945 1419 1003 aulae
1450 949 1510 1003 et
1541 944 1707 1003 scho-

423 1037 514 1094 lae
532 1034 732 1112 regiae
751 1034 886 1092 Fla
899 1053 931 1093 c
944 1052 975 1092 c
991 1052 1036 1092 u
1050 1038 1120 1109 s),
1146 1034 1337 1093 nobili
1349 1033 1537 1110 stirpe
1552 1033 1706 1092 Ebo-

420 1125 544 1183 raci
577 1124 642 1181 in
673 1123 891 1200 Anglia
922 1140 969 1181 c.
1001 1142 1052 1182 a.
1077 1133 1221 1186 735.
1268 1125 1320 1181 A
1352 1123 1612 1198 pueritia
1644 1123 1707 1181 in

423 1214 785 1272 monasterio
817 1213 1105 1271 educatus
1139 1212 1396 1271 scholam
1427 1213 1706 1288 frequen-

423 1301 580 1361 tavit
598 1301 844 1379 Egberti
876 1304 1081 1378 postea
1111 1301 1534 1377 archiepiscopi
1565 1302 1705 1361 ebo—

421 1391 682 1450 racensis
729 1388 790 1469 (†
834 1384 1009 1472 766).
1078 1391 1421 1466 Discipulus
1468 1395 1597 1449 erat
1643 1391 1708 1449 in

424 1480 634 1556 primis
682 1479 966 1551 Aelberti,
1014 1498 1192 1555 quem
1236 1480 1482 1538 Romam
1530 1481 1706 1556 profi-

425 1569 738 1631 ciscentem
771 1568 1090 1628 comitatus
1136 1572 1241 1632 est.
1306 1570 1363 1627 Is
1410 1588 1545 1628 cum
1588 1569 1705 1646 Eg-

424 1659 595 1718 berto
628 1659 694 1716 in
739 1657 846 1716 illa
884 1658 1269 1717 successisset
1301 1658 1456 1732 sede,
1505 1659 1703 1718 Alcui—

1586 222 1885 279 Alcuinus.

2921 238 3041 291 702

1761 408 2018 486 negotiis
2040 407 2412 485 gravissimis
2432 407 2563 483 ejus
2593 407 2878 465 utebatur
2906 425 3046 465 con-

1765 498 1898 556 silio
1960 515 2189 556 necnon
2250 499 2311 554 et
2372 497 2611 555 calam0.
2682 496 3046 570 Praecipuus

1763 586 1977 645 merito
2010 586 2126 645 dici
2160 588 2361 661 potest
2378 585 2568 644 Caroli
2589 585 2664 648 Μ.
2698 584 3049 643 administer

1766 677 1830 735 in
1879 676 2273 751 promovendo
2325 674 2477 732 bono
2527 675 2766 749 publico
2828 674 2893 732 in
2922 694 2925 697 ·
2954 676 3046 733 tot

1763 765 2083 840 provinciis
2128 764 2295 822 illius
2329 763 2575 839 imperio
2608 763 2891 839 subjectis
2924 767 3049 822 tam

1766 853 1831 912 iu
1863 854 2069 913 ordine
2100 853 2381 929 religioso
2409 871 2587 927 quam
2606 853 2888 912 literariO.
2936 853 3046 911 Re-

1765 943 1879 1002 diit
1923 942 2292 1019 aliquamdiu
2337 943 2400 1000 in
2444 942 2721 1018 Angliam
2765 936 2916 1021 (789
2951 943 3049 1000 vel

1768 1043 1800 1095 7
1812 1027 1940 1115 90),
1964 1052 2082 1107 qua
2100 1031 2403 1090 occasione
2417 1031 2656 1089 nomine
2679 1030 2867 1089 Caroli
2886 1030 3048 1107 regis

1764 1121 2049 1180 tractavit
2079 1139 2214 1180 cum
2240 1120 2367 1179 Offa
2386 1120 2741 1179 Merciorum
2772 1138 2912 1196 rege
2943 1139 3047 1178 ne-

1764 1211 1927 1288 gotia
1957 1210 2216 1285 politica.
2266 1210 2592 1269 Revocatus
2614 1209 2804 1269 Caroli
2825 1209 3048 1267 iterum

1765 1320 1827 1359 se
1857 1302 2053 1358 totum
2082 1298 2312 1357 addixit
2330 1298 2617 1373 obsequio
2641 1294 2842 1379 (793),
2878 1316 3047 1375 prae-

1765 1389 1972 1447 sertim
1991 1389 2055 1447 in
2074 1387 2330 1465 negotiis
2351 1387 2780 1458 ecclesiasticis
2816 1390 3049 1445 contro-

1766 1478 1978 1539 versiis
2009 1477 2166 1551 fidei,
2220 1476 2638 1535 reformatione
2686 1477 2845 1547 cleri,
2893 1476 3047 1533 chri-

1764 1568 1956 1625 stiana
1986 1565 2193 1642 populi
2237 1565 2637 1629 institutione,
2698 1565 2738 1623 J
2741 1584 2835 1623 am
2881 1582 3050 1623 sene-

1764 1674 1933 1715 scens
1966 1656 2143 1731 petiit
2174 1655 2247 1713 ab
2280 1655 2417 1713 aula
2463 1654 2824 1724 missionem,
2871 1672 3047 1728 quam

422 1766 570 1806 num
617 1747 682 1805 in
726 1747 984 1823 regenda
1029 1747 1230 1806 schola
1260 1750 1322 1806 et
1351 1747 1710 1808 bibliotheca
1763 1764 1864 1804 rex
1897 1763 2069 1822 aegre
2102 1745 2338 1802 demum
2372 1742 2676 1801 concessit.
2725 1742 2877 1800 Eum
2910 1760 3047 1800 con-

425 1836 540 1896 sibi
603 1836 941 1898 substituit.
1025 1835 1265 1895 Vestem
1325 1836 1603 1895 induerat
1662 1855 1707 1895 s.

423 1924 751 1996 Benedicti,
783 1925 888 1984 sed
909 1925 1177 1984 ordinem
1198 1925 1517 1984 diaconatu
1535 1925 1708 1983 altio-

420 2033 551 2073 rem
597 2033 907 2089 nunquam
952 2016 1195 2090 accepit.
1268 2015 1360 2072 Ab
1407 2014 1709 2073 Eanbaldo

1765 1834 1967 1893 stituit
2027 1834 2296 1892 abbatem
2360 1831 2704 1890 monasterii
2784 1850 2830 1889 s,
2893 1831 3046 1889 Mar-

1764 1924 1879 1981 tini
1899 1923 1959 2002 (7
1972 1918 2079 2004 96)
2102 1922 2351 1991 Tamne,
2375 1921 2479 1979 ubi
2501 1921 2736 1996 aperuit
2768 1920 3045 1987 scholam,

1767 2032 1916 2088 quae
1948 2030 2081 2070 mox
2128 2010 2411 2069 inclaruit
2427 2006 2471 2090 ¹)
2519 2013 2578 2068 et
2623 2009 3049 2068 monasterium

424 2103 694 2162 Aelberti
714 2121 1050 2162 successore
1072 2104 1315 2162 Romam
1349 2106 1442 2161 est
1492 2103 1709 2161 missus
1764 2101 2126 2163 reformavit.
2174 2101 2286 2158 Pro
2308 2099 2676 2167 monasterio,
2711 2098 2871 2174 quod
2892 2097 3047 2156 aedi-

425 2211 533 2268 pro
567 2191 889 2251 obtinendo
919 2193 1101 2267 pallio
1137 2188 1335 2271 (780).
1400 2193 1471 2250 In
1512 2192 1711 2250 reditu

424 2281 668 2340 Parmae
700 2283 959 2341 occurrit
979 2281 1182 2340 Carolo
1205 2282 1297 2352 Μ.,
1333 2282 1437 2356 qui
1469 2300 1604 2340 eum
1637 2281 1711 2339 ad

412 2389 599 2429 :suam
618 2370 904 2429 invitavit
934 2371 1132 2428 aulam
1164 2389 1271 2445 pro
1305 2370 1710 2429 restaurandis

425 2460 649 2534 ubique
681 2478 787 2534 per
816 2478 986 2517 suam
1004 2458 1301 2518 ditionem
1323 2460 1541 2518 studiis
1573 2460 1710 2518 lite-

424 2548 618 2608 rariis.
683 2547 871 2608 Venia
914 2569 950 2608 a
995 2566 1103 2608 suo
1135 2548 1574 2626 archiepiscopo
1607 2549 1710 2608 ob-

426 2641 591 2697 tenta
619 2657 757 2697 cum
777 2641 1035 2714 quatuor
1053 2638 1176 2697 suis
1198 2638 1508 2714 discipulis
1528 2639 1708 2709 wize,

424 2727 762 2805 FridugisO,
811 2728 918 2802 qui
962 2727 1156 2786 factus
1201 2731 1293 2786 est
1325 2729 1710 2787 cancellarius

425 2816 662 2892 imperii
695 2811 1119 2897 (819-832),
1152 2816 1400 2893 Sigulso,
1436 2817 1541 2892 qui
1574 2835 1708 2875 suc-

413 2905 604 2964 cessit
636 2905 886 2963 Alcuino
933 2907 996 2964 in
1042 2905 1331 2981 regimine
1364 2905 1710 2964 monasterii

426 2995 794 3053 ferrariensis
829 2989 1196 3075 (Ferrieres),
1246 2997 1306 3053 et
1339 2994 1560 3064 Osulfo,
1606 2994 1711 3068 qui

428 3084 851 3158 exspectationi
879 3084 1152 3159 magistri
1186 3085 1280 3141 sui
1313 3102 1431 3142 non
1462 3101 1707 3160 respon-

429 3172 535 3243 dit,
598 3174 663 3230 in
707 3172 1062 3247 obsequium
1108 3172 1351 3230 transiit
1397 3173 1589 3232 Caroli
1633 3173 1707 3231 M.

420 3258 633 3341 (842).
671 3261 777 3335 qui
811 3280 947 3319 eum
979 3261 1522 3337 praefecitscholae
1548 3263 1709 3336 pala-

428 3350 608 3418 tinae,
654 3351 718 3407 in
763 3369 883 3424 qua
918 3350 1381 3409 instituerentur
1411 3350 1709 3426 principes

418 3439 883 3513 juventutisque
929 3440 1052 3496 fios.
1119 3439 1396 3497 Primarii
1427 3439 1710 3513 discipuli

412 3532 491 3585 et
518 3527 759 3586 Alcuini
790 3527 1109 3585 familiares
1141 3528 1586 3586 constituebant
1616 3546 1710 3585 co-

430 3635 634 3674 ronam
680 3617 776 3674 vel
821 3616 1180 3674 academiam
1226 3617 1563 3686 literarium,
1615 3617 1710 3674 cui

430 3705 759 3764 intererant
801 3705 913 3779 ipsi
948 3706 1119 3764 aulae
1152 3706 1346 3781 regiae
1379 3706 1708 3781 principes:

430 3794 550 3852 imo
584 3795 711 3869 ipse
749 3812 867 3863 rex,
915 3796 1021 3868 qui
1067 3813 1200 3852 eum
1239 3795 1508 3870 suspexit
1540 3794 1710 3869 quasi

419 3884 787 3959 magistrum
805 3887 865 3941 et
879 3883 952 3940 ab
968 3902 1037 3941 eo
1052 3884 1246 3940 voluit
1258 3884 1319 3941 in
1335 3885 1566 3941 artibus
1587 3902 1709 3941 om-

432 3972 611 4031 nibus
624 3972 970 4030 liberalibus
984 3972 1228 4042 initiari,
1241 3973 1377 4031 hinc
1387 3993 1525 4031 eum
1537 3991 1710 4030 suum

433 4061 784 4137 magistrum
857 4061 1240 4130 ‚deliciosum‘
1317 4061 1712 4137 compellavit,

435 4150 625 4208 eidem
647 4149 851 4208 adesse
882 4169 999 4207 non
1033 4153 1125 4207 est
1157 4151 1512 4226 dedignatus
1526 4149 1594 4231 1).
1646 4152 1716 4207 In

517 4308 552 4372 ι)
580 4302 645 4354 ln
671 4318 736 4355 ea
763 4320 820 4355 se
862 4307 1061 4357 mutuo
1094 4306 1346 4356 veterum
1386 4302 1719 4356 nominibus

436 4373 873 4443 compellabant.
926 4375 1049 4443 Ipse
1100 4391 1198 4426 rex
1249 4374 1436 4427 dictus
1476 4376 1562 4426 est
1600 4374 1646 4426 D
1664 4391 1718 4427 a·

438 4459 471 4494 v
488 4443 509 4495 i
525 4443 578 4502 d,
608 4445 819 4497 Alcuin
861 4444 901 4496 F
919 4446 936 4498 l
954 4462 987 4496 a
1004 4461 1032 4497 c
1051 4463 1079 4499 c
1097 4463 1132 4497 ιι
1152 4463 1192 4509 s,
1238 4445 1491 4500 Einhard
1520 4445 1563 4497 B
1581 4463 1609 4498 e
1628 4463 1652 4498 s
1668 4461 1719 4497 e-

435 4514 499 4567 le
516 4517 599 4580 el,
650 4515 909 4569 Riculfus
960 4516 1006 4568 D
1024 4533 1129 4568 am
1148 4534 1179 4569 o
1197 4533 1226 4570 e
1242 4523 1267 4569 t
1281 4534 1313 4568 a
1330 4535 1370 4579 s,
1434 4517 1718 4569 Beorurad

436 4588 768 4640 aemonensis
819 4587 853 4640 S
870 4605 903 4639 a
920 4606 975 4640 m
994 4607 1028 4640 ιι
1050 4605 1077 4640 e
1097 4587 1133 4649 l,
1182 4588 1551 4654 :ingilbertus
1596 4587 1647 4640 H
1666 4605 1719 4642 o-

437 4675 493 4708 ιιι
510 4673 537 4710 e
555 4675 583 4710 r
599 4677 636 4711 u
656 4677 696 4720 s,
740 4658 1028 4712 Audulfus
1070 4658 1126 4710 M
1144 4675 1171 4711 e
1189 4680 1226 4713 n
1242 4677 1274 4712 ιι
1293 4661 1309 4714 l
1326 4675 1356 4712 c
1372 4677 1404 4711 a
1423 4677 1462 4722 s,
1508 4659 1720 4728 Magiu-

435 4727 621 4782 fridus
684 4729 1022 4797 Thyrsis,
1088 4730 1247 4783 Wizo
1313 4731 1401 4782 Ca
1425 4729 1604 4782 ndid
1626 4748 1718 4794 us,

436 4798 487 4850 R
505 4800 523 4851 i
540 4816 568 4852 c
585 4801 623 4853 h
641 4818 673 4854 o
692 4800 729 4853 h
748 4817 778 4852 ο
796 4800 832 4852 d
851 4818 887 4852 u
905 4819 930 4853 s
1010 4801 1311 4871 episcopus
1393 4800 1721 4854 trevirensis

1767 2192 2044 2249 ficaverat
2088 2192 2147 2248 et
2193 2189 2289 2247 cui
2335 2192 2427 2247 est
2478 2206 2691 2246 nomen
2737 2187 3049 2254 Cormarici

1765 2273 2156 2362 (cormarine)
2189 2278 2399 2336 obnixe
2433 2277 2763 2351 postulavit
2793 2296 2828 2334 a
2859 2295 2903 2338 s,
2935 2277 3048 2334 Be-

1767 2369 2003 2427 nedicto
2026 2369 2237 2426 abbate
2260 2366 2568 2425 ananiensi
2595 2366 2709 2423 sibi
2731 2364 3048 2423 monachos

1769 2457 1914 2528 dari,
1962 2458 2058 2516 cui
2103 2476 2236 2515 cum
2282 2474 2414 2518 ven.
2448 2458 2614 2530 pater
2645 2455 2923 2529 protinus
2954 2472 3047 2512 as-

1767 2565 2008 2606 sensum
2036 2545 2428 2622 praebuisset,
2469 2543 2684 2620 viginti
2714 2561 2848 2603 cum
2881 2561 3049 2618 prae-

1766 2637 1884 2695 lato
1932 2636 2049 2694 sibi
2093 2635 2379 2712 magistro
2417 2634 2613 2691 misit:
2666 2633 2739 2691 ad
2790 2649 3047 2708 quorum

1769 2727 1992 2784 bonum
2007 2723 2468 2783 conversationis
2485 2721 2819 2795 exemplum
2835 2741 3049 2798 magna

1766 2819 1858 2872 est
1873 2816 2195 2890 aggregata
2211 2810 2536 2870 multitudo
2547 2810 2964 2868 monachorum
2977 2805 3052 2892 2).

1766 3022 2091 3091 (792-804)
2121 3017 2178 3070 M
2193 3035 2227 3070 a
2243 3035 2272 3070 c
2288 3034 2322 3070 a
2338 3034 2366 3069 r
2381 3015 2401 3069 i
2417 3034 2457 3069 u
2473 3034 2527 3077 ες
2557 3014 2898 3086 Fridugisus
2926 3015 2978 3068 N
2996 3031 3052 3067 a·

1766 3096 1791 3144 t
1806 3092 1845 3144 h
1861 3107 1896 3143 a
1911 3109 1949 3143 n
1964 3105 2000 3143 a
2015 3106 2044 3142 e
2060 3091 2098 3153 l,
2126 3090 2281 3143 Arno
2302 3086 2767 3157 archiepiscopus
2788 3085 3054 3140 salisbur-

1766 3160 1957 3233 gensis
1985 3163 2032 3232 (†
2059 3163 2184 3234 821)
2212 3162 2263 3213 A
2279 3159 2513 3229 quila,
2554 3157 2816 3228 Sigulfus
2841 3159 2891 3210 V
2908 3159 3054 3211 etu-

1765 3234 1842 3286 lu
1861 3252 1903 3298 s,
1955 3231 2163 3294 Gisela,
2215 3230 2404 3284 Caroli
2453 3230 2527 3282 M.
2579 3246 2752 3294 soror,
2802 3228 2901 3282 Lu
2919 3229 3053 3293 cia,

1766 3303 2039 3364 Rotruda,
2057 3306 2180 3371 ejus
2197 3303 2332 3363 filia,
2361 3303 2402 3356 C
2420 3319 2451 3355 o
2469 3300 2489 3353 l
2509 3320 2544 3354 u
2562 3320 2616 3354 m
2634 3302 2671 3354 b
2686 3316 2736 3360 a.
2760 3299 3054 3364 Gundrad‚

1766 3377 1891 3442 ejus
1907 3377 2169 3443 cognata,
2197 3374 2240 3426 E
2261 3375 2330 3428 ul
2349 3373 2508 3426 alia
2534 3375 2638 3426 etc.
2667 3371 2749 3431 Cf,
2779 3371 2866 3425 Oe
2883 3373 2918 3425 b
2938 3370 3050 3424 eke

1766 3448 1837 3501 de
1863 3446 2155 3499 academia
2183 3445 2372 3499 Caroli
2398 3444 2490 3508 M„
2527 3444 2722 3514 Progr.
2768 3441 3056 3514 gymnasii

1769 3519 2025 3588 aquisgr.
2061 3522 2211 3573 1847.

1847 3593 1882 3658 ¹)
1914 3589 2201 3652 Quantum
2243 3588 2418 3642 etiam
2459 3587 2686 3640 Turone
2727 3586 2942 3655 degens
2985 3584 3054 3637 de

1768 3659 2066 3713 literarum
2095 3659 2287 3713 studio
2313 3658 2530 3727 ubique
2558 3655 2947 3728 promovendo
2975 3655 3054 3708 la-

1769 3730 2076 3795 boraverit,
2103 3731 2429 3800 colligimus
2456 3745 2524 3783 ex
2551 3729 2673 3798 ejus
2699 3729 2772 3781 ad
2795 3727 3056 3782 Carolum

1771 3802 1845 3855 M.
1872 3820 1962 3873 ep.
1989 3804 2097 3873 (78)
2120 3825 2130 3855 :
2161 3801 2315 3870 „Ego
2344 3818 2475 3855 vero
2504 3799 2739 3855 Flaccus
2766 3801 2952 3852 vester
2977 3815 3057 3851 se-

1769 3874 2022 3928 cundum
2047 3871 2500 3927 exhortationem
2541 3874 2599 3924 et
2623 3872 2833 3925 bonam
2860 3869 3056 3924 volun-

1771 3948 1949 3998 tatem
1975 3947 2222 3998 vestram
2264 3943 2394 3996 aliis
2434 3959 2534 4013 per
2573 3944 2724 3996 tecta
2751 3960 2792 3995 s,
2819 3940 3054 3994 Martini

1771 4019 2096 4071 sanctarum
2108 4015 2278 4069 mella
2293 4013 2721 4083 Scripturarum
2731 4012 3056 4066 ministrare

1772 4090 1991 4156 satago,
2016 4086 2160 4140 alios
2187 4088 2376 4139 vetere
2402 4085 2777 4152 antiquarum
2804 4083 3054 4152 discipli-

1772 4176 1976 4212 narum
2002 4173 2154 4213 mero
2167 4156 2452 4210 inebriare
2469 4156 2688 4221 stude0,
2713 4154 2856 4208 alios
2875 4169 3057 4224 gram·

1773 4229 2015 4284 maticae
2044 4226 2383 4282 subtilitatis
2410 4227 2666 4280 enutrire
2707 4225 2892 4294 pomis
2919 4223 3057 4278 inci-

1773 4302 1946 4372 piam,
1976 4299 2254 4368 quosdam
2294 4297 2589 4353 stellarum
2634 4297 2832 4350 ordine
2862 4329 2923 4336 -
2955 4311 3056 4349 ceu

1775 4373 1960 4444 pictor
2006 4370 2246 4424 cuilibet
2288 4369 2654 4439 magnificare
2700 4367 2903 4421 domus
2945 4368 3057 4421 cul-

1775 4445 1932 4497 mina
1959 4477 2026 4483 —-
2052 4441 2384 4496 illuminare
2414 4439 2613 4510 gestie,
2656 4438 2908 4508 plurima
2933 4439 3058 4506 plu-

1775 4515 1936 4569 rimis
1963 4514 2164 4576 factus,
2207 4515 2272 4566 ut
2311 4510 2590 4582 plurimos
2629 4510 2700 4564 ad
2737 4510 3058 4580 profectum

1777 4589 2005 4640 sanctae
2034 4585 2136 4638 Dei
2167 4583 2446 4639 Ecclesiae
2489 4585 2547 4635 et
2572 4582 2642 4636 ad
2672 4583 2928 4636 decorem
2960 4580 3059 4632 im-

1777 4658 2007 4728 perialis
2033 4657 2197 4726 regui
2225 4654 2399 4708 vestri
2426 4655 2702 4707 erudiam.

1855 4734 1894 4780 ’ίί
1927 4730 2007 4781 lta
2037 4733 2233 4781 narrat
2260 4729 2306 4778 A
2325 4727 2403 4778 rd
2422 4742 2453 4778 0
2500 4743 2598 4778 seu
2627 4723 2972 4793 Smaragdus
3001 4721 3061 4775 in

1777 4801 1896 4854 vitu
1927 4820 1966 4853 S.
1997 4798 2290 4854 Benedicti
2317 4799 2408 4851 ab,
2438 4813 2605 4850 anan.
2635 4816 2689 4849 n.
2717 4804 2800 4853 36.
