3505 5161
476 221 598 273 703

1475 208 1777 259 Sel—850.
1806 202 2102 256 Alcuinus.

2967 220 3102 272 704

470 392 562 448 Ita
586 389 897 465 juventuti
943 389 1364 459 instituendae,
1410 396 1750 449 restauran-
1806 390 1870 447 iu
1902 409 2019 465 quo
2052 409 2119 448 ex
2152 395 2385 465 patrum
2421 388 2792 459 tractatibuS,
2841 388 2945 464 qui
2991 406 3098 447 co-

470 480 578 538 dae
609 478 971 554 disciplinae,
1003 478 1213 554 pietati
1248 479 1524 538 colendae
1554 482 1751 538 totum
1807 479 1972 555 piose
2003 478 2076 537 de
2109 479 2364 556 singulis
2394 480 2759 554 psalmorum
2779 478 3093 538 versiculis

470 589 529 626 se
589 568 936 644 impendens
994 569 1210 643 plenus
1256 569 1484 627 meritis
1531 568 1751 628 labori·
1808 569 2218 627 disseruerunt
2261 569 2449 639 ,flores
2481 568 2877 626 dulcissimos‘
2911 568 3090 625 colle-

468 658 703 733 busque
753 658 1122 734 consumptis
1172 658 1270 733 pie
1320 658 1476 715 obiit
1522 658 1586 716 in
1636 660 1751 716 Do-

469 747 629 806 mino
672 755 767 809 19.
799 747 938 821 Maji
969 746 1064 804 die
1098 748 1472 805 Pentecostes
1507 757 1652 811 804.

562 933 706 987 384.
742 922 927 992 Quam
949 924 1211 999 plurima
1231 925 1479 1000 reliquit
1511 924 1747 999 scripta,

468 1032 619 1089 quae
641 1013 884 1071 seorsim
901 1013 1253 1087 prodierunt
1273 1018 1333 1071 et
1353 1014 1590 1072 collecta
1610 1033 1750 1071 cura

469 1102 736 1161 Andreae
778 1102 873 1160 du
906 1101 998 1159 Ch
1017 1121 1047 1160 e
1065 1121 1090 1159 s
1109 1121 1225 1173 116,
1278 1104 1519 1161 Parisiis
1563 1113 1746 1172 1617,

468 1192 644 1267 longe
677 1190 913 1265 plenius
946 1208 1087 1249 cura
1105 1192 1379 1250 Frobenii
1410 1192 1455 1249 F
1472 1211 1505 1250 o
1523 1212 1552 1249 r
1569 1211 1595 1250 s
1612 1196 1640 1250 t
1655 1211 1685 1250 e
1701 1212 1748 1264 r,

468 1279 820 1337 Ratisbonae
850 1290 967 1341 177
980 1291 1010 1341 7
1048 1284 1090 1342 t.
1116 1289 1169 1343 2.
1204 1281 1268 1339 in
1300 1282 1355 1351 f„
1389 1282 1477 1340 ed.
1512 1281 1750 1358 egregia

469 1371 529 1426 et
561 1372 849 1438 accurata,
885 1387 1092 1427 recusa
1123 1390 1156 1427 a
1203 1371 1256 1427 M
1272 1370 1291 1428 i
1310 1390 1405 1446 gn
1419 1390 1449 1428 e
1491 1372 1550 1429 P.
1585 1371 1644 1433 L.
1692 1370 1747 1429 C.

469 1457 555 1515 CI.
595 1457 779 1515 Juxta
799 1458 948 1516 hanc
967 1458 1289 1518 editionem
1311 1460 1550 1519 Alcuini
1572 1478 1750 1534 opera

470 1545 922 1605 distribuuntur
947 1566 974 1605 s
992 1567 1023 1606 e
1038 1568 1077 1623 p
1092 1553 1121 1605 t
1136 1568 1166 1606 e
1182 1569 1240 1606 m
1265 1549 1328 1607 in
1349 1550 1584 1619 classes,
1600 1567 1747 1623 qua·

467 1655 600 1693 rum
629 1656 665 1712 p
683 1636 821 1693 rim
837 1656 871 1693 a
901 1638 1313 1712 complectitur
1332 1639 1602 1712 epistolas
1622 1647 1743 1701 232

468 1741 608 1783 sane
639 1725 928 1800 pretiosas
943 1722 990 1805 ²)
1038 1745 1144 1800 pro
1190 1727 1528 1803 cognitione
1560 1726 1748 1784 histo-

467 1814 587 1871 riae
621 1817 811 1872 status
845 1814 1116 1884 literarii,
1165 1815 1511 1892 disciplinae
1558 1821 1619 1873 et
1663 1814 1746 1873 ri-

465 1906 641 1960 tuum
675 1902 842 1961 illius
874 1904 1155 1978 temporis
1191 1900 1310 1984 (Mi
1327 1924 1468 1981 gne
1494 1906 1550 1975 C,
1593 1917 1618 1967 1
1636 1916 1746 1967 39-

1807 658 1925 734 git;
1981 658 2226 717 seorsim
2278 657 2514 716 Parisiis
2574 665 2772 726 1547;
2822 656 3090 715 Basileae

1819 758 1838 808 l
1857 757 1888 809 5
1901 757 1931 807 5
1945 758 1976 807 5
2004 747 2163 805 inter
2181 746 2761 822 orthodoxographos
2782 746 3094 821 theologos

1805 856 1862 911 p.
1906 845 2334 898 1085—1125
2371 838 2512 903 etc.;
2555 835 2809 913 Migne
2842 855 2898 909 p.
2938 844 3097 896 569-

1812 935 1953 987 639.
1976 958 2063 968 -
2083 925 2502 1001 Compendium
2535 926 2596 982 in
2623 924 2926 982 Canticum
2955 942 3093 982 can·

1807 1016 2071 1089 ticorum,
2123 1033 2190 1072 ex
2243 1032 2298 1072 v.
2349 1014 2544 1072 Bedae
2591 1013 2963 1088 expositione
2994 1031 3093 1070 ex-

1807 1106 2091 1179 cerptum,
2139 1104 2203 1161 in
2251 1121 2368 1178 quo
2407 1103 2714 1161 luculenta
2744 1103 2859 1161 sub
2891 1101 3093 1159 brevi-

1806 1194 1926 1249 tate
1960 1193 2109 1250 illud
2143 1191 2421 1266 exposuit
2456 1188 2707 1272 (prodiit
2751 1210 2882 1250 cum
2933 1208 3092 1249 com-

1807 1281 2114 1340 mentariis
2148 1280 2300 1339 Gilb.
2332 1281 2557 1339 Folio
2590 1299 2731 1339 cura
2761 1282 2920 1340 Patr.
2953 1279 2993 1337 J
3007 1298 3094 1336 u-

1805 1369 1918 1428 nii
1948 1369 2203 1429 Londini
2232 1365 2424 1451 1638)
2445 1388 2577 1429 cum
2608 1389 2697 1444 ep.
2720 1370 2794 1428 ad
2816 1368 3096 1445 Daphnin

1807 1460 1877 1516 de
1910 1460 2074 1518 Cant.
2110 1469 2166 1528 6,
2217 1470 2248 1522 7
2288 1455 2568 1540 (Migne
2601 1479 2656 1534 p.
2694 1452 3091 1537 641-666).

1806 1583 1892 1591 —
1957 1549 2386 1607 commentaria
2445 1565 2624 1621 super
2685 1548 3094 1620 Ecclesia-sien,

1807 1637 2186 1714 Argentorati
2206 1637 2302 1695 vel
2322 1638 2587 1695 Basileae
2619 1648 2637 1698 l
2658 1645 2773 1699 531
2799 1659 2813 1708 ;
2836 1637 2892 1694 Μ
2909 1637 2928 1693 1
2945 1655 2986 1712 g
3002 1654 3044 1694 n
3060 1655 3096 1693 e

1804 1747 1860 1802 p.
1898 1734 2150 1789 665-7
2165 1734 2264 1796 23,
2300 1744 2418 1801 qua
2449 1727 2512 1783 in
2547 1726 2913 1800 expositione
2947 1724 3089 1782 Hie-

1803 1834 2116 1891 ronymum
2167 1815 2518 1891 praesertim
2552 1815 2826 1889 sequitur
2857 1814 3092 1872 ducem.

1810 1938 1888 1947 —
1924 1904 2354 1962 Commentaria
2397 1908 2459 1962 in
2505 1923 2551 1963 s.
2599 1904 2850 1961 Joannis
2893 1902 3089 1961 Evan-

469 1988 642 2071 514).
690 1991 929 2066 Optima
959 2011 1162 2050 earum
1194 1992 1379 2051 editio
1398 1993 1652 2053 habetur
1684 1994 1748 2051 in
1799 1995 2013 2071 ⁸aelium
2060 1993 2120 2050 ll.
2171 2005 2202 2055 7
2259 1993 2523 2051 derivata
2568 2012 2638 2050 ex
2685 2011 2764 2056 ss.
2811 1991 3087 2068 patribus

465 2080 671 2138 ‚lasse
704 2080 847 2139 bibl.
880 2099 993 2138 rer.
1015 2082 1207 2139 Germ.
1229 2081 1325 2152 VI,
1368 2092 1744 2145 144—897:

473 2178 629 2238 9033
664 2169 793 2231 coll.
827 2189 921 2244 pp.
951 2178 1232 2233 132-143
1263 2173 1423 2229 curis
1446 2173 1744 2230 Diimm—

467 2257 579 2315 ler
629 2262 689 2315 et
735 2258 1265 2329 wattenbach,
1319 2260 1517 2318 Berlin
1561 2270 1743 2329 1873,

467 2347 572 2422 qui
623 2346 904 2405 exhibent
947 2366 1035 2422 ep.
1077 2357 1221 2411 306.
1254 2384 1340 2394 -—
1375 2351 1646 2408 Altera
1692 2369 1745 2424 p.

467 2436 849 2493 continentur
888 2439 1174 2512 opuscula
1213 2440 1606 2515 exegetica,
1656 2439 1744 2496 in-

466 2527 560 2583 ter
592 2543 741 2600 quae
776 2528 944 2584 sunt:
982 2525 1467 2605 Interroyationes
1500 2522 1680 2609 (281)
1714 2547 1747 2586 a

470 2614 743 2690 Singulfo
789 2615 842 2673 ei
883 2618 1213 2692 propositae
1245 2620 1305 2676 et
1336 2618 1745 2693 responsiones

468 2704 675 2762 breves
707 2707 766 2761 et
797 2705 1066 2763 concisae
1104 2701 1185 2786 (p.
1208 2702 1600 2785 515—566).
1632 2707 1742 2764 Re-

466 2793 704 2869 sponsio
736 2794 951 2851 ultima
995 2794 1067 2852 de
1097 2796 1612 2854 benedictionibus
1643 2815 1745 2871 pa-

463 2882 855 2940 triarcharum
931 2883 1373 2957 aliquantulum
1461 2885 1746 2959 prolixior

466 2971 707 3030 seorsim
740 2991 976 3047 quoque
1010 2977 1308 3047 comparet
1338 2977 1409 3030 ut
1441 2974 1743 3049 singulare

466 3060 837 3135 opusculum,
860 3062 1040 3135 atque
1062 3063 1440 3136 suppositum
1458 3062 1577 3120 fuit
1602 3063 1646 3119 E
1663 3082 1743 3120 u-

466 3148 726 3206 cherio
759 3150 854 3206 vel
888 3151 1368 3226 AugustinO,
1405 3152 1540 3209 hinc
1573 3170 1741 3225 repe-

464 3237 619 3295 ritur
651 3237 714 3295 in
746 3239 1066 3314 appendice
1098 3242 1140 3297 t.
1172 3239 1259 3298 111
1293 3260 1423 3316 opp.
1459 3241 1739 3315 ejusdem,

463 3330 522 3384 et
584 3328 760 3384 etiam
823 3328 980 3385 inter
1050 3328 1506 3406 Hieronymi
1567 3349 1743 3405 opera

464 3416 714 3490 Migne
762 3415 970 3486 XXIII,
1032 3428 1483 3481 1307—1318.
1548 3419 1740 3493 Expo-

464 3504 602 3561 sitio
637 3504 918 3561 historica
950 3511 1039 3561 est
1072 3506 1334 3563 derivata
1368 3527 1435 3564 ex
1483 3526 1526 3568 s,
1562 3507 1741 3564 Hie-

463 3610 598 3649 ron
612 3612 651 3666 y
669 3612 723 3648 m
744 3611 775 3648 0
795 3636 807 3658 ,
859 3592 955 3649 cui
986 3595 1275 3653 nonnulla
1305 3614 1371 3653 ex
1405 3595 1740 3671 Augustino

463 3679 895 3750 admiscentur3
931 3683 1218 3758 expositio
1258 3702 1395 3742 vero
1430 3684 1742 3760 allegorica

462 3769 674 3827 hausta
718 3773 809 3826 est
854 3788 922 3827 ex
956 3771 1016 3831 ll.
1051 3773 1366 3831 Moralium
1399 3792 1442 3834 s.
1477 3773 1743 3849 Gregorii

461 3858 536 3913 M.
603 3857 958 3916 Prodierunt
1003 3860 1110 3919 hae
1160 3862 1573 3937 responsiones
1622 3862 1738 3918 Ha-

461 3964 684 4023 genoae
727 3957 923 4018 152·5;
966 3958 1166 4020 1529;
1202 3951 1262 4007 in
1295 3950 1440 4010 bibl.
1462 3970 1557 4025 pp.
1581 3950 1739 4025 pari·

462 4035 645 4093 siensi
678 4038 719 4093 t.
741 4036 820 4094 IX
853 4040 962 4096 etc.
984 4072 1069 4079 —
1090 4039 1469 4097 Euchiridion
1504 4058 1611 4097 seu
1643 4058 1739 4096 ex-

459 4125 673 4199 positio
712 4127 810 4200 pia
854 4127 917 4183 in
964 4128 1224 4201 psalmos
1257 4127 1738 4203 poenitentiales,

539 4335 573 4401 ¹)
601 4329 675 4380 W
691 4347 724 4382 a
742 4333 767 4383 t
782 4332 807 4383 t
822 4348 850 4384 e
868 4349 905 4383 n
929 4333 963 4384 b
980 4349 1012 4384 a
1029 4349 1057 4384 c
1076 4333 1112 4385 h
1164 4333 1583 4386 Deutschlands
1638 4332 1738 4386 Ge-

460 4401 941 4468 Schicht÷c1=1e11en
992 4405 1060 4467 1⁵,
1110 4412 1241 4460 153:
1294 4404 1393 4456 Als
1445 4406 1741 4457 unschiitz·

459 4473 619 4525 hares
648 4472 926 4528 Denkmal
953 4473 1029 4526 ist
1055 4493 1161 4527 uns
1202 4475 1355 4528 seine
1384 4475 1740 4528 Briefsamm-

460 4543 602 4612 lung
624 4543 899 4608 crhalten,
922 4546 1131 4599 welche
1154 4565 1222 4598 zu
1245 4546 1355 4599 den
1378 4545 1742 4615 wichtigsten

460 4615 701 4676 Quellen
752 4615 841 4667 fur
892 4614 983 4668 die
1013 4615 1349 4670 Geschichte
1400 4617 1583 4670 dieser
1623 4617 1743 4670 Zeit

460 4685 679 4753 gehort,
708 4701 873 4737 weun
900 4706 938 4808 εἷ

461 4756 729 4822 geringer
757 4755 844 4818 ist,
882 4773 913 4807 a

1806 2081 2088 2159 Gregorio
2121 2082 2215 2151 M„
2263 2082 2423 2140 Beda
2464 2082 2548 2153 V.‚
2597 2081 2930 2150 Ambrosi0,
2979 2098 3089 2139 no-

1805 2171 2078 2229 minatim
2111 2189 2179 2228 ex
2212 2188 2257 2228 S.
2290 2173 2668 2247 Augustino:
2718 2169 2948 2246 ,magis
2982 2169 3088 2227 ho-

1804 2280 1936 2318 rum
1970 2260 2234 2318 omnium
2257 2261 2533 2318 sensibus
2565 2278 2630 2317 ac
2661 2259 2860 2317 verbis
2891 2261 3086 2326 utenS,

1804 2368 1981 2423 quam
2043 2367 2181 2407 suae
2237 2348 2562 2424 quidquam
2611 2347 3092 2424 praesumptioni

1802 2438 2179 2496 committens
2215 2482 2226 2495 .
2261 2482 2273 2495 .
2308 2483 2320 2495 .
2363 2438 2706 2496 cautissimo
2737 2438 2912 2512 plane
2944 2435 3086 2494 stilo

1802 2526 2164 2603 praevidens
2211 2544 2286 2586 ne
2333 2527 2477 2603 quid
2524 2527 2886 2586 contrarium
2917 2543 3089 2584 sanc-

1801 2620 2000 2674 torum
2033 2621 2268 2692 patrum
2303 2618 2578 2675 sensibus
2621 2622 2967 2692 ponerem‘,
3012 2618 3087 2672 ut

1802 2706 1928 2780 ipse
1948 2709 2207 2763 testatur
2238 2706 2301 2763 in
2322 2706 2504 2780 praef.
2529 2704 2611 2783 (M
2630 2706 2648 2762 i
2665 2725 2705 2781 g
2719 2725 2758 2763 n
2775 2724 2806 2763 e
2827 2704 2884 2775 C,
2912 2716 2943 2766 7
2956 2701 3088 2783 44).

1801 2794 2097 2868 Inscripta
2141 2798 2283 2852 sunt
2329 2795 2522 2853 Gislae
2555 2794 2744 2852 Caroli
2777 2794 2847 2856 M.
2897 2792 3090 2851 sorori

1801 2886 1861 2941 et
1887 2884 2180 2941 Retrudae
2213 2883 2463 2960 originis
2496 2884 2770 2953 illustris,
2806 2900 2958 2957 quae
2991 2881 3085 2940 vi-

1800 2973 2021 3031 dentur
2052 2971 2421 3046 professione
2455 2973 2639 3031 fuisse
2662 2970 3084 3030 sanctimonia-

1799 3061 1912 3130 les;
1946 3061 2090 3119 olim
2119 3079 2256 3119 vero
2289 3062 2433 3119 Bed
2452 3081 2532 3120 ae
2562 3062 2728 3119 fuere
2749 3059 3081 3134 supposita,

1802 3150 2182 3227 Argentorati
2226 3159 2417 3220 15273
2465 3151 2717 3227 Migne
2763 3169 2817 3224 p.
2867 3158 3086 3211 737--

1808 3248 1993 3302 1008.
2027 3272 2112 3282 —
2159 3238 2251 3300 Tr.
2298 3257 2478 3314 super
2522 3243 2646 3297 tres
2695 3256 2738 3301 s,
2786 3237 2957 3295 Pauli
3002 3237 3085 3294 ad

1811 3329 2020 3404 Titum,
2064 3329 2143 3385 ad
2174 3325 2556 3386 Philemonem
2587 3331 2648 3386 et
2678 3328 2757 3385 ad
2791 3326 3088 3384 Hebraeos

1801 3418 2090 3491 epistolas,
2127 3416 2379 3492 Migne
2410 3437 2464 3492 p.
2506 3425 2960 3479 1009-1084.
3011 3415 3082 3472 In

1800 3505 2236 3564 commentariis
2270 3505 2342 3563 ad
2378 3505 2526 3563 duas
2548 3505 2777 3580 priores
2798 3503 3088 3579 epistolas

1799 3595 1994 3652 utitur
2043 3593 2410 3668 expositione
2461 3593 2954 3669 Hieronymi,
3019 3590 3092 3648 in

1798 3683 2220 3741 commentario
2266 3682 2331 3740 in
2376 3702 2466 3757 ep.
2512 3684 2584 3741 ad
2631 3682 2928 3740 Hebraeos
2974 3681 3083 3738 ho-

1797 3772 1980 3830 miliis
2029 3791 2072 3828 s,
2111 3772 2204 3829 Jo.
2238 3771 2779 3847 chrysostomi
2824 3772 2888 3828 in
2934 3770 3090 3827 hanc

1797 3881 1885 3937 ep.
1905 3894 1992 3903 —-
2014 3861 2581 3918 Commentariorum
2615 3862 2677 3916 in
2698 3861 3085 3934 Apocalypsis

1797 3969 1841 4006 e.
1904 3959 1974 4011 12
2042 3947 2240 4025 priora
2303 3949 2362 4006 ll.
2408 3960 2440 4011 5
2508 3968 2542 4006 a
2595 3949 2749 4005 card.
2797 3949 2943 4006 Mai
2989 3965 3083 4004 re-

1796 4039 1951 4114 perti
1986 4038 2148 4096 fuere
2183 4034 2463 4116 (Migne
2495 4057 2551 4112 p.
2593 4031 3079 4113 1087—1156)‚

1798 4127 2047 4186 derivati
2070 4127 2420 4200 praesertim
2440 4146 2508 4185 ex
2542 4126 2589 4183 B
2606 4144 2637 4184 e
2654 4127 2688 4182 d
2706 4144 2740 4182 a
2770 4125 3083 4183 Ambrosio

1796 4218 2185 4290 Autperto
2223 4211 2320 4293 (cf.
2352 4235 2407 4290 p.
2445 4210 2596 4287 676)
2628 4217 2769 4276 etc.:
2802 4214 2849 4272 ii
2880 4217 3086 4272 tamen

1799 4305 1997 4380 potius
2045 4304 2328 4361 videntur
2372 4322 2501 4362 esse
2546 4302 2858 4377 cujusdam
2904 4301 3085 4360 disci·

1798 4394 1928 4469 puli
1976 4393 2232 4456 Alouini.
2301 4393 2470 4450 Ratio
2515 4397 2711 4449 autem
2760 4391 2958 4467 operis
2995 4395 3088 4448 est

1797 4484 1911 4558 pia,
1959 4482 2217 4551 moralis,
2266 4481 2517 4556 mystica
2561 4484 2623 4538 et
2669 4480 2743 4538 ad
2778 4480 3085 4539 Christum

1797 4577 1858 4629 et
1903 4572 1974 4628 ad
2018 4570 2339 4628 Ecclesiam
2371 4574 2583 4628 cuncta
2613 4570 2906 4628 referens:
2957 4588 3084 4626 me-

940 4687 1086 4740 leich
1116 4687 1215 4740 der
1243 4688 1523 4742 stoffiiohe
1554 4690 1742 4743 [nh-alt
1797 4661 2014 4717 thodus
2045 4679 2180 4717 vero
2202 4677 2308 4717 seu
2327 4661 2582 4735 regulae,
2616 4676 2762 4732 quas
2797 4658 2858 4715 in
2890 4658 3082 4715 inter-

942 4774 966 4808 s
994 4757 1098 4809 wir
1127 4760 1431 4811 wunschen
1458 4759 1740 4812 mochten.
1800 4749 2086 4823 pretando
2137 4748 2406 4823 Sequitur
2454 4747 2655 4805 minus
2704 4746 2954 4805 idoneae
3005 4745 3086 4804 ad
