3505 5161
548 257 569 308 1
590 234 660 310 31
1292 243 1592 293 326—400.
1619 237 1673 289 S.
1704 226 1961 290 Hilarius
1988 237 2377 308 pictaviensi&
3034 257 3150 310 132

630 434 731 488 67.
762 423 1154 499 Praecipuum
1174 423 1435 483 auctoris
1455 423 1645 482 nostri
1667 441 1817 499 opus
1872 428 2389 504 propugnatorum
2436 418 2718 503 princeps
2776 426 2905 486 sine
2968 426 3151 485 dubio

536 512 886 573 inscribitur
922 513 997 571 >de
1039 513 1323 572 Trinitate
1353 514 1409 573 ll.
1461 511 1603 571 XII
1639 507 1815 593 (alias
1871 512 2137 587 Hilarius
2168 515 2308 592 pict.
2353 518 2459 586 est,
2506 515 2679 591 cujus
2727 508 3046 575 duodecim
3082 517 3152 575 de

536 601 717 661 etiam
763 599 832 660 de
858 603 971 675 fide
1002 602 1284 661 adversus
1317 602 1568 660 Arianos
1602 602 1698 660 vel
1731 599 1813 659 si·
1871 602 2166 664 Trinitate
2242 604 2550 664 volumina
2625 602 2875 664 totidem
2947 622 3153 663 revera

535 692 664 751 mili
695 685 918 773 titulo),
967 691 1034 749 in
1079 690 1286 750 exsilio
1315 690 1475 750 intra
1510 710 1560 749 a.
1598 699 1817 753 356⁶-
1871 694 2163 777 θαὺματα
2212 696 2372 752 sunt.
2450 689 2604 752 Nam
2665 697 2728 753 et
2775 686 3152 770 eloquentiae

539 788 663 844 359
687 779 1098 857 compositum,
1131 778 1198 838 in
1229 797 1347 856 quo
1379 779 1594 857 dogma
1613 776 1815 838 catho-
1872 782 2266 858 splendorem,
2312 785 2375 841 et
2421 781 2757 843 dialecticae
2789 796 3055 849 acumen.
3091 788 3152 841 et

535 869 717 929 licum
749 868 823 927 de
853 867 993 928 Filii
1024 869 1405 945 generatione
1450 873 1511 927 et
1555 869 1813 927 cousub-
1869 871 2204 947 theologiae
2253 870 2654 943 altitudinem,
2706 875 2768 931 et
2817 872 3147 947 Scriptura-

536 958 927 1017 stantialitate
972 957 1185 1034 probat
1229 960 1291 1017 et
1334 958 1604 1017 illustrat
1633 960 1815 1032 atque
1869 963 2004 1019 rum
2035 960 2373 1020 divinarum
2424 956 2698 1036 peritiam
2745 978 3043 1032 summam,
3093 970 3152 1020 et

534 1045 835 1107 uberrime
895 1046 1367 1106 adversariorum
1439 1045 1814 1121 exceptiones
1870 1049 2256 1109 ecclesiastici
2288 1049 2397 1109 zeli
2417 1049 2727 1121 fervorem,
2759 1053 2820 1108 et
2850 1049 3148 1127 quidquid

533 1135 774 1207 refellit,
807 1137 893 1195 ita
923 1138 993 1196 ut
1024 1136 1297 1211 quamvis
1317 1154 1458 1211 prae
1479 1135 1690 1202 ceteris
1709 1154 1812 1212 ag-
1871 1138 1999 1214 opis
2052 1139 2115 1197 in
2164 1138 2424 1198 humano
2468 1137 2707 1216 ingenio
2758 1142 2868 1209 est,
2920 1139 2992 1196 ad
3044 1140 3152 1198 hoc

534 1220 843 1304 grediatur
887 1224 1160 1295 Arian08,
1213 1224 1352 1283 data
1394 1226 1596 1284 tamen
1645 1241 1809 1283 occa·
1870 1245 2023 1303 opus
2044 1226 2534 1289 conscribendum
2553 1226 2865 1287 affluenter
2884 1228 3149 1287 Hilarius

535 1315 701 1374 sione
747 1332 976 1374 errores
1010 1314 1202 1373 ‘etiam
1246 1316 1521 1373 veterum
1550 1313 1811 1372 haereti·
1873 1317 2188 1380 contulit.‘
2515 1335 2518 1339 ’

534 1421 736 1463 corum
783 1403 1063 1481 profligat
1107 1404 1178 1463 ut
1210 1402 1625 1472 Hebionis,
1672 1401 1814 1460 Va-
2139 1418 2144 1427 ·

533 1484 845 1564 lentini,
876 1491 1472 1563 Manichaeorum,
1507 1488 1816 1549 Sabellii
1962 1504 2061 1555 68.
2109 1493 2254 1554 Cum
2300 1494 2506 1553 Ariani
2556 1496 2753 1553 omnia
2804 1513 2905 1554 sus
2955 1491 3148 1571 deque

534 1585 664 1654 etc„
725 1581 841 1640 imo
882 1582 1010 1658 jam
1064 1581 1128 1639 in
1177 1583 1550 1663 antecessum
1600 1578 1816 1638 evertit
1869 1585 2174 1642 verterent
2204 1583 2519 1643 calumniis
2552 1585 2992 1659 mendaciisque
3025 1602 3148 1642 om-

533 1687 760 1730 errores
791 1673 999 1746 postea
1016 1670 1297 1729 excitatos
1330 1669 1404 1727 ab
1424 1668 1812 1744 Apollinario,
1872 1671 1971 1730 nia
2000 1670 2331 1745 turbarent,
2364 1675 2600 1732 coactus
2632 1677 2726 1732 est
2744 1672 3013 1731 Hilarius
3047 1691 3143 1732 eo·

533 1758 892 1829 Macedonio,
927 1758 982 1816 N
998 1757 1317 1829 estori0,
1352 1757 1812 1833 Eutychete,
1870 1779 2005 1818 rum
2051 1760 2289 1820 fraudes
2334 1761 2966 1838 aequivocationesque
3012 1781 3148 1837 ape-

535 1850 572 1907 S
590 1866 837 1907 acram
853 1866 884 1906 e
900 1846 1147 1906 ntarii
1167 1865 1193 1905 s
1227 1864 1337 1908 sec.
1368 1845 1519 1905 XVI.
1550 1850 1659 1907 etc.
1726 1845 1816 1903 En
1869 1849 2006 1917 rire,
2030 1852 2100 1907 ut
2118 1851 2373 1929 collegas
2393 1855 2455 1910 et
2473 1869 2612 1910 oves
2626 1854 2806 1927 atque
2819 1850 3150 1928 generatim

532 1935 909 2014 splendidum
947 1937 1019 1994 de
1053 1935 1160 1994 hoc
1191 1954 1285 2011 op.
1319 1936 1473 1995 card.
1506 1934 1625 1993 Mai
1645 1932 1815 2010 judi·
1871 1934 2072 1997 fideles
2118 1939 2192 1997 ab
2236 1939 2479 1999 illorum
2510 1935 2742 1999 insidiis
2776 1939 3146 1999 defenderet:

534 2028 691 2085 cium
708 2029 782 2099 ¹):
849 2024 1236 2095 ,Latinorum
1299 2025 1504 2083 contra
1564 2023 1815 2082 Arianos
1872 2028 2011 2086 hinc
2029 2028 2208 2104 plura
2226 2028 2564 2105 composuit
2582 2047 2757 2105 opera
2774 2047 2879 2104 pro
2898 2028 3150 2088 historia

533 2134 592 2213 et
617 2159 876 2229 simpleX‚
902 2130 1522 2212 subobscura'subinde
1550 2161 1818 2238 Confessi?
1874 2116 2497 2220 Arianismiprefflqsa’
2527 2121 2600 2176 nt
2618 2118 2758 2219 issa?
2775 2118 3010 2195 'Sy'wdis
3041 2136 3149 2219 squ

533 2234 656 2299 fidei
680 2230 748 2284 de
777 2248 818 2283 Β,
845 2228 1145 2293 Trinstate,
1187 2245 1333 2298 quae
1374 2228 1583 2300 passim
1610 2245 1669 2282 re
1714 2246 1818 2282 en,
1873 2205 1946 2264 de
1977 2204 2093 2265 fide
2127 2208 2527 2277 orientalium,
2582 2226 2687 2283 qui
2732 2226 2798 2264 m
2841 2206 3149 2266 nonnullis

534 2304 630 2355 tur
675 2302 733 2355 in
777 2300 883 2355 ΡΡ.
930 2298 1312 2363 bibliothecis,
1362 2301 1517 2370 apud
1571 2299 1663 2353 Fa
1733 2300 1819 2353 ri·
1873 2293 2038 2354 codd.
2089 2296 2261 2371 quasi
2310 2296 2347 2353 l.
2398 2296 2553 2355 XIII.
2618 2296 2993 2372 praecedenti
3042 2295 3146 2353 ad·

530 2373 725 2427 cium
752 2372 891 2427 bibl.
917 2372 1065 2426 med.
1086 2373 1184 2428 lat.
1208 2373 1421 2435 111‚36;
1450 2371 1819 2426 Gallandi
1865 2385 2149 2461 jungitur
2196 2385 2378 2461 09315,
2451 2385 2659 2444 Utitur
2718 2404 2786 2444 00
2848 2385 2912 2443 in
2974 2401 3150 2460 opere

530 2443 1243 2568 32X11[1³n{¹n¹5ffangt{{fflg’
1272 2443 1619 2586 31ᾙίἶῇἃίζῆ
1646 2460 1817 2570 3333]
1873 2491 2087 2551 magna
2116 2473 2300 2533 animi
2325 2474 2757 2533 moderatione:
2791 2472 2973 2533 verba
3004 2474 3149 2533 alio-

532 2589 720 2640 meuta
746 2586 1062 2640 asservavit
1086 2586 1252 2640 nobis
1278 2604 1523 2658 magnus
1563 2588 1686 2656 ejus
1724 2605 1817 2641 en·
1871 2583 2004 2622 mm
2029 2564 2351 2639 aeqniVOOa
2381 2563 2444 2622 in
2474 2563 2699 2623 bonum
2719 2563 3153 2665 intefpfef‘afflffr

530 2655 830 2712 comiastes
857 2657 892 2712 S
910 2676 943 2712 u
966 2658 1040 2729 lp
1059 2658 1078 2710 i
1094 2676 1123 2713 c
1140 2657 1160 2710 i
1177 2678 1213 2711 u
1231 2676 1255 2710 s
1301 2657 1541 2712 Severus
1582 2658 1671 2783 {le
1698 2676 1815 2726 quo
1872 2669 2131 2724 sensum,
2165 2671 2318 2729 quae
2337 2671 2614 2712 excusare
2632 2655 2833 2729 potest
2851 2671 2971 2711 uno
2992 2671 3149 2729 pacis

1559 2747 1583 2782 S

531 2728 701 2809 infra)
742 2727 803 2782 in
843 2729 964 2810 *fita
1006 2747 1049 2811 ¹3³·
1076 2728 1327 2812 Mstrfaini2
1373 2730 1435 2783 in
1462 2729 1563 2810 epi·
1649 2726 1719 2811 li?
1745 2729 1816 2782 de
1870 2759 2065 2800 amore
2097 2745 2160 2799 et
2189 2741 2388 2801 studio
2409 2744 2665 2803 excusat.
2714 2742 2869 2800 Hinc
2899 2742 3149 2818 quibus-

531 2804 710 2853 morte
738 2803 796 2853 et
822 2803 938 2854 virt
951 2801 1138 2854 itibus
1164 2801 1418 2870 eJusdem
1464 2804 1523 2854 et
1548 2818 1607 2852 in
1637 2800 1814 2853 dialo-

530 2870 635 2941 gis,
664 2888 811 2939 quae
828 2873 1003 2925 habes
1022 2871 1176 2925 inter
1196 2875 1389 2925 nostra
1411 2888 1602 2942 opusc.
1627 2873 1814 2926 select.

530 2960 600 2995 ss.
630 2941 735 2995 ΡΡ.
763 2943 850 2997 ed.
878 2945 917 2996 t.
948 2943 1194 2999 XLVIII.

604 3017 644 3084 ¹)
675 3014 907 3069 Collect.
948 3032 1129 3068 novae
1172 3017 1283 3070 vet.
1324 3013 1527 3084 Script.
1578 3014 1670 3067 111.
1697 3034 1752 3084 p.
1782 3021 1814 3068 2

1872 2829 2022 2899 dam,
2056 2830 2211 2890 inter
2241 2849 2392 2907 quos
2424 2830 2543 2890 fuit
2575 2831 2892 2890 Lucifer
2940 2831 3148 2890 calari·

1870 2922 2050 2979 tanus
2082 2939 2325 2997 pugnax
2355 2920 2554 2991 nimia,
2577 2921 2742 2980 visus
2762 2923 2856 2979 est
2875 2938 2917 2979 s.
2944 2919 3153 2979 doctor

1872 3007 2250 3068 Semiarianis
2282 3010 2670 3069 orientalibus
2717 3010 2898 3068 nimis
2948 3009 3151 3067 indul-

548 3105 584 3139 ).
616 3091 732 3140 188.
789 3087 870 3139 [ta
910 3086 1465 3140 Bardenhewer
1502 3095 1529 3151 ὅ
1568 3090 1638 3141 86
1680 3104 1734 3138 n.
1763 3089 1814 3142 2.

579 3173 604 3209 s
630 3155 706 3209 ist
731 3155 822 3210 die
851 3157 1227 3211 vollendetste
1256 3156 1811 3211 schriftstellerische

529 3226 822 3297 Leistung,
887 3229 1102 3282 welche
1166 3227 1258 3281 die
1311 3227 1649 3283 Geschichte
1713 3228 1812 3280 des

529 3298 800 3368 Kampfes
830 3300 939 3352 mit
965 3300 1093 3353 dem
1122 3298 1482 3353 Arianismus
1507 3298 1814 3352 aufzuwei·

529 3385 628 3421 sen
656 3370 775 3422 hat.
815 3370 884 3425 Η.
933 3369 1144 3440 knlipft
1186 3388 1261 3423 an
1308 3370 1401 3424 die
1441 3369 1812 3441 Speculation

530 3440 628 3492 der
720 3438 1074 3495 riechischen
1125 3440 1538 3496 Kirchenviiter
1588 3458 1663 3494 au
1715 3460 1814 3494 um

528 3509 681 3564 diese
708 3512 774 3565 be
802 3511 862 3564 in
890 3511 1176 3566 durchaus
1195 3512 1665 3582 selbststandiger
1692 3513 1811 3566 und

524 3581 582 3634 'ei
624 3581 912 3652 enartiger
928 3583 1116 3637 Weise
1135 3584 1532 3638 fortzuffihreu
1547 3584 1666 3637 und
1687 3601 1813 3638 aus-

529 3669 598 3705 zu
642 3652 813 3709 ilden.
867 3653 941 3706 Er
981 3655 1084 3707 hat
1124 3656 1453 3727 uberhaupt
1495 3655 1555 3708 in
1583 3656 1812 3709 hervor-

527 3725 836 3794 ragendem
878 3725 1059 3779 Masse
1100 3726 1246 3779 dazu
1292 3726 1664 3798 mitgewirkt,
1710 3727 1811 3780 der

528 3796 1051 3852 abendlandischen
1080 3797 1392 3879 Theologie
1419 3798 1529 3858 den
1558 3796 1809 3852 Eiufluss

528 3866 628 3920 der
654 3868 1225 3937 morgenlandischen
1253 3870 1542 3924 Literatur
1581 3888 1650 3922 zu
1693 3886 1811 3923 ver-

526 3937 772 4001 mittem,
804 3940 918 3993 und
948 3939 1204 3994 dadurch
1234 3958 1378 3994 neue
1398 3941 1812 3996 befruchtende

528 4007 817 4065 Elemente
844 4012 1199 4065 zuzufiihren
1228 4053 1240 4064 .
1270 4055 1283 4068 .
1310 4053 1322 4065 .
1352 4014 1552 4067 Immer
1573 4013 1674 4065 hat
1690 4012 1810 4067 sein

528 4080 832 4134 Ausdruck
879 4086 1053 4135 etwas
1096 4082 1493 4154 Urwiichsiges
1534 4083 1654 4138 und
1688 4085 1811 4138 ker-

527 4152 705 4222 niges,
742 4152 1089 4208 Kraftvolles
1136 4155 1253 4208 und
1299 4154 1810 4210 Charaktervolles.

526 4224 597 4275 So
645 4225 833 4294 wenig
880 4223 999 4278 sein
1044 4224 1150 4280 Stil
1194 4226 1375 4278 durch
1424 4226 1812 4295 Leichtigkeit

529 4294 647 4346 und
676 4296 935 4349 Anmuth
976 4295 1190 4365 glana,
1231 4313 1291 4350 so
1336 4297 1591 4380 machtig
1619 4299 1813 4353 fesselt

526 4383 585 4416 er
613 4365 793 4419 durch
821 4367 932 4420 den
950 4366 1084 4419 Reiz
1101 4369 1200 4420 cler
1229 4367 1669 4423 Individuahtat
1690 4370 1808 4424 und

527 4433 949 4505 Originalitiit.“
994 4437 1234 4519 Propter
1262 4443 1478 4494 tantam
1506 4440 1693 4511 operis
1720 4458 1810 4494 ex·

525 4506 852 4561 cellentiam
869 4508 1015 4563 illud
1033 4509 1319 4563 edidimus
1335 4512 1810 4565 annotationibus

527 4577 873 4633 illustratum
891 4579 1041 4632 inter
1062 4581 1341 4650 opuscula,
1359 4583 1447 4635 SS.
1470 4582 1577 4644 ΡΡ.
1600 4583 1809 4638 selecta.

526 4653 566 4700 t.
610 4649 701 4706 IV,
745 4649 908 4703 seriei
953 4653 1249 4714 secundae,
1292 4652 1609 4723 Oeniponte
1658 4659 1807 4711 1887.

1869 3116 2025 3175 gere.
2087 3097 2345 3175 Ideoque
2393 3099 2629 3174 scripsit
2664 3098 3032 3176 Apoloqetica
3076 3097 3149 3156 ad

1870 3187 2322 3262 reprehensores
2367 3187 2407 3249 l.
2454 3187 2525 3246 de
2557 3187 2803 3264 synodis
2850 3205 3146 3263 responsa,

1871 3273 2220 3335 brevissima
2251 3275 2509 3350 quidem,
2545 3276 2648 3336 sed
2680 3276 2753 3335 ad
2784 3296 2995 3334 verum
3017 3276 3055 3337 l.
3078 3276 3150 3334 de

1870 3365 2113 3440 synodis
2161 3382 2404 3423 sensum
2449 3365 2896 3442 percipiendum
2948 3366 3150 3441 magni

1869 3453 2186 3512 momenti:
2243 3453 2345 3512 sed
2376 3455 2554 3530 hujus
2586 3454 2624 3516 l.
2657 3455 2983 3532 fragmenta
3016 3458 3149 3511 tan·

1869 3545 1998 3600 tum
2064 3548 2409 3619 supersunt.
2466 3578 2544 3587 —
2593 3545 2696 3603 Ad
2745 3543 3150 3601 Constantium

1867 3631 2213 3708 Augustum
2257 3633 2296 3694 1.
2342 3633 2386 3690 Ι.
2434 3627 2511 3715 (a.
2563 3630 2732 3710 355),
2798 3651 2917 3707 quo
2967 3633 3149 3708 hujus

1869 3721 2239 3797 suspiciones
2316 3725 2377 3779 et
2451 3721 2814 3798 praejudicia
2860 3720 3148 3779 adversus

1867 3806 2167 3886 episcopos
2199 3810 2554 3869 orthodoxos
2587 3813 2649 3869 et
2679 3809 2998 3869 catholicos
3031 3810 3148 3868 dis·

1868 3898 2061 3974 sipare
2093 3899 2327 3970 nititur,
2362 3901 2534 3974 cujus
2566 3899 2606 3961 l.
2639 3898 2875 3958 fructus
2906 3899 3150 3958 videtur

1866 3988 1961 4045 lex
1993 3987 2066 4046 ab
2098 3988 2452 4064 imperatore
2474 3990 2609 4060 lata,
2637 4007 2711 4046 ne
2732 3988 3149 4065 episcoporum

1866 4095 2071 4135 causae
2102 4077 2175 4135 ab
2208 4077 2342 4136 aliis
2373 4096 2550 4152 quarn
2583 4078 2655 4135 ab
2688 4077 2977 4154 episcopis
3009 4095 3148 4153 cog-

1866 4168 2268 4228 noscerentur.
2331 4167 2402 4229 L.
2466 4166 2550 4230 ΙΙ.
2614 4168 2694 4224 ad
2743 4166 3146 4226 Constantium

1864 4249 1941 4335 (a.
1978 4249 2150 4333 360),
2185 4255 2412 4330 copiam
2433 4255 2651 4314 nititur
2671 4256 2988 4331 impetrare
3022 4254 3146 4314 dis-

1864 4343 2118 4418 putandi
2166 4362 2360 4402 coram
2409 4345 2542 4420 ipso
2594 4363 2728 4403 cum
2775 4345 3031 4412 ArianiS,
3082 4346 3147 4402 in

1864 4432 2072 4506 primis
2088 4451 2221 4491 cum
2238 4451 2443 4492 eorum
2463 4434 2789 4509 coryphaeo
2806 4434 3147 4493 Saturnino.

1865 4520 1977 4579 Sed
1999 4521 2239 4593 frustra,
2274 4520 2412 4580 hinc
2432 4521 2734 4581 moestitia
2751 4521 2994 4596 zeloque
3019 4541 3146 4582 cor·

1863 4611 2068 4685 reptus
2101 4610 2239 4670 stilo
2271 4611 2391 4669 acri
2423 4614 2485 4670 et
2514 4611 2791 4670 libertate
2822 4611 3150 4687 apostolica

528 4717 609 4770 Cf.
642 4718 682 4770 B
700 4737 733 4771 a
750 4739 786 4773 u
805 4739 860 4772 m
878 4740 915 4789 g
931 4737 963 4773 a
981 4739 1008 4773 r
1026 4727 1048 4772 t,
1066 4741 1099 4774 n
1119 4740 1147 4773 c
1165 4741 1191 4774 r
1219 4724 1418 4776 Gesch.
1440 4724 1540 4777 der
1561 4725 1806 4781 Woltlit.
1865 4698 2049 4757 alium
2081 4699 2317 4775 scriPSit
2335 4700 2606 4759 libellum
2626 4707 2827 4759 contra
2864 4699 3145 4760 condam

527 4788 620 4840 IV.
648 4807 693 4848 c.
725 4795 775 4846 7.

1864 4790 2030 4861 tium,
2065 4807 2181 4863 quo
2214 4807 2350 4848 eum
2377 4789 2794 4849 antichristum
2829 4790 3149 4865 compellat
