3505 5161
390 242 463 296 31
481 244 522 293 7.
1101 245 1104 248 ’
1412 222 1703 295 Sulpicius
1726 225 1982 278 Severus.
2888 240 2959 295 31
2977 240 3012 295 8

395 420 579 475 1851.
601 444 690 453 —
711 409 964 485 Scripsit
993 412 1054 469 et
1084 411 1157 469 ad
1187 411 1514 470 multorum
1535 430 1671 486 pro·
1725 411 1885 470 Haec
1916 411 2201 486 opuscula
2231 408 2303 468 de
2337 427 2383 468 s.
2415 410 2671 468 martino
2706 409 3013 468 luculento

386 501 613 559 fectum
643 501 714 558 de
742 501 863 558 vita
893 501 943 558 b.
980 500 1230 559 Martini
1238 522 1264 574 ;
1309 501 1466 558 hunc
1511 500 1670 558 enim
1727 518 2012 570 sermone,
2047 502 2119 558 ut
2136 498 2338 573 inquit
2356 498 2768 570 Paulinus,
2806 517 2851 557 s.
2873 500 3012 557 Am-

386 589 538 649 bene
568 591 835 658 noverat,
884 589 1139 666 singulis
1186 590 1309 648 fere
1356 588 1527 647 annis
1578 588 1670 647 in·
1725 589 1912 647 brosii
1933 588 2221 658 notariuS,
2255 588 2319 646 in
2351 588 2532 662 hujus
2565 587 2688 646 vita
2717 607 2777 646 n.
2819 600 2871 657 l,
2907 606 3015 647 seu

385 679 636 749 visebat,
684 678 845 736 unde
889 698 924 736 a
970 679 1218 738 Paulino
1265 697 1354 754 ep.
1395 691 1461 742 ll
1507 678 1669 737 salu·
1727 678 1870 737 stilo
1903 677 2347 755 elegantissimo
2393 680 2455 736 et
2490 675 2810 738 admodum
2840 695 3012 736 enco-

384 771 557 827 tatur
593 766 873 836 ,Martini
903 767 1164 842 episcopi
1191 767 1608 841 frequentator
1621 774 1669 838 ‘,
1726 767 1999 826 miastico
2030 767 2364 842 conscripta
2394 765 2567 824 valde
2599 765 2817 824 diffusa
2847 765 3014 824 fuere

384 860 453 916 et
481 857 558 917 ab
598 875 668 915 eo
696 856 960 914 vicissim
993 857 1196 933 magni
1226 856 1419 920 fiebat.
1485 855 1671 914 Addi-
1728 857 1791 914 et
1828 856 1998 915 avide
2030 855 2310 914 lectitata.
2376 856 2460 914 Ea
2502 855 2684 913 habes
2717 854 2877 913 inter
2907 873 3014 913 no-.

384 947 478 1004 dit
509 950 570 1005 et
600 948 725 1004 tres
757 947 1048 1021 epistola-s,
1098 947 1162 1004 in
1208 945 1431 1021 quibus
1464 955 1671 1004 contra
1729 948 1853 1004 stra
1912 963 2114 1020 opusc.
2178 945 2395 1003 selecta
2459 944 2697 1004 XLVIII
2755 955 3010 1008 1—-190

385 1034 652 1094 aemulos
684 1053 727 1097 s.
760 1035 1001 1093 Martini
1040 1035 1242 1109 aliqua
1271 1035 1464 1094 fusius
1497 1052 1668 1093 enar·
1730 1035 2063 1110 Oeniponte
2103 1043 2301 1103 18853
2349 1052 2417 1094 ea
2452 1034 2578 1109 jam
2618 1036 2792 1092 antea
2825 1033 3015 1092 edidit

387 1127 501 1194 rat,
551 1124 616 1183 in
659 1124 869 1198 primis
917 1123 1184 1199 ejusdem
1228 1127 1498 1183 mortem.
1562 1122 1671 1181 His
1727 1124 2045 1182 Diibner
2105 1123 2350 1183 Parisiis
2424 1132 2621 1193 18593
2693 1132 2875 1186 1890.
2927 1157 3014 1166 —

390 1214 654 1272 nondum
685 1215 1002 1272 contentus
1050 1212 1197 1271 duos
1238 1213 1455 1287 adjecit
1486 1214 1671 1271 dialo-
1729 1212 1983 1288 Scripsit
2012 1213 2186 1271 etiam
2222 1214 2493 1288 epistolas
2523 1212 2596 1270 ad
2630 1230 2887 1271 amorem
2907 1213 3015 1270 Dei

390 1321 509 1380 90⁸·
558 1303 626 1361 In
654 1323 710 1379 p.
754 1314 804 1365 1.
837 1302 975 1363 dial.
1006 1314 1028 1363 1
1071 1298 1256 1382 (nunc
1286 1302 1561 1380 dialogus
1591 1298 1671 1381 1.)
1727 1309 1790 1360 et
1834 1303 2244 1378 contemptum
2285 1301 2494 1360 mundi
2527 1302 2884 1360 hortatorias
2918 1319 3014 1360 so-

392 1391 850 1450 Posthumianus
861 1392 1284 1450 monachorum
1297 1390 1673 1450 orientalium
1727 1391 1849 1450 rori
1880 1409 2021 1449 suae
2053 1391 2291 1463 multas,
2340 1409 2493 1467 quae
2532 1392 2733 1449 tamen
2764 1390 3013 1466 periisse

389 1482 646 1540 virtutes
667 1483 741 1539 et
772 1479 1056 1539 miracula
1084 1484 1338 1550 enarrat,
1389 1480 1454 1539 in
1485 1480 1674 1539 altera
1727 1479 2039 1539 videntur:
2117 1480 2256 1538 illae
2317 1480 2477 1538 enim
2540 1481 2797 1555 septem,
2864 1498 3013 1553 quas

394 1590 452 1646 p.
499 1572 558 1627 et
601 1569 665 1628 in
697 1568 838 1627 dial.
875 1578 910 1631 2
946 1570 1129 1647 (nunc
1166 1579 1220 1631 2.
1254 1572 1315 1628 et
1350 1570 1429 1648 3.)
1463 1569 1669 1628 Gallus
1726 1568 1945 1627 Halm
1993 1569 2056 1626 in
2101 1568 2427 1643 appendice
2473 1586 2615 1627 suae
2654 1568 2872 1644 adiecit
2902 1568 3010 1636 ed.,

402 1659 475 1717 de
520 1677 566 1716 ε.
609 1658 852 1716 Martini
888 1657 1241 1717 virtutibus.
1264 1664 1326 1717 et
1369 1658 1673 1717 miraculis
1728 1676 1847 1717 non
1892 1656 2176 1717 videntur
2219 1675 2348 1717 esse
2394 1658 2710 1734 genuinae,
2762 1657 2815 1715 si
2859 1656 3012 1715 forte

391 1748 646 1819 disserit,
695 1753 767 1806 ut
810 1747 1043 1806 eumin
1074 1747 1242 1806 nullo
1273 1747 1669 1807 orientalibus
1729 1747 1878 1806 duas
1929 1747 2204 1824 excipias,
2268 1765 2522 1822 quarum
2571 1746 3011 1823 genuinitatem

387 1837 609 1895 sanctis
641 1855 772 1895 esse
803 1837 1089 1895 minorem
1120 1837 1408 1896 ostendat.
1472 1835 1545 1895 In
1575 1854 1669 1895 ce·
1726 1838 1939 1895 tuetur
1969 1836 2356 1907 Harnack,
2408 1836 2534 1895 scil.
2582 1837 2651 1894 de
2680 1836 2884 1893 ultimo
2916 1836 3011 1906 ju-

385 1926 539 1985 lebri
571 1943 713 1984 vero
745 1926 979 1984 decreto
1011 1925 1085 1984 de
1116 1925 1476 2002 recipiendis
1497 1925 1671 1983 libris
1727 1927 1878 1984 dicio
1924 1927 1986 1983 et
2014 1926 2083 1983 de
2112 1926 2442 2000 virqinitate
2471 1925 2546 1983 ad
2579 1923 2886 1983 Claudiam
2917 1942 3009 1982 so-

385 2015 627 2074 Gelasio
675 2014 722 2072 L
765 2015 983 2090 passim
1046 2015 1339 2075 attributo
1388 2014 1673 2073 dicuntur
1727 2032 1920 2074 rorem
1953 2033 2139 2073 suam.
2196 2010 2388 2090 Opera
2417 2013 2680 2072 auctoris
2695 2008 2743 2095 ¹)
2778 2012 3011 2088 prodie-

383 2104 681 2180 opuscula
710 2103 1120 2162 Posthumiani
1164 2108 1226 2162 et
1257 2104 1410 2162 Galli
1428 2098 1472 2184 ¹)
1506 2122 1673 2178 ‚apo-
1726 2106 1872 2162 runt
1915 2123 2129 2181 magna
2161 2104 2533 2162 accuratione
2575 2121 2718 2161 cura
2744 2120 3013 2177 praeser-

386 2192 651 2269 crypha‘,
692 2211 810 2268 qua
842 2211 1093 2251 censura
1123 2192 1407 2252 videntur
1437 2193 1497 2251 hi
1545 2192 1670 2250 dia·
1728 2193 1840 2251 tim
1902 2193 2249 2268 Hieronymi
2320 2192 2392 2251 de
2455 2193 2688 2251 Prato
2750 2191 3012 2250 Veronae

388 2282 514 2359 logi
561 2304 595 2339 a
639 2281 881 2356 publica
911 2284 1151 2340 tantum
1182 2282 1435 2340 lectione
1466 2282 1531 2340 in
1561 2282 1670 2341 Ec·
1734 2285 2135 2345 1741—54t.
2157 2290 2190 2343 2
2211 2281 2362 2351 in43
2397 2280 2741 2340 Gallandi
2773 2282 2818 2343 t.
2839 2280 3009 2351 VIII;

389 2371 569 2430 clesia
617 2371 852 2430 excludi
904 2389 1013 2430 seu
1065 2372 1151 2429 eis
1202 2370 1517 2446 specialem
1566 2370 1668 2428 de·
1726 2370 1943 2429 Halm
1975 2369 2238 2429 Viennae
2280 2379 2441 2435 1866
2497 2371 2562 2428 in
2609 2371 2776 2446 Corp.
2810 2369 3010 2446 script.

393 2460 593 2536 negari
642 2460 1133 2537 approbationem
1184 2460 1670 2518 ecclesiasticam:
1728 2460 1864 2522 eccl.
1898 2459 2004 2518 lat.
2035 2463 2078 2520 t.
2098 2459 2159 2531 I;
2194 2459 2448 2537 Migne
2479 2459 2541 2518 P.
2564 2459 2624 2517 L.
2645 2461 2687 2517 t.
2709 2458 2812 2517 XX
2837 2468 3010 2522 95—-

395 2548 542 2608 forta
572 2549 748 2608 etiam
770 2551 1016 2626 propter
1049 2548 1408 2608 chiliasticas
1441 2547 1671 2624 opinio·
1730 2557 1873 2613 248.
1939 2548 2308 2609 Relationem
2357 2567 2524 2609 suam
2558 2548 3010 2608 Gennadius

391 2657 514 2709 nes,
562 2658 715 2714 quae
761 2642 961 2697 tamen
1005 2638 1072 2697 in
1116 2641 1287 2697 textu
1317 2641 1519 2696 nostro
1550 2655 1671 2696 non
1727 2638 1800 2698 de
1833 2639 2047 2697 Severo
2080 2658 2127 2698 c.
2169 2650 2242 2702 19
2291 2639 2378 2697 ita
2407 2638 2697 2697 absolvit:
2748 2638 2901 2706 ,Hic
2946 2638 3011 2696 in

388 2727 649 2804 amplius
711 2728 922 2787 saltem
984 2731 1187 2803 aperte
1249 2721 1670 2807 comparent2).
1728 2732 1966 2787 senecta
2015 2746 2124 2785 sua
2172 2748 2206 2785 a
2250 2727 2582 2804 Pelagianis
2621 2726 2903 2801 deceptus
2950 2731 3011 2786 et

1728 2834 2052 2894 agnoscens
2102 2816 2483 2891 loquacitatis
2544 2817 2781 2891 culpam
2830 2816 3009 2874 silen-

473 2937 505 2994 Ι)
534 2933 641 2988 Hic
669 2933 893 2990 Gallu
913 2953 937 2987 s
964 2932 1283 3016 discipulus
1309 2935 1434 2988 erat
1458 2952 1499 2988 s.
1526 2932 1672 2987 Mar·
1724 2905 1876 2964 tium
1912 2923 2103 2979 usque
2133 2905 2205 2963 ad
2237 2908 2489 2964 mortem
2521 2904 2738 2974 bennit·
2772 2908 2844 2963 Ut
2874 2924 3009 2981 1³³⁰·

390 3005 503 3060 tini
530 3006 1001 3076 ejusque-passim
1030 3023 1091 3058 in
1119 3005 1422 3060 itineribus
1466 3005 1670 3068 socius,
1727 2997 1945 3064 catum,
1979 2993 2138 3069 quod
2170 2995 2464 3069 loquendo
2498 2996 2883 3064 contraxerat,
2919 2997 3010 3052 ta-

386 3093 612 3131 necnon
637 3081 696 3130 et
720 3076 922 3131 Severo
970 3076 1289 3141 familiaris,
1334 3076 1403 3131 de
1443 3094 1558 3145 quo
1599 3077 1670 3130 cf.

386 3147 536 3202 Hist.
564 3148 651 3203 lit.
678 3148 745 3201 de
772 3149 827 3202 la
855 3148 1068 3203 France
1097 3149 1163 3212 Π,
1191 3155 1448 3205 116-19.
1476 3147 1671 3202 Post-

386 3219 427 3272 h
444 3238 483 3273 u
500 3239 555 3272 m
572 3237 605 3272 a
623 3218 751 3273 niu
768 3238 793 3272 s
818 3220 1005 3290 patria
1033 3222 1156 3273 erat
1175 3218 1518 3288 Aquitanu8‚
1546 3217 1671 3272 lite·
1726 3220 1879 3273 creto
1906 3216 2081 3271 citato
2107 3216 2307 3287 magni
2324 3217 2404 3269 fit.
2456 3216 2596 3271 Cum
2623 3232 2755 3270 vero
2783 3216 3008 3271 chilias·

389 3289 467 3344 ris
481 3290 918 3345 humanioribus
934 3291 1071 3344 satis
1087 3291 1409 3355 institutus,
1437 3290 1670 3358 quinon
1725 3293 1911 3344 tarum
1939 3305 1970 3342 ο
2015 3288 2238 3343 iniones
2266 3287 2326 3341 in
2354 3287 2453 3342 illo
2482 3287 2713 3358 dialogo
2754 3305 2868 3343 non
2894 3305 3009 3342 am-

395 3363 566 3415 semel
593 3362 1205 3433 Africam,Aegyptum
1216 3361 1669 3416 etPalaestinam
1726 3361 1896 3430 plius,
1923 3376 1984 3413 sa
2008 3365 2123 3413 tem
2150 3359 2316 3422 clare,
2358 3361 2691 3430 appareant,
2730 3358 3009 3430 suspicari

392 3431 682 3486 inviserat.
731 3432 846 3487 Diu
890 3436 1273 3487 commoratus
1307 3437 1393 3487 est
1431 3433 1585 3504 apud
1628 3449 1669 3487 s.
1726 3433 1872 3486 forte
1923 3430 2075 3496 licet,
2125 3448 2257 3485 eum
2309 3431 2514 3494 locum,
2565 3434 2798 3502 propter
2840 3448 3009 3499 quem

393 3502 804 3572 Hieronymum
829 3503 889 3557 in
918 3504 1267 3559 Bethlehem.
1318 3504 1563 3560 Rediens
1602 3521 1670 3558 ex
1726 3505 1874 3559 male
1900 3502 2176 3557 audiebat
2212 3504 2429 3563 auctor,
2468 3519 2501 3555 a
2541 3501 2795 3556 librariis
2835 3502 3010 3557 fuisse

393 3573 621 3628 Oriente
662 3575 724 3628 in
767 3574 1075 3629 Paulinum
1116 3576 1407 3631 Nolanum
1446 3574 1670 3639 incidit,
1726 3576 2018 3636 omissum,
2047 3576 2114 3627 ut
2138 3577 2197 3629 et
2222 3576 2380 3628 locus
2406 3574 2476 3627 de
2501 3573 2841 3628 antichristo
2869 3575 3010 3628 desi·

391 3645 493 3712 qui
518 3645 642 3714 ejus
668 3646 885 3700 virtute
912 3650 1113 3716 captus
1128 3646 1237 3701 iter
1256 3647 1328 3700 ad
1351 3646 1670 3717 Sulpicium
1725 3647 1959 3700 deratur
1978 3645 2041 3698 in
2062 3644 2506 3715 quamplurimis
2526 3645 2687 3701 codd.
2710 3664 2839 3698 mss.
2860 3646 3009 3699 Fieri

392 3717 657 3771 Severum
701 3717 956 3788 impense
1000 3718 1434 3780 commendavit,
1476 3735 1510 3771 a
1554 3734 1669 3786 quo
1727 3717 1901 3771 etiam
1970 3717 2139 3779 otuit,
2168 3721 2234 3770 ut
2259 3717 2642 3785 Hieronymus
2682 3717 2775 3770 vel
2800 3733 2868 3770 ex
2910 3718 3011 3770 mi-

401 3788 663 3844 benevole
692 3789 807 3844 fuit
831 3791 1102 3859 exceptus
1128 3788 1440 3859 magnique
1468 3791 1669 3843 factus.
1725 3806 1835 3842 nus
1886 3736 2040 3842 figeli
2088 3789 2333 3842 aliorum
2381 3788 2673 3852 relatione,
2722 3789 2811 3841 vel
2856 3789 3009 3856 quod

390 3858 603 3913 Iterum
629 3859 690 3913 in
720 3859 1008 3914 Orientem
1054 3862 1141 3914 est
1183 3861 1470 3931 profectus
1514 3863 1571 3914 et
1608 3859 1670 3912 in
1726 3859 1910 3914 obiter
1929 3862 2157 3913 tantum
2178 3858 2494 3929 inspexerit
2511 3859 2676 3914 illum
2697 3858 2849 3913 dialo
2896 3878 3010 3923 um,

390 3931 582 3986 reditu
625 3937 694 4000 (a.
736 3935 860 4004 405)
906 3931 1113 3986 habuit
1154 3932 1310 3986 hunc
1354 3932 1668 4002 dialogum,
1725 3948 1842 3984 non
1869 3930 2009 3984 satis
2035 3930 2267 4000 cognita
2283 3946 2453 3983 causa
2471 3929 2834 3984 Severummi
2883 3947 3011 3984 ena-

391 4018 562 4069 quem
604 4002 896 4074 Sulpicius
942 4003 1123 4058 literis
1166 4004 1564 4072 consignatum
1618 4002 1671 4055 ei
1724 4001 1827 4055 riis
1851 4001 2198 4071 adJunxerit.
2226 4003 2344 4056 lmo
2370 4018 2438 4054 ex
2465 4001 2772 4055 attentiore
2792 4001 3008 4071 dialogi

390 4072 636 4143 primum
665 4069 906 4130 Paulino
927 4074 1467 4130 communicandum
1493 4072 1668 4137 dedit,
1723 4073 1967 4128 lectione
2016 4075 2273 4143 apparet,
2325 4074 2490 4142 plura
2539 4073 2603 4125 in
2643 4090 2709 4126 eo
2749 4073 3009 4142 reperiri,

390 4143 525 4198 dein
551 4144 967 4215 divulgandum
1011 4162 1110 4216 per
1135 4147 1463 4216 Aegyptum
1507 4144 1669 4198 alias-
1725 4161 1874 4214 quae
1937 4162 2068 4198 cum
2130 4143 2582 4197 millenariorum
2635 4143 3008 4213 opinionibus

391 4232 502 4284 que
544 4215 793 4271 Orientis
831 4217 1108 4288 regiones.
1160 4217 1399 4271 Videtur
1443 4217 1668 4270 demum
1725 4233 1841 4270 non
1868 4216 2010 4269 bene
2038 4215 2359 4269 cohaerent.
2411 4213 2494 4267 Cf.
2537 4215 2645 4266 hac
2685 4214 2755 4268 de
2799 4231 2857 4267 re
2884 4213 3006 4268 fuse

390 4286 570 4342 Nolae
597 4288 844 4343 haesisse
883 4292 1059 4358 atque
1098 4305 1132 4341 a
1158 4288 1401 4342 Paulino
1448 4288 1671 4341 ordina·
1724 4287 1815 4341 dis
1857 4289 2116 4342 utantem
2162 4285 2231 4338 de
2276 4285 2499 4339 Prato
2545 4284 2606 4339 in
2645 4285 2777 4338 diss.
2805 4285 2872 4337 V.
2916 4286 3008 4339 his

391 4359 516 4412 tum
544 4376 662 4413 esse
688 4361 1103 4430 presbyterum.
1126 4359 1208 4413 Of.
1237 4360 1381 4414 Hist.
1411 4360 1496 4415 lit.
1523 4359 1668 4412 dela
1725 4358 1821 4412 dia
1852 4358 1978 4429 ogis
2004 4357 2279 4426 subjecta.

390 4427 952 4494 FrancelI‚235—9;
978 4431 1530 4485 Bardenhewer
1554 4430 1668 4483 KL.
1779 4434 1840 4555 [P
1868 4430 1951 4484 Cf.
1978 4431 2048 4483 de
2087 4431 2320 4483 auctore
2359 4429 2552 4481 nostro
2592 4427 3009 4482 Tillemont

393 4500 486 4562 XI,
515 4507 815 4561 225—227.
1724 4502 1775 4554 X
1834 4544 1846 4567 ,
1889 4506 2201 4559 586-611;
2245 4499 2476 4552 Ebert
2519 4497 2762 4568 Allgem.
2805 4499 3006 4552 Gesch.

465 4575 505 4642 ²)
533 4572 749 4628 Revera
794 4592 834 4627 s.
879 4573 1055 4627 Hier
1072 4591 1104 4627 o
1122 4592 1160 4626 n
1174 4592 1284 4642 ym
1303 4591 1338 4626 u
1357 4592 1382 4627 s
1426 4591 1565 4628 com.
1607 4573 1668 4626 in
1724 4573 1779 4626 d.
1809 4573 1917 4628 Lit.
1944 4573 2043 4626 des
2069 4571 2432 4625 Mittelalters
2474 4569 2709 4640 Leipzig
2739 4576 2877 4626 1889
2904 4573 2947 4622 t.
2979 4579 3002 4625 1

392 4639 486 4695 Ez.
511 4646 553 4697 t.
580 4643 658 4697 XI
684 4662 730 4698 c.
757 4651 825 4701 36
851 4649 1086 4716 propter
1124 4644 1317 4698 Severi
1357 4645 1666 4714 dialogum,
1722 4660 1771 4697 c.
1804 4654 1884 4701 15.
1911 4644 1996 4699 ed.
2023 4649 2088 4704 2:
2130 4642 2274 4698 Hist.
2314 4642 2491 4695 litter.
2521 4641 2589 4695 de
2617 4641 2673 4694 la
2714 4641 2910 4696 Franc.
2938 4641 3007 4705 11,

393 4713 486 4768 cui
508 4732 717 4770 nomen
741 4720 886 4771 Gaui
903 4715 1196 4786 imposuit,
1228 4732 1357 4769 eum
1388 4714 1669 4769 chiliastis
1724 4722 2002 4777 95—116;
2031 4716 2185 4769 Hier.
2212 4714 2280 4768 de
2310 4714 2351 4766 P
2368 4716 2531 4768 rato
2558 4712 2621 4765 in
2648 4712 2769 4767 vita
2783 4715 2840 4766 et
2854 4712 3007 4777 diss„

393 4786 1026 4857 accensetzffieronymi
1038 4803 1170 4841 vero
1181 4786 1565 4842 auctoritasin
1577 4788 1668 4840 de·
1724 4787 1935 4855 quibus
1961 4804 2122 4841 suam
2148 4784 2363 4840 ditavit
2387 4785 2474 4839 ed.
