3505 5161
391 216 513 270 269

1470 197 1521 252 S.
1548 195 1928 267 Augustinus.

2877 213 3000 267 270

387 388 741 445 numeratur
755 387 820 460 1),
854 384 1286 443 lucidissimum
1324 384 1667 459 praesulum
1722 382 1928 442 sertim
1978 382 2188 441 matris
2240 400 2397 452 suae,
2450 400 2601 457 quae
2633 401 2666 440 a
2696 385 2856 441 recta
2903 381 3004 440 via

389 474 717 550 speculum,
752 474 1157 533 validissimus
1178 474 1431 532 malleus
1464 473 1666 530 haere·
1722 472 2092 530 aberrantem
2123 488 2435 545 nunquam
2474 489 2712 529 monere
2743 489 3005 529 cessave-

387 564 638 622 ticorum
663 557 849 645 (8.Βο
865 582 948 622 111
964 582 1042 621 ar
1058 563 1153 621 du
1171 581 1198 621 s
1230 563 1294 621 in
1320 563 1484 625 Cant.
1504 562 1666 619 Cant.
1722 564 1834 632 rat,
1870 565 1930 619 et
1959 560 2386 619 transmarinas
2407 562 2708 636 petentem
2725 559 3002 637 regiones

390 671 564 711 serm.
617 662 697 716 80
744 671 803 713 n.
860 649 941 733 7),
1003 656 1177 710 natus
1225 653 1316 710 est
1363 651 1665 728 Tagastae,

391 741 548 815 quod
582 743 672 799 est
704 741 986 817 oppidum
1021 759 1139 800 non
1188 741 1396 815 procul
1426 740 1668 798 Madau·

388 831 473 889 ris
506 833 569 889 et
599 830 876 906 Hippone
919 829 1082 906 regio
1129 830 1331 900 situm,
1393 839 1486 891 13.
1520 828 1668 891 Nov,

391 929 538 989 354,
588 920 758 994 patre
807 920 1020 994 gentili
1071 918 1324 977 Patricio
1373 922 1434 977 et
1482 922 1671 976 matre

389 1008 710 1066 christiana
769 1007 1000 1066 Monica
1058 1007 1278 1066 femina
1324 1003 1667 1087 piissima2).

391 1098 549 1156 Puer
598 1096 902 1155 docilitate
950 1097 1175 1173 ingenii
1228 1096 1668 1170 condiscipulos

386 1187 566 1262 longe
597 1203 886 1261 superans
906 1185 1071 1244 brevi
1091 1184 1371 1244 omnibus
1402 1184 1667 1243 doctrina

387 1275 750 1335 antecelluit.
781 1275 1139 1333 Adolescens
1172 1275 1359 1333 seculi
1390 1273 1557 1333 vitiis
1591 1273 1669 1331 ir-

385 1364 606 1422 retitus
649 1363 827 1421 etiam
872 1363 936 1421 in
980 1363 1272 1422 haeresim
1304 1362 1670 1422 Manichaeo-

385 1472 518 1511 rum
552 1452 766 1511 incidit
800 1447 863 1532 (3
876 1462 907 1515 7
917 1448 983 1533 4)
1024 1452 1193 1511 vanis
1225 1471 1426 1511 eorum
1461 1452 1668 1526 decep·

386 1543 489 1600 tus
503 1541 1061 1616 pollicitationibus,
1079 1560 1141 1599 se
1156 1542 1392 1600 nullum
1407 1559 1669 1616 premere

387 1630 465 1688 ad
498 1630 677 1689 fidem
707 1630 830 1689 nisi
859 1630 1028 1706 prius
1061 1630 1298 1689 dicussa
1329 1634 1390 1689 et
1422 1630 1671 1688 enodata

387 1720 660 1781 veritate.
724 1723 930 1778 Annos
978 1738 1036 1777 n.
1095 1729 1170 1782 19
1228 1719 1668 1796 grammaticam

385 1809 593 1867 docere
625 1807 819 1883 coepit
849 1808 914 1867 in
944 1808 1139 1884 patria
1191 1826 1314 1879 sua,
1367 1826 1502 1866 mox
1535 1808 1668 1866 Car-

384 1897 631 1974 thagine
691 1897 1107 1973 eloquentiam.
1170 1898 1383 1955 Postea
1429 1897 1668 1955 Romam

385 1987 708 2061 profectus
740 1986 879 2045 inde
899 1986 1296 2045 Mediolanum
1328 1986 1546 2045 missus
1579 1988 1671 2043 est

383 2075 711 2134 rhetoricae
727 2076 1026 2151 magister.
1058 2075 1169 2133 Hic
1190 2075 1430 2133 demum
1444 2077 1668 2151 gratiae

386 2164 638 2235 divinae,
703 2183 881 2236 quam
930 2167 1138 2241 postea
1191 2163 1393 2222 doctor
1442 2163 1668 2240 gratiae

384 2258 508 2311 tam
558 2256 803 2311 strenue
854 2256 982 2311 erat
1024 2256 1530 2329 propugnaturu8‚
1574 2252 1668 2311 lu·

385 2342 546 2400 mine
577 2341 920 2400 illustratus
942 2345 1003 2400 et
1022 2342 1248 2401 virtute
1277 2342 1666 2412 confortatus,

384 2430 846 2505 cooperantibus
926 2430 1327 2489 sincerissimo
1393 2429 1667 2489 veritat-is

386 2519 608 2590 studio,
685 2519 1183 2579 instructionibus
1259 2538 1305 2577 s.
1368 2519 1670 2578 Ambrosii

385 2611 650 2684 paternis
661 2604 732 2691 3),
749 2609 1119 2668 orationibus
1136 2611 1197 2668 et
1212 2609 1487 2685 lacrymis
1500 2628 1669 2685 prae-

466 2765 503 2832 ¹)
530 2759 683 2815 Bene
710 2760 941 2813 Ebert
967 2778 1058 2831 op.
1087 2760 1182 2817 cit.
1210 2779 1254 2816 c.
1284 2767 1348 2817 9:
1392 2760 1581 2813 Wenn
1607 2759 1669 2812 in

386 2833 516 2886 dem
540 2831 834 2886 Kleeblatt
871 2832 971 2885 der
1010 2832 1133 2885 drei
1171 2849 1403 2902 grossen
1437 2832 1669 2886 Schrift-

386 2904 595 2966 stellet,
641 2903 855 2956 welche
900 2903 1052 2957 diese
1098 2904 1217 2956 und
1262 2903 1355 2957 die
1383 2902 1671 2972 Folgezeit

388 2975 783 3038 behet-rechem
819 2973 1153 3028 Ambrosius
1193 2974 1291 3029 der
1338 2973 1669 3038 Charskter,

385 3045 768 3114 Hieronymus
795 3045 896 3098 das
923 3045 1127 3099 Talent
1152 3045 1243 3108 ist,
1288 3062 1349 3099 so
1378 3048 1467 3099 Au
1512 3046 1670 3099 ustin

386 3117 488 3170 das
527 3117 722 3171 Genie.
772 3115 963 3171 Durch
1017 3116 1119 3170 ihn
1171 3116 1346 3188 gieng
1390 3134 1464 3170 811
1540 3117 1669 3170 (10111

386 3186 557 3243 Felde
610 3188 709 3241 der
764 3188 1143 3258 Spekulation
1194 3188 1286 3242 die
1337 3188 1672 3242 Herrschaft

385 3275 519 3313 vom
571 3259 980 3329 Morgenlande
1029 3260 1137 3313 auf
1180 3260 1282 3313 das
1322 3259 1667 3314 Abendland

386 3330 543 3384 uber.
569 3363 639 3373 —
658 3330 733 3383 Er
749 3329 825 3384 ist
839 3331 939 3384 der
953 3331 1097 3386 Scho
1143 3332 1227 3384 fer
1242 3332 1342 3384 der
1358 3331 1572 3385 Theolo
1617 3330 1668 3384 ie

385 3401 486 3454 der
509 3402 1033 3456 abendliindischen
1118 3402 1269 3456 'rche
1296 3403 1416 3456 und
1442 3404 1545 3456 hat
1610 3418 1669 3455 er

385 3471 835 3543 Entwickelung
897 3473 1192 3527 derselben
1256 3474 1357 3527 das
1408 3473 1667 3543 Geprage

387 3543 569 3597 seines
619 3543 840 3598 Geistes
890 3544 975 3597 als
1025 3544 1328 3598 bleibende
1392 3544 1668 3614 Signatur

384 3615 784 3685 aufgedrfickt.
801 3614 916 3668 Far
930 3615 1250 3671 bestimmte
1268 3615 1667 3686 Hauptfragen

386 3688 484 3740 der
509 3685 821 3757 Theologie
867 3704 983 3740 war
1009 3688 1129 3740 und
1158 3687 1310 3741 blieb
1336 3704 1396 3739 er
1422 3687 1515 3740 die
1541 3705 1665 3741 aus·

385 3756 768 3812 schliessliche
795 3757 1092 3812 Autoritiit
1116 3761 1219 3815 etc.
1249 3759 1334 3810 Ita
1360 3758 1432 3810 W
1450 3775 1479 3811 e
1497 3776 1524 3809 r
1540 3777 1577 3811 n
1594 3775 1622 3810 e
1640 3776 1667 3809 r

385 3826 490 3881 Die
516 3828 844 3883 Scholastik
888 3829 986 3883 des
1012 3832 1275 3900 spiiteren
1302 3829 1667 3884 Mittelalters

464 3975 503 4040 ²)
537 3970 715 4036 Quam
744 3971 995 4041 prudens
1012 3969 1191 4024 fuerit
1206 3970 1515 4041 prudentia.
1532 3987 1664 4024 sane
1720 3995 1754 4000 —-

386 4041 717 4104 christiana,
769 4040 1058 4112 significat
1104 4043 1484 4112 Augustiana,
1536 4062 1665 4098 cum

384 4112 512 4183 ipsa
536 4113 837 4167 interesset
884 4113 1066 4166 doctis
1111 4112 1266 4168 illius
1310 4131 1439 4167 011111
1468 4113 1666 4167 amicis

384 4183 503 4237 suis
529 4183 1021 4254 disputationibus
1046 4184 1115 4236 (10
1148 4186 1308 4238 beata
1329 4185 1449 4238 vita
1469 4188 1527 4238 et
1546 4202 1663 4238 sen-

386 4254 697 4309 tentiarum
724 4273 957 4309 suarum
983 4254 1264 4336 gravitate
1291 4273 1356 4311 ac
1383 4255 1666 4326 sapientia

385 4331 711 4395 praesentes
756 4328 817 4381 in
859 4326 1300 4380 admirationem
1349 4328 1665 4398 rapuisset:

387 4398 731 4452 exclamavit
744 4397 897 4452 enim
920 4419 930 4451 :
961 4399 1179 4468 „Ipsam
1199 4416 1447 4467 111-018118,
1465 4402 1665 4463 mater,

385 4485 568 4524 arcem
608 4468 1029 4552 ‘philosophiae
1091 4468 1377 4523 tenuisti.“
1445 4469 1527 4524 Cf.
1579 4471 1664 4523 ed.

1725 650 1898 724 quasi
1959 649 2284 726 fugitivum
2347 651 2635 708 assectata
2684 652 2827 718 erat,
2880 668 3003 708 non

1724 739 1875 797 citra
1904 738 2313 816 gravissimam
2350 738 2692 814 passionum
2721 756 3001 815 pugnam,

1725 828 2032 886 erroribus
2064 827 2365 898 valedixit,
2417 827 2553 885 fidei
2586 827 2906 885 catholicae
2939 845 3002 884 se

1725 917 1909 988 dedit,
1953 917 2314 992 baptismum
2363 935 2497 975 cum
2528 915 2830 974 Adeodato
2880 915 3002 974 filio

1726 1025 1852 1077 8110,
1890 1024 2076 1081 puero
2108 1006 2364 1082 optimae
2409 1004 2648 1075 indolis,
2695 1008 2755 1063 et
2785 1003 3004 1080 Alypio

1724 1094 2070 1154 fidelissimo
2121 1113 2229 1153 suo
2278 1094 2465 1153 amico
2514 1114 2548 1151 a
2593 1111 2638 1151 s.
2689 1093 3010 1152 Ambrosio

1724 1185 1952 1260 accepit
1980 1185 2045 1242 in
2075 1184 2445 1242 solemnitate
2493 1182 2752 1258 paschali
2782 1183 2907 1244 scil.
2940 1183 3011 1240 in

1724 1277 1899 1332 nocte
1936 1282 2190 1335 24-—25
2227 1274 2369 1348 Apr.
2405 1281 2550 1335 387.

1823 1461 1964 1513 147.
1998 1451 2291 1509 Reversus
2336 1450 2398 1507 in
2442 1448 2699 1508 Africam
2741 1444 2814 1529 (a.
2852 1449 3003 1525 388)

1726 1539 1998 1615 impenso
2029 1557 2162 1598 cum
2210 1538 2411 1597 studio
2443 1538 2601 1596 vitae
2633 1539 3003 1615 conjungens

1726 1628 2176 1688 sanctimoniam
2221 1648 2255 1686 a
2300 1627 2531 1685 Valerio
2564 1627 2839 1702 episcopo
2871 1626 3003 1701 hip-

1726 1718 1974 1793 ponensi
1997 1717 2307 1794 presbyter
2336 1716 2608 1792 quamvis
2633 1734 3003 1791 summopere

1724 1808 2026 1866 reluctans
2059 1807 2367 1865 ordinatus
2414 1808 2508 1864 est
2551 1825 2600 1865 a.
2649 1814 2772 1868 390
2808 1798 3008 1885 (juxta

1726 1896 1873 1955 alios
1917 1896 2089 1972 391).
2149 1896 2232 1953 Eo
2278 1898 2545 1969 tempore
2589 1893 3006 1970 religiosorum

1722 1985 1994 2043 instituit
2041 1984 2342 2056 familiam,
2408 2002 2477 2042 ex
2539 2001 2659 2058 qua
2718 1983 3005 2058 temporis

1724 2074 1898 2150 lapsu
1948 2075 2148 2132 decem
2196 2074 2408 2132 saltem
2465 2072 2816 2148 prodierunt
2876 2072 3001 2146 epi-

1725 2162 1908 2239 scopi.
1953 2162 2263 2222 Communi
2295 2161 2621 2241 utebantur
2652 2160 2881 2219 sodales
2916 2160 3006 2217 vi-

1725 2256 1844 2322 ctu,
1878 2254 2060 2326 atque
2079 2251 2449 2309 orationibus
2469 2250 2760 2324 bonisque
2793 2268 3006 2307 vacan-

1723 2344 1815 2398 tes
1847 2341 2126 2415 operibus
2146 2340 2563 2417 aegyptiorum
2583 2339 3005 2397 monachorum

1722 2430 1929 2503 vitam,
1965 2428 2160 2504 quoad
2193 2432 2486 2504 poterant,
2533 2428 3002 2486 aemulabantur.

1724 2518 1803 2576 Ut
1837 2537 1973 2577 vero
1992 2520 2227 2576 tantum
2247 2518 2585 2594 adjutorem
2603 2517 2830 2575 firmius
2863 2535 3004 2574 suae

1724 2608 2000 2667 ecclesiae
2031 2608 2304 2684 alligaret
2334 2607 2627 2676 Valerius,
2681 2607 3004 2684 Megalium

1724 2698 2113 2756 calamensem
2169 2696 2486 2755 Numidiae
2536 2696 2848 2772 primatem
2908 2695 3003 2753 in-

1725 2786 1914 2858 duxit,
1977 2789 2049 2844 ut
2097 2786 2271 2844 illum
2321 2785 2438 2843 sibi
2485 2785 2550 2843 in
2600 2785 3006 2859 coadjutorem

1723 2875 2116 2951 episcopalem
2177 2878 2543 2934 consecraret
2602 2868 2678 2952 (a.
2731 2882 2856 2934 394
2908 2873 3002 2930 vel

1728 2961 1899 3044 395).
1947 2962 2138 3032 Quare
2159 2963 2558 3039 AugustinuS‚
2592 2961 2867 3020 defuncto
2886 2960 3002 3018 Va·

1724 3053 1871 3111 lerio
1903 3072 1952 3114 a.
1989 3061 2108 3115 395
2145 3052 2241 3110 vel
2277 3061 2422 3126 396,
2458 3051 2509 3109 01
2544 3051 2605 3108 111
2639 3051 2838 3108 8οᾶοω
2869 3049 3001 3124 11111-

1725 3160 2047 3217 ponensem
2110 3141 2411 3199 successit.
2487 3138 2657 3197 Nihil
2717 3140 2822 3197 illo
2884 3137 3008 3196 fuit

1725 3230 2033 3301 humiliuS,
2067 3230 2217 3287 nihil
2239 3229 2679 3297 continentius;
2711 3229 2902 3286 lectus
2935 3246 3001 3285 ac

1724 3320 1983 3378 vestitus
2030 3318 2389 3390 moderatuS‚
2453 3318 2718 3393 vulgaris
2778 3334 3000 3387 mensa,

1724 3427 1901 3484 quam
1948 3426 2176 3483 semper
2222 3425 2385 3466 sacra
2427 3407 2603 3466 lectio
2652 3407 2744 3465 vel
2790 3406 2999 3481 dispu-

1722 3498 1876 3556 tatio
1898 3497 2225 3556 condiebat.
2271 3497 2461 3555 Tanta
2478 3495 2847 3571 benignitate
2881 3485 3006 3553 suit

1722 3587 1787 3644 in
1869 3604 2189 3662 pauperes,
2260 3589 2332 3643 ut
2411 3603 2542 3642 cum
2625 3603 2747 3642 non
2841 3594 3002 3642 esset

1722 3675 1840 3732 alia
1870 3676 2139 3742 facultas,
2174 3692 2315 3733 vasa
2346 3693 2508 3732 sacra
2539 3673 2855 3750 frangeret.
2889 3673 3001 3731 Sed

1721 3781 1841 3821 non
1881 3763 2073 3822 solum
2105 3763 2177 3822 de
2223 3783 2330 3821 sua
2376 3762 2840 3821 sollicitissimus
2884 3762 3005 3819 fuit

1721 3852 1976 3922 ecclesia,
2022 3853 2123 3910 sed
2170 3851 2243 3909 de
2274 3852 2429 3910 bono
2463 3851 2758 3910 Ecclesiae
2790 3850 3000 3909 africa-

1721 4043 2038 4110 satagerem
2065 4038 2279 4092 discere
2308 4055 2454 4107 (11180
2482 4037 2725 4101 dicebat,
2753 4038 2848 4090 sed
2877 4039 2999 4090 tan-

1721 4116 1845 4166 tum
1873 4111 2354 4180 quemadmodum
2406 4109 2633 4164 dicebat
2674 4108 2872 4161 audire
2914 4111 3002 4179 (08,

1720 4181 1866 4236 1111111
1892 4182 2106 4252 quippe
2142 4181 2261 4251 jam
2301 4179 2628 4247 desperanti
2665 4180 2734 4232 ad
2766 4181 2819 4231 te
2849 4178 3001 4232 viam

1722 4257 1916 4324 patere
1960 4252 2200 4315 homini,
2245 4251 2434 4304 inanis
2469 4267 2604 4304 cura.
2631 4255 3000 4322 remanserat)

1720 4326 2029 4380 veniebant
2067 4323 2126 4377 in
2171 4322 2424 4377 animum
2453 4339 2641 4375 meum
2670 4321 2843 4375 simul
2868 4337 2999 4375 011111

1722 4397 1909 4451 verbis
1949 4411 2094 4465 quae
2136 4393 2464 4464 diligebam,
2505 4408 2592 4445 res
2638 4393 2828 4456 etiam,
2858 4409 3002 4459 quas

1721 4467 2101 4539 negligebam.
2165 4465 2367 4533 Neque
2417 4463 2567 4517 enim
2619 4480 2686 4517 ea
2735 4463 3000 4518 dirimere

386 4557 624 4595 mauri
642 4560 678 4594 n
696 4558 728 4594 0
746 4559 772 4593 8
809 4539 872 4593 111
911 4540 1186 4594 admonit.
1226 4540 1299 4594 ad
1341 4541 1377 4593 l.
1404 4540 1473 4594 de
1502 4542 1666 4595 beata
1721 4543 1997 4621 poteram.
2048 4537 2122 4591 Et
2147 4537 2285 4591 dum
2312 4553 2407 4590 001·
2432 4533 2712 4604 aperirem
2756 4536 2828 4588 ad
2854 4534 3001 4588 exci-

388 4611 522 4665 vita.

1719 4611 1992 4693 plenduni
2042 4626 2215 4678 quam
2259 4607 2465 4661 diserte
2511 4606 2740 4670 diceret,
2785 4605 3000 4677 pariter

458 4685 498 4755 ³)
525 4682 606 4737 De
658 4681 1017 4736 sermonibus
1067 4700 1108 4735 s.
1150 4684 1269 4734 Am
1288 4682 1325 4734 b
1343 4701 1369 4734 r
1385 4699 1417 4737 o
1435 4699 1459 4736 s
1478 4681 1535 4735 ii
1583 4681 1665 4735 ita,
1721 4683 1976 4735 intrabat
2001 4685 2059 4735 et
2085 4698 2258 4749 quam
2285 4696 2415 4733 vere
2441 4676 2671 4742 diceret,
2712 4676 2998 4748 gradatim

387 4752 534 4808 inter
559 4754 674 4807 alia
702 4753 904 4808 scribit
930 4755 1090 4809 Conf.
1117 4753 1185 4817 V,
1224 4761 1316 4809 14:
1347 4754 1522 4816 „Cum
1550 4771 1665 4808 non
1722 4754 2004 4822 quidem.“
2061 4751 2145 4807 Cf.
2172 4750 2346 4805 etiam
2373 4768 2417 4805 0.
2452 4757 2514 4806 13
2541 4753 2599 4802 et
2625 4749 2718 4814 VI,
2751 4756 2796 4804 1.
