3505 5161
397 262 519 313 409

400 427 682 510 (Migne
715 427 865 498 LIII,
903 431 1342 506 967—1012).
1379 463 1463 473 --
1498 432 1675 489 Gen·

396 537 437 576 n
452 518 533 576 ad
550 519 571 576 i
588 538 629 576 u
645 537 673 577 s
726 558 752 586 »
767 518 1289 596 constantinopolit
1301 538 1446 578 anae
1492 519 1678 578 eccle-

399 607 519 665 siae
552 607 817 683 pontifex
864 602 1293 689 (458-471),
1341 609 1433 667 vir
1473 608 1681 686 lingua

400 696 627 756 nitidus
659 700 720 755 et
751 696 990 773 ingenio
1035 716 1184 766 acer,
1232 701 1353 755 tam
1398 697 1563 756 dives
1609 717 1678 756 ex

395 786 642 845 lectione
674 786 1057 861 antiquorum
1091 784 1226 856 suit,
1271 790 1341 844 ut
1373 787 1676 846 Danielem

396 875 743 950 prophetam
777 893 845 932 ex
877 875 1112 951 integro
1143 874 1216 933 ad
1238 875 1484 933 verbum
1518 894 1675 934 com-

395 967 695 1022 mentatus
756 967 1089 1039 exponeret.
1154 963 1445 1022 Homilias
1495 965 1676 1023 etiam

391 1053 614 1111 multas
634 1053 963 1127 composuit
981 1047 1026 1134 ¹)
1039 1060 1067 1089 ‘
1088 1072 1101 1111 :
1122 1071 1352 1111 necnon
1367 1056 1673 1126 expositio-

393 1160 519 1199 nem
552 1142 937 1217 epistolarum
987 1160 1031 1199 s,
1066 1142 1253 1214 Pauli,
1298 1161 1452 1218 quae
1484 1143 1672 1219 perie-

390 1234 554 1292 runt.
616 1229 864 1290 Genadii
895 1249 1111 1289 nomen
1144 1231 1300 1290 haud
1331 1249 1463 1289 raro
1517 1250 1673 1290 com-

391 1323 562 1394 paret
593 1320 771 1378 etiam
803 1320 867 1377 in
898 1320 1121 1378 catenis
1151 1320 1213 1377 in
1233 1320 1428 1379 varios
1451 1339 1494 1382 s,
1519 1320 1672 1380 Scri·

390 1411 604 1483 pturae
633 1408 836 1471 libros⁸
868 1408 1178 1484 Ejusmodi
1197 1407 1526 1486 fragmenta
1555 1410 1670 1468 sal-

388 1502 509 1555 tem
558 1496 744 1557 dubia
786 1498 1031 1556 collecta
1081 1498 1260 1556 habes
1313 1500 1373 1556 in
1419 1498 1671 1576 Migne

389 1586 453 1644 P.
475 1587 540 1645 G.
573 1585 844 1655 LXXXV,
876 1595 1328 1655 1621—1734,
1363 1578 1468 1645 ubi
1489 1588 1667 1646 etiam

389 1676 629 1748 epistola
662 1682 847 1733 exstat
878 1676 1159 1752 encyclica
1191 1675 1405 1752 synodi
1424 1696 1670 1752 magnae

388 1764 1067 1840 constantinopolitanae
1088 1764 1201 1823 sub
1221 1786 1271 1825 a.
1291 1774 1368 1827 45
1381 1776 1415 1827 9
1434 1765 1670 1824 habitae

387 1855 593 1911 contra
624 1853 935 1912 simoniam
986 1853 1051 1912 in
1084 1854 1456 1913 conferendis
1490 1854 1670 1913 sacris

385 1941 699 2001 ordinibus
748 1939 851 2021 (ib.
907 1952 1203 2005 1613-2
1217 1937 1299 2022 2).
1364 1943 1487 2003 Sub
1538 1944 1668 2018 ejus

386 2030 626 2091 nomine
658 2030 847 2089 edidit
864 2031 997 2089 Alb.
1029 2031 1223 2090 Jahn
1257 2032 1321 2090 in
1352 2032 1671 2091 Anecdotis

387 2120 610 2196 graecis
642 2119 991 2195 theologicis
1012 2120 1322 2198 Dialoyum
1344 2121 1670 2181 Christiani

386 2227 515 2267 cum
546 2208 776 2267 Judaeo
826 2209 950 2267 sive
997 2210 1418 2268 refutationem
1449 2211 1666 2269 erroris

377 2297 605 2371 judaici
672 2302 732 2355 et
800 2297 1065 2373 ejusdem
1114 2300 1383 2358 delectum
1423 2300 1666 2374 prophe-

384 2388 605 2444 tim-um
636 2386 710 2444 de
744 2385 988 2455 Christo,
1020 2385 1258 2461 Lipsiae
1301 2398 1482 2451 1893.
1514 2388 1664 2446 Eum

384 2474 669 2533 adversus
702 2476 990 2551 Cyrillum
1009 2476 1154 2535 alex.
1175 2476 1314 2535 stilo
1334 2476 1669 2535 vehementi

385 2563 686 2640 scripsisse
723 2560 796 2647 (c.
828 2585 878 2623 a.
901 2573 1017 2627 431
1051 2565 1146 2624 vel
1170 2560 1324 2646 432)
1360 2565 1668 2643 colligitur

383 2672 450 2711 ex
483 2653 848 2730 fragmentiS,
895 2673 1046 2729 quae
1092 2655 1343 2713 Facun
1366 2655 1499 2714 dus
1534 2657 1665 2714 her-

383 2743 701 2801 miniansis
731 2743 808 2813 11,
845 2753 880 2804 4
915 2743 1176 2802 adducit.

475 2930 619 2983 230.
636 2921 680 2979 Τ
696 2921 736 2979 h
752 2940 782 2979 e
797 2941 832 2980 o
848 2918 886 2976 d
899 2921 1056 2979 olus
1073 2916 1456 3002 (Theodulus,
1478 2921 1662 2979 Theo-

382 3005 586 3091 dorus)
619 3011 933 3086 presbyter
961 3010 1027 3067 in
1047 3009 1376 3086 Coelesyria
1387 3008 1436 3090 Β)
1472 3009 1661 3067 disse-

381 3099 506 3157 ruit
554 3099 623 3157 de
652 3101 1029 3158 consonantia
1060 3101 1291 3157 divinae
1321 3098 1663 3174 Scripturae

380 3186 665 3247 adversus
698 3188 979 3264 antiquos
1013 3188 1354 3257 haereticos,
1389 3188 1495 3263 qui
1527 3205 1662 3262 pro·

380 3279 514 3351 pter
533 3276 928 3335 differentiam
949 3280 1396 3351 praeceptorum
1417 3276 1513 3335 vel
1534 3294 1660 3335 cae-

379 3366 777 3423 remoniarum
795 3366 979 3424 alium
995 3365 1061 3422 V.
1079 3365 1441 3423 Testamenti
1455 3366 1659 3435 Deum,

379 3454 567 3513 alium
598 3472 728 3513 esse
760 3455 911 3513 Novi
944 3454 1333 3512 contendunt.
1385 3453 1663 3513 Ostendit

379 3546 579 3602 eutem
644 3581 671 3612 ‚
687 3543 1159 3618 dispensationes
1232 3542 1416 3600 fuisse
1478 3543 1660 3601 unius

379 3632 768 3706 eiusdemque
830 3631 956 3700 Dei,
1021 3632 1279 3691 auctoris
1340 3631 1658 3706 utriusque

380 3719 739 3796 Scripturae‚
773 3724 845 3779 ut
867 3720 983 3778 alia
1001 3739 1107 3795 per
1129 3720 1370 3796 Moysen
1391 3720 1658 3795 antiquis

377 3809 620 3868 daretur
640 3809 734 3868 lex
755 3810 818 3866 in
839 3809 1258 3868 sacrificiorum
1275 3809 1659 3868 caeremoniis

457 4022 491 4082 ²)
523 4013 962 4067 Gennadius
989 4013 1059 4067 de
1087 4013 1175 4066 vir
1204 4014 1352 4067 ill.c.
1373 4021 1472 4072 89;
1503 4014 1660 4066 Bar-

377 4084 780 4138 denhewer
806 4094 832 4150 ς’
860 4092 928 4141 99
956 4103 1010 4138 n.
1038 4093 1088 4141 3.

453 4161 492 4220 ²)
521 4155 569 4209 D
585 4174 619 4208 a
635 4156 672 4209 d
681 4157 707 4226 j
724 4172 753 4208 e
771 4174 796 4208 s
813 4174 868 4219 u,
911 4156 1013 4223 qui
1053 4155 1334 4210 Catholici
1376 4154 1660 4225 dignitate

375 4228 529 4282 rexit
553 4226 846 4281 ecclesiam
889 4227 1290 4281 seleuciensem
1321 4235 1659 4298 [full—456),

377 4298 475 4351 sed
501 4298 766 4352 Nestorio
794 4298 1058 4352 addictus
1091 4297 1274 4352 edidit
1315 4298 1374 4351 in
1401 4315 1553 4352 conc.
1584 4317 1661 4352 se·

376 4368 653 4450 leuciensi
679 4372 822 4451 (430)
852 4370 1042 4438 plures
1058 4386 1301 4423 canones
1319 4369 1658 4450 scripsitque

369 4440 811 4576 ffiss‘fflfffssss
831 4457 952 4565 ³150?
969 4441 1660 4580 et⁰s¹3ffi¹1¹3225⁸331331

379 4583 491 4639 hue
540 4584 742 4638 latent.
824 4584 874 4635 ¹f.
920 4582 1158 4636 Duval
1206 4583 1261 4635 la
1307 4583 1502 4637 Litter.
1551 4602 1660 4652 syr.

1013 242 1295 307 Salonine,
1324 244 1671 303 Gennadius.
1700 244 2040 306 Theodolus‚
2071 240 2393 296 Euthalius.

2886 263 3010 315 410

1735 435 1798 491 et
1820 429 2183 507 judiciorum
2234 426 2864 498 animadversionibuS,
2898 428 3017 487 alia

1733 521 1909 579 nobis
1941 537 2045 594 per
2077 517 2293 576 Christi
2323 517 2719 594 praesentiam
2752 516 2815 575 in
2837 518 3016 576 sacris

1734 607 2037 685 mysteriis
2071 610 2131 665 et
2162 606 2384 666 futuris
2416 605 3010 682 repromissionibus;

1732 716 1843 757 nec
1876 697 2109 755 diversa
2140 695 2298 754 credi
2349 695 2561 753 debere
2605 698 2711 753 aut
2740 713 2860 752 non
2889 714 3012 755 uno

1736 787 1962 863 Spiritu
1992 795 2054 844 et
2071 803 2193 844 uno
2216 788 2456 844 auctore
2475 784 2710 854 dictata,
2734 784 3013 853 camilla,

1734 894 1888 950 quae
1921 876 1972 934 si
2004 875 2176 933 modo
2197 874 2519 932 secundum
2538 873 2774 931 literam
2808 872 3009 931 obser-

1731 970 2032 1033 varentur,
2055 963 2403 1029 occiderent,
2423 962 2624 1021 eadem
2644 962 2772 1036 ipsa
2803 979 3013 1021 secun-

1731 1053 1876 1112 dum
1897 1053 2176 1129 spiritum
2200 1051 2508 1110 intellecta
2527 1049 2844 1113 vivificent.
2859 1059 2887 1088 ‘
2922 1052 3015 1110 Ita

1732 1142 2182 1201 Gennadius
2215 1160 2261 1200 c.
2299 1151 2397 1202 90.
2460 1140 2572 1199 Hic
2612 1143 2815 1198 tamen
2844 1141 2882 1199 1.
2916 1141 3008 1199 in-

1730 1232 2000 1290 tercidit:
2052 1249 2227 1306 porro
2278 1224 2546 1310 auctor1)
2612 1229 2815 1288 floruit
2865 1248 2910 1291 c.
2962 1250 3015 1287 a.

1732 1331 1882 1383 490.
1914 1352 2001 1363 -
2033 1318 2459 1377 Euthalius
2504 1318 2786 1376 diaconus
2832 1337 3013 1396 aegy-

1729 1410 1917 1485 ptius,
1952 1409 2124 1484 cujus
2172 1408 2322 1465 forte
2369 1407 2523 1465 sacta
2567 1410 2660 1465 est
2689 1407 2914 1467 mentio
2947 1409 3010 1466 in

1729 1516 1890 1560 conc.
1905 1496 2355 1556 chalcedonensi
2388 1496 2659 1574 (Mansi
2692 1495 2789 1565 VI,
2819 1493 3008 1573 1096)

1726 1590 1934 1662 postea
1994 1586 2306 1662 episcopus
2357 1584 2647 1644 sulcensis
2696 1584 2791 1643 vel
2854 1585 3013 1660 psel-

1727 1676 1960 1735 chensis
2020 1674 2288 1751 epistolis
2338 1693 2385 1733 s.
2429 1674 2598 1732 Pauli
2648 1673 3011 1751 singularem

1727 1765 1969 1824 navavit
2002 1782 2240 1840 operam
2275 1758 2477 1845 (458).
2539 1761 2661 1821 Has
2694 1762 2852 1820 enim
2885 1762 3008 1838 pri-

1726 1873 1908 1924 mum,
1942 1871 2050 1912 nee
2079 1853 2273 1911 multo
2316 1856 2456 1929 post
2485 1854 2669 1910 Actus
2713 1851 3012 1927 apostolo—

1727 1962 1865 2002 rum
1895 1947 2074 2017 atque
2107 1942 2393 2017 epistolas
2415 1940 2731 1999 catholicas
2750 1940 2823 1998 sd
2843 1938 3011 2002 codd.

1725 2032 1978 2091 celebris
2009 2030 2401 2089 bibliothecae
2420 2029 2800 2089 caesariensis
2834 2029 3006 2087 alios-

1723 2139 1841 2195 que
1873 2120 2129 2179 contulit
2159 2119 2613 2193 emendavitque
2657 2124 2717 2176 et
2756 2118 3011 2193 insuper

1725 2210 2006 2267 distinxit
2051 2210 2115 2266 in
2166 2226 2370 2267 versus
2419 2203 2687 2291 (στίχοι),
2721 2207 2786 2264 in
2818 2206 3009 2282 capita

1723 2299 1838 2374 maj
1845 2318 1945 2357 ora
1956 2302 2017 2356 et
2026 2298 2270 2367 minora,
2289 2294 2466 2381 (quae
2481 2295 2786 2355 distinctio
2803 2295 3007 2354 multis

1723 2391 1931 2463 postea
1962 2387 2180 2445 seculis
2227 2382 2536 2467 obtinuit),
2583 2384 2837 2461 denique
2883 2403 3008 2442 om-

1723 2477 1896 2534 nium
1942 2476 2220 2545 locorum,
2270 2475 2375 2550 qui
2420 2492 2489 2532 ex
2519 2473 2587 2532 V.
2621 2473 3004 2532 Testamento

1722 2565 1975 2641 aliisque
1994 2569 2127 2623 tum
2160 2564 2345 2624 sacris
2378 2566 2510 2623 tum
2541 2561 2801 2639 profanis
2832 2562 3007 2622 libris

1722 2674 1757 2712 a
1787 2656 1945 2713 Luca
1975 2655 2228 2728 aliisque
2260 2652 2681 2730 hagiographis
2725 2652 2794 2710 N.
2827 2652 2888 2710 Τ.
2922 2652 3005 2711 ci·

1720 2746 1946 2813 tantur,
2009 2741 2307 2817 duplicem
2367 2741 2563 2800 texuit
2640 2741 3008 2816 catalogum;

1720 2832 2000 2909 prologos
2032 2830 2211 2889 etiam
2232 2830 2485 2889 Actibus
2518 2829 2925 2905 apostolorum
2946 2831 3008 2886 et

1720 2920 1990 2996 epistolis
2052 2919 2344 2994 praefixit,
2407 2917 2514 2976 ubi
2575 2917 2846 2975 instituti
2909 2917 3006 2975 sui

1718 3008 1918 3068 reddit
1949 3008 2256 3067 rationem.
2319 3005 2431 3075 Qui
2465 3005 2631 3065 labor
2662 3024 2768 3081 pro
2800 3005 3009 3063 critica

1801 3309 1834 3372 ¹)
1866 3299 2771 3362 Aliusabeoest'l'heodoluS,
2797 3299 2866 3352 de
2888 3317 3005 3367 quo

1720 3373 2050 3444 Sigebertus
2077 3371 2494 3443 gemblacensis
2532 3371 2602 3424 de
2644 3369 2837 3439 script.
2864 3371 3000 3424 ecel.

1718 3463 1765 3499 c.
1801 3453 1898 3502 134
1923 3445 2063 3498 haec
2089 3443 2291 3497 refert:
2346 3442 2520 3506 „Cum
2548 3442 2791 3496 Athenis
2817 3442 3004 3495 stude·

1716 3519 1821 3580 ret,
1833 3515 2064 3569 audivit
2074 3513 2320 3586 gentiles
2332 3532 2462 3568 cum
2480 3513 2821 3582 Christianis
2836 3513 3003 3566 alter-

1716 3590 1943 3643 cantes:
1969 3603 2214 3655 quorum
2242 3586 2517 3656 colligens
2544 3585 2794 3639 rationes
2819 3601 3004 3638 rever-

1717 3677 1812 3713 sus
1840 3657 2090 3712 contulit
2131 3657 2191 3711 in
2230 3657 2598 3727 allegoricam
2626 3659 2878 3724 Ecloyam
2918 3656 3002 3709 in·

1717 3730 2023 3783 troducens
2062 3729 2206 3783 duas
2245 3745 2514 3798 personas
2553 3727 2911 3788 altercantes,
2946 3731 3007 3780 et

1716 3800 1947 3854 tertiam
1974 3801 2044 3852 de
2073 3799 2315 3853 duarum
2343 3799 2514 3853 dictis
2553 3799 3002 3868 dijudicantem:

1713 3871 1961 3942 primam
1988 3887 2197 3925 vocans
2224 3870 2489 3924 Pseustin
2530 3887 2564 3922 a
2604 3870 2856 3925 falsitate
2884 3869 2995 3924 dic·

1716 3947 1852 4006 tam,
1879 3943 2133 3995 humana
2161 3945 2219 3994 et
2245 3942 2511 3995 fabulosa
2554 3943 2999 4012 proponentem:

1715 4013 2028 4068 secundum
2056 4011 2351 4074 Anthium,
2378 4012 2577 4064 divina
2597 4015 2656 4066 et
2676 4029 2810 4065 vera
2830 4029 3002 4081 oppo-

1715 4087 1964 4145 nentem;
1992 4083 2224 4137 tertiam
2253 4082 2588 4136 Phronesim
2623 4101 2657 4135 a
2692 4082 3000 4152 prudentia

1715 4156 1947 4218 dictam,
1974 4172 2075 4225 per
2101 4172 2275 4223 quam
2302 4154 2478 4207 dubia
2505 4153 2909 4206 examinantur
2926 4192 2937 4203 .
2956 4193 2967 4205 .
2986 4193 2997 4205 .

1716 4228 1947 4281 Titulus
1962 4227 2137 4296 hujus
2163 4226 2201 4280 l.
2230 4228 2317 4278 est
2334 4225 2544 4305 Ecloga
2571 4223 2868 4278 Theoduli.
2892 4224 2999 4276 Hic

1715 4300 1823 4352 sub
1839 4298 2086 4354 clericali
2102 4314 2299 4352 norma
2317 4295 2462 4349 obiit
2477 4298 2784 4348 immatura
2802 4297 2997 4358 morte,

1715 4375 1773 4423 et
1799 4371 1927 4424 ideo
1955 4370 1991 4423 1.
2021 4386 2187 4423 suum
2216 4385 2330 4422 non
2352 4366 2730 4420 emendavit.“
2762 4399 2829 4406 —
2857 4365 2997 4418 Tri-

1717 4443 1842 4495 the
1861 4441 2050 4494 mius
2093 4444 2283 4493 tamen
2320 4438 2389 4491 de
2434 4436 2628 4506 script.
2657 4436 2793 4490 ecel.
2821 4455 2865 4489 c.
2898 4445 2997 4491 185

1716 4530 1848 4566 eum
1875 4529 2006 4566 cum
2033 4515 2227 4565 nostro
2254 4509 2601 4565 confundere
2644 4508 2891 4570 videtur,
2918 4524 2995 4560 re·

1716 4584 1903 4637 ferens
1949 4599 2078 4637 eum
2123 4583 2185 4636 in
2213 4580 2591 4648 coelesyriam
2639 4597 2755 4633 esse
2785 4577 2996 4649 profec-

378 4671 506 4725 pag.
535 4662 622 4711 82.
653 4660 770 4718 176,
800 4653 902 4722 qui
927 4653 1172 4708 aliorum
1213 4655 1459 4708 duorum
1487 4656 1659 4722 hujus
1715 4658 1841 4709 tum
1868 4655 2069 4722 ibique
2109 4656 2324 4709 factum
2364 4653 2757 4722 presbyterum
2799 4653 2857 4703 et
2881 4648 2997 4719 epi-

377 4725 624 4781 nominis
641 4745 696 4795 p.
717 4733 832 4781 156.
866 4732 964 4781 180
989 4727 1048 4779 et
1071 4731 1195 4789 239,
1222 4724 1319 4793 qui
1346 4726 1663 4779 floruerunt
1717 4744 1952 4796 scopum
1980 4726 2149 4793 eique
2186 4723 2444 4778 tribuens
2470 4724 2504 4779 l.
2546 4727 2611 4777 de
2650 4725 3000 4777 consonantia

377 4800 620 4851 exeunte
654 4812 759 4849 sec.
791 4797 883 4859 VI,
912 4796 1192 4849 meminit.

1719 4803 2149 4866 Scripturarum.
