3505 5161
1681 1488 1914 1585 XII.

818 1671 1370 1807 Scriptores
1438 1667 2086 1779 ecclesiastici
2139 1667 2452 1776 seculi
2506 1666 2768 1776 VIII.

1184 1868 1400 1963 Pars
1468 1867 1724 1984 prior
1768 1867 1850 1981 (7
1869 1872 2162 1961 01——7
2182 1872 2355 1978 50).

579 2275 721 2328 348.
757 2265 903 2322 Tota
936 2264 1040 2321 hac
1074 2264 1261 2339 priori
1292 2281 1402 2322 sec.
1425 2262 1564 2321 VIII
1597 2267 1767 2338 parte
1795 2264 1798 2339 j

483 2373 642 2412 unus
676 2373 814 2429 prae
847 2353 1059 2411 ceteris
1079 2352 1371 2429 theologis
1405 2352 1644 2426 speciali
1678 2355 1766 2409 at-

483 2444 754 2502 tentione
775 2441 994 2518 dignus
1015 2446 1108 2500 est
1129 2462 1181 2500 v.
1216 2444 1261 2499 B
1280 2461 1309 2500 e
1327 2442 1361 2498 d
1380 2460 1412 2498 a
1428 2436 1476 2521 ²)
1501 2436 1766 2521 (Raetia),

486 2531 766 2592 ecclesiae
813 2532 1156 2607 anglicanae
1202 2533 1421 2599 lumen,
1475 2531 1652 2588 natus
1701 2530 1766 2588 in

486 2623 613 2680 vico
664 2622 888 2679 Scotiae
935 2622 1270 2696 propinquo
1318 2620 1565 2678 Girvum
1611 2619 1764 2695 (ver-

483 2711 693 2769 nacule
715 2712 931 2786 Gyrwy
965 2729 1068 2768 seu
1091 2711 1129 2767 J
1132 2704 1341 2789 arrow)
1375 2708 1531 2766 dicto
1565 2729 1613 2770 a.
1638 2719 1763 2769 674

481 2795 679 2881 (juxta
700 2800 847 2857 alios
868 2802 1137 2856 auctores
1159 2799 1335 2856 etiam
1357 2815 1567 2874 graves
1593 2808 1669 2859 67
1683 2793 1766 2877 2).

486 2890 629 2947 Cum
662 2892 821 2947 esset
865 2908 915 2946 a.
965 2891 1191 2963 septem
1228 2905 1368 2944 cura
1399 2886 1766 2961 propinquo-

483 2998 617 3036 rum
650 2978 823 3034 datus
855 2980 947 3034 est
979 2976 1320 3034 educandus
1353 2975 1555 3033 abbati
1576 2977 1764 3032 Bene·

485 3067 659 3136 diem,
694 3085 758 3123 ac
786 3065 1000 3123 deinde
1021 3065 1328 3133 Ceolfrido,
1365 3067 1764 3138 cunctumque

485 3174 555 3212 ex
600 3173 667 3212 eo
714 3159 951 3229 tempus
1003 3155 1066 3212 in
1110 3154 1378 3229 ejusdem
1425 3139 1794 3211 monasterii*

484 3244 797 3320 girwensis
830 3243 1193 3301 habitatione
1226 3242 1475 3318 peregit.
1537 3242 1762 3300 Ibidem

484 3351 718 3390 omnem
762 3332 1119 3391 meditandis
1155 3331 1477 3406 Scripturis
1526 3348 1763 3404 operam

484 3422 665 3491 dedit,
688 3425 867 3495 atque
888 3422 1046 3479 inter
1065 3421 1472 3479 observantias
1493 3419 1762 3494 discipli-

486 3529 595 3567 nae
626 3510 919 3585 regularis
953 3513 1011 3567 et
1046 3510 1452 3583 quotidianam
1485 3508 1792 3586 cantandi⁴

484 3600 549 3656 in
590 3599 833 3656 ecclesia
865 3617 1081 3665 curam,
1130 3617 1361 3674 semper
1405 3601 1511 3655 aut
1541 3598 1792 3660 discere

482 3690 591 3745 aut
624 3688 829 3744 docere
876 3689 982 3744 aut
1028 3687 1283 3746 scribere
1324 3688 1497 3745 dulce
1530 3681 1793 3778 habuit]

486 3776 734 3833 Nullum
758 3776 873 3834 fuit
894 3776 1039 3834 artis
1061 3781 1166 3835 aut
1188 3776 1535 3850 disciplinae
1555 3793 1763 3851 genu8‚
1789 3781 1792 3812 l

486 3865 548 3923 in
596 3884 712 3939 quo
757 3865 849 3922 vir
888 3865 1152 3923 discendi
1188 3865 1397 3922 avidus
1429 3883 1551 3922 non
1583 3864 1767 3922 fuerit

483 3953 943 4029 diligentissime
988 3957 1293 4012 versatus:
1345 3954 1407 4010 in
1458 3956 1629 4026 cujus
1680 3972 1767 4010 rel

483 4042 817 4101 subsidium
849 4044 1027 4102 etiam
1057 4061 1323 4119 graecam
1346 4043 1616 4118 linguam
1650 4042 1765 4099 sibi
1793 4083 1794 4094 ,

483 4137 939 4206 comparaverat.
1014 4132 1251 4190 Decimo
1301 4150 1458 4189 nono
1510 4131 1665 4189 vitae
1715 4151 1765 4187 a.

564 4342 597 4408 ¹)
628 4337 884 4390 Fuerunt
910 4338 1064 4391 hand
1101 4341 1273 4407 longo
1302 4341 1556 4405 tempore
1584 4338 1657 4390 ab
1684 4337 1766 4391 in-

484 4409 666 4463 vicem
691 4409 963 4462 summoti
990 4410 1103 4463 duo
1130 4409 1233 4463 alii
1262 4408 1373 4462 viri
1398 4408 1443 4460 B
1462 4425 1490 4461 e
1508 4409 1543 4461 d
1561 4425 1594 4460 a
1614 4425 1642 4460 e
1672 4425 1767 4461 uo-

484 4480 636 4532 mine
664 4480 942 4549 appellati
964 4502 973 4532 :
1002 4479 1183 4548 Major
1210 4480 1363 4533 Beda
1390 4481 1683 4548 presbyter
1710 4483 1768 4531 et

483 4551 793 4604 monachus
820 4551 1275 4605 lindisfarnensis
1301 4568 1335 4603 a
1360 4550 1515 4604 Beda
1540 4550 1601 4603 in
1636 4551 1763 4604 Vita
1791 4551 1792 4616 j

483 4639 525 4675 s.
555 4621 857 4675 Cuthberti
899 4640 944 4674 e.
980 4629 1047 4678 37
1087 4623 1372 4676 laudatus.
1427 4624 1586 4677 Alter
1611 4622 1766 4675 Beda

484 4692 674 4814 {Dar-gli
702 4693 775 4748 M.
803 4693 1060 4760 aequalis
1107 4699 1171 4745 ut
1198 4695 1511 4747 monachus
1538 4696 1767 4748 sanctus

508 4779 581 4814 au
626 4765 774 4814 atur.

1827 2262 2218 2329 diaconatum,
2254 2260 2553 2319 tricesimo
2578 2260 2827 2336 gradum
2860 2259 3107 2335 presby-

1825 2354 2052 2408 teratus
2087 2350 2353 2424 suscepit
2398 2352 2459 2407 et
2503 2369 2569 2407 ex
2603 2367 2670 2406 eo
2704 2352 2968 2423 tempore
3001 2367 3106 2407 us-

1824 2458 1940 2514 que
1973 2439 2045 2497 ad
2087 2459 2136 2497 a.
2182 2439 2393 2497 aetatis
2427 2457 2568 2497 suae
2603 2448 2680 2500 59
2716 2437 2878 2495 varia
2909 2439 3108 2513 coepit

1825 2528 1887 2586 in
1921 2528 2283 2604 Scripturam
2331 2546 2374 2588 s,
2421 2546 2560 2586 suae
2607 2545 2970 2601 suorumque
3000 2545 3108 2585 ne-

1825 2618 2089 2676 cessitati
2127 2618 2414 2692 opuscula
2458 2635 2837 2692 componere:
2893 2616 2994 2674 sed
3044 2622 3108 2675 et

1823 2707 2094 2781 patribus
2122 2706 2566 2765 addictissimus
2600 2706 2733 2774 fuit,
2767 2706 2853 2762 ita
2883 2708 2954 2763 ut
2985 2724 3106 2764 non

1823 2800 1942 2854 tarn
1978 2813 2127 2853 nova
2159 2796 2389 2853 cuderit
2433 2814 2626 2870 opera,
2673 2813 2849 2869 quam
2897 2813 2966 2852 ex
3011 2794 3102 2870 ip-

1825 2903 2023 2943 sorum
2101 2885 2502 2942 monumentis
2580 2883 2935 2942 collectanea
3005 2903 3105 2940 ex·-

1823 2975 2112 3049 cerpsisse
2144 2973 2415 3031 videatur
2447 2977 2626 3047 atque
2659 2973 2745 3029 ita
2777 2973 3105 3030 transfudit

1821 3063 2134 3121 thesauros
2167 3062 2521 3120 eruditionis
2542 3061 2966 3120 ecclesiasticae
2999 3081 3105 3119 an-

1821 3152 2027 3226 tiquae
2059 3151 2280 3209 canalis
2315 3152 2503 3209 instar
2533 3151 2734 3209 uberis
2769 3151 2830 3207 in
2855 3151 3104 3226 Angliae

1821 3243 2029 3316 gentes
2071 3242 2383 3315 totumque
2404 3240 2663 3298 medium
2683 3258 2913 3308 aevum,
2935 3241 3106 3314 cujus

1820 3330 2106 3405 magister
2138 3329 2253 3386 dici
2287 3333 2482 3404 potest
2499 3325 2563 3408 1).
2622 3329 2851 3386 Morum
2886 3329 3105 3386 sancti-

1900 3558 1934 3622 1)
1965 3553 2052 3605 Ad
2100 3569 2216 3605 rem
2263 3552 2381 3604 We
2401 3569 2527 3605 rue
2547 3570 2574 3604 r
2619 3552 2768 3605 Beda
2822 3552 2922 3604 der
2966 3550 3108 3604 Ehr-

1822 3624 2080 3692 wiirdige
2109 3624 2226 3676 und
2256 3625 2410 3677 seine
2440 3623 2577 3676 Zeit.
2605 3622 2775 3677 Wien
2807 3625 2942 3679 1875
2971 3639 3104 3693 pag.

1821 3703 1888 3751 35
1911 3718 1920 3748 :
1959 3695 2070 3747 Ffir
2097 3694 2201 3748 ihn
2228 3694 2495 3749 handelte
2523 3713 2580 3747 es
2606 3695 2728 3747 sich
2757 3694 2920 3747 nicht
2945 3695 3109 3747 mehr

1822 3767 1950 3838 (wie
1977 3767 2069 3819 fiir
2096 3767 2293 3837 Isidor)
2316 3766 2416 3819 das
2438 3769 2565 3820 Alte
2586 3766 2706 3819 und
2729 3755 3106 3819 Uberlieferte

1821 3857 1892 3891 zu
1921 3840 2193 3893 sammeln
2236 3856 2331 3890 um
2373 3853 2430 3889 es
2457 3856 2525 3890 zu
2553 3840 2738 3891 retten
2781 3836 2898 3890 und
2927 3854 2997 3890 zu
3025 3854 3110 3890 er·

1750 3954 1760 3963 .
1821 3910 2033 3972 halben,
2056 3910 2190 3963 oder
2211 3908 2555 3978 wenigstens
2575 3908 2668 3963 die
2689 3908 2894 3962 Kunde
2915 3908 3106 3961 davon

1822 3981 1933 4034 den
1995 3981 2455 4050 uachfolgenden
2518 3979 2959 4034 Geschleohtern
3033 3997 3106 4033 zu

1823 4052 2206 4114 iibermitteln‚
2254 4051 2499 4105 sondern
2549 4051 2640 4104 die
2691 4068 2796 4105 aus
2835 4050 2964 4104 dem
3004 4050 3108 4105 Zu-

1823 4123 2294 4176 sammenbruohe
2322 4123 2422 4176 der
2447 4124 2604 4176 alten
2633 4123 2977 4176 Culturwelt
3053 4140 3108 4176 e-

1823 4196 2066 4248 retteten
2110 4195 2228 4247 und
2269 4194 2530 4247 erhalten
2575 4194 2952 4263 gehliebenen
3042 4194 3107 4248 il·

1823 4265 2238 4334 dungsschiitze
2268 4266 2386 4319 und
2407 4264 2620 4318 Bildun
2664 4265 2880 4320 amittel
2899 4266 2992 4317 fiir
3011 4264 3107 4319 die

1823 4337 2053 4390 Zwecke
2081 4337 2178 4390 des
2215 4336 2586 4391 christliche-n
2615 4285 3008 4390 guterrichtes
3034 4355 3107 4389 zu

1823 4408 2180 4472 verwenden,
2230 4409 2470 4463 welches
2516 4408 2608 4461 die
2654 4407 2960 4489 Unterlage
3006 4408 3107 4461 des

1822 4478 2299 4550 Bildungslebens
2315 4480 2415 4533 der
2430 4481 2647 4548 jungeu
2668 4478 3106 4550 germanischen

1822 4551 1980 4604 Welt
2027 4569 2096 4604 zu
2157 4550 2383 4604 werden
2446 4551 2741 4604 bestimmt
2793 4567 2925 4603 war.
2998 4549 3106 4603 Die

1823 4624 2087 4692 Anffinge
2151 4623 2333 4676 dieses
2387 4639 2571 4675 neuen
2623 4621 2837 4675 Bildun
2883 4621 3105 4676 slebens

1822 4696 2064 4748 nehmen
2093 4692 2229 4757 sich,
2258 4694 2364 4746 wie
2391 4695 2472 4746 sie
2493 4711 2599 4746 uns
2625 4693 2687 4745 in
2716 4693 2826 4745 den
2891 4692 3105 4746 eistun·

1788 4781 1800 4810 θ’
1820 4782 1931 4832 gen
1944 4764 2142 4816 Beda's
2154 4765 2527 4835 repriisentirt
2540 4765 2842 4834 vorliegen,
2862 4761 3108 4818 schlicht
