3505 5161
1111 219 1449 291 Pelagianos
1476 224 1533 276 et
1557 219 2044 292 semipelagianos
2070 236 2261 291 opera.
2873 235 2996 289 286

385 239 507 293 285

383 410 584 483 ritque
615 408 846 484 Pelagii
879 407 1132 478 fraudeS,
1180 408 1285 482 qui
1316 426 1390 467 ne
1423 408 1664 467 damna·
1718 427 1858 467 vero
1890 408 2172 468 Julianus
2205 408 2433 469 lLocto
2466 408 2881 483 impugnasset
2911 407 2996 464 al-

380 500 551 557 retur
580 495 1164 573 ambigualoquendi
1190 498 1420 555 ratione
1441 497 1664 571 episco-
1716 501 1917 556 terum
1950 498 2022 554 de
2067 497 2298 573 nuptiis
2344 500 2405 555 et
2449 495 2929 569 concupiscentia
2959 495 2998 556 1.

382 606 489 662 pos
510 587 679 646 illius
712 585 923 663 synodi
941 587 1252 662 deceperat
1285 581 1361 668 (a.
1385 581 1663 668 417).-
1718 589 1780 645 et
1811 586 2051 646 horrida
2081 586 2436 662 loquacitate
2485 586 2828 643 innumeras
2877 585 2998 642 fere

381 676 546 735 Libri
579 676 698 735 duo
730 676 1012 753 deqratia
1034 675 1253 734 Christi
1271 676 1409 734 etde
1435 684 1665 749 peccato
1718 675 2045 734 calumnias
2095 679 2157 734 et
2221 675 2478 750 ineptias
2547 675 2612 732 in
2661 673 2996 742 catholicos,

384 766 662 842 oriyinali
693 762 797 847 (ib.
836 758 1211 845 359—411)
1260 767 1466 823 contra
1495 765 1664 824 Pela·
1720 784 1870 839 quos
1904 765 2108 823 odioso
2139 764 2615 823 Manichaeorum
2664 764 2758 821 vel
2791 762 2997 821 tradu-

384 855 554 931 gium
586 856 649 912 et
678 854 1032 913 Coelestium
1069 850 1146 935 (a.
1169 848 1357 934 418);
1391 854 1531 912 libri
1547 854 1663 912 duo
1720 854 2025 912 cianorum
2039 854 2279 913 nomine
2300 853 2697 929 compellarat,
2733 872 2775 912 s.
2793 852 3001 910 doctor

383 946 453 1002 de
484 946 707 1017 nuptiis
736 950 790 1001 et
821 945 1275 1016 concupiscentia
1309 939 1413 1023 (ib.
1432 952 1663 1018 p.413-
1717 943 1949 1002 ultimis
1980 944 2137 1002 vitae
2180 943 2352 1001 annis
2385 943 2523 1002 huic
2562 960 2657 1017 op.
2690 959 2999 1001 occurren·

386 1027 565 1115 474),
598 1033 662 1091 in
693 1032 915 1109 quibus
955 1032 1305 1108 nuptiarum
1336 1032 1664 1091 bonitatem
1719 1033 1861 1091 dum
1894 1033 2129 1092 censuit
2159 1033 2417 1110 singulis
2463 1033 2525 1091 ll.
2558 1031 3000 1107 responsionem

382 1125 592 1181 tuetur
621 1124 826 1180 contra
838 1122 1290 1198 Pelagianorum
1320 1122 1663 1191 calumniae,
1719 1140 2052 1198 opponens:
2104 1122 2207 1180 sed
2240 1125 2428 1181 morte
2459 1126 2818 1198 praeventus
2850 1139 2999 1179 non-

383 1211 705 1270 catholicos
737 1214 980 1287 propter
1021 1212 1328 1286 peccatum
1378 1210 1666 1287 originale
1718 1211 1835 1269 nisi
1869 1228 1966 1270 sex
2003 1211 2299 1286 prioribus
2321 1210 2379 1269 ll.
2413 1212 2719 1287 respondit
2740 1230 2830 1286 op.
2852 1210 3000 1270 Con-

383 1300 626 1376 nuptias
672 1303 972 1375 tamquam
1023 1318 1058 1357 a
1106 1299 1341 1359 diabolo
1390 1299 1663 1358 inventas
1719 1304 1815 1357 tra
1890 1300 2209 1358 secundam
2269 1298 2308 1356 J
2312 1299 2500 1358 uliani
2561 1300 3001 1375 responsionem

383 1389 692 1465 prolisque
741 1389 1182 1465 generationem
1233 1388 1527 1448 damnare.
1578 1422 1664 1432 —-
1719 1389 1783 1450 ll.
1816 1388 1894 1446 VI
1920 1386 2114 1470 (XLV,
2146 1384 2643 1471 1049—1611):
2678 1389 2836 1447 unde
2857 1408 3002 1464 opus

389 1480 607 1538 Contra
669 1479 819 1536 duas
879 1497 962 1553 ep.
1013 1477 1461 1555 Pelayianorum
1511 1473 1664 1560 (scil.
1720 1480 2115 1553 imperfectum
2163 1479 2557 1537 communiter
2607 1481 2868 1537 vocatur.
2912 1511 3001 1522 -—

383 1569 631 1626 alteram
663 1566 702 1625 J
717 1586 758 1625 u
776 1567 972 1625 liani
1002 1567 1332 1625 eclanensis
1363 1568 1427 1626 in
1448 1566 1668 1642 Apulia
1720 1567 2153 1642 Disputationis
2187 1584 2323 1625 cum
2338 1566 2668 1644 Pelagianis
2683 1585 3002 1643 progressu

384 1676 476 1733 ep.
509 1657 754 1715 Romam
787 1656 984 1714 datam
1015 1656 1090 1714 ad
1119 1655 1322 1716 fideles
1369 1655 1664 1732 decipien-

384 1746 507 1813 dos,
543 1747 605 1804 et
636 1746 881 1803 alteram
921 1756 995 1809 18
1044 1745 1454 1821 episcoporum
1502 1745 1663 1819 pela-

384 1837 701 1912 gianorum
750 1834 823 1892 ad
884 1835 1105 1892 Rufum
1155 1853 1246 1909 ep.
1308 1823 1667 1893 thessaloni-

386 1943 640 1995 censem,
673 1933 745 1981 ut
774 1942 911 1983 eum
941 1924 1014 1982 ad
1053 1942 1191 1982 suas
1211 1924 1517 1982 traherent
1531 1941 1667 1999 par-

385 2009 505 2094 tes)
538 2013 606 2078 11,
636 2011 718 2071 IV
751 2012 823 2070 ad
856 2012 1230 2071 Bonifacium
1261 2031 1536 2072 romanae
1556 2012 1665 2070 Ec-

386 2103 601 2161 clesiae
633 2102 977 2177 episcopum
1011 2097 1085 2185 (c.
1107 2122 1155 2160 a.
1180 2111 1325 2173 420,
1347 2102 1430 2165 ib.
1452 2112 1667 2164 549—-

393 2186 569 2272 641).
618 2223 707 2234 -—
756 2190 921 2250 Libri
984 2191 1064 2248 VI
1109 2198 1314 2249 contra
1360 2192 1667 2249 ,Iulianum

390 2280 653 2338 haeresis
668 2280 1013 2357 pelagianae
1034 2279 1395 2339 defensorem
1413 2275 1482 2360 ¹),
1517 2280 1667 2337 ecla-

385 2387 631 2427 nensem
661 2368 1005 2444 episcopum
1041 2363 1115 2449 (c.
1146 2388 1195 2426 a.
1231 2378 1377 2439 421,
1409 2369 1488 2427 ib.
1513 2378 1668 2430 641-

394 2452 566 2540 881),
599 2458 705 2534 qui
737 2458 867 2533 ejus
899 2458 938 2515 l.
979 2469 1029 2520 1.
1064 2457 1134 2517 de
1166 2458 1393 2534 nuptiis
1425 2461 1487 2516 et
1532 2476 1668 2516 con-

1720 1655 1963 1731 quidam
1995 1656 2205 1715 horum
2221 1674 2447 1714 errores
2465 1657 2829 1726 mollierunt,
2861 1674 3000 1714 con-

1721 1764 1885 1804 cessa
1915 1745 2144 1822 gratiae
2164 1747 2519 1805 necessitate
2551 1745 2624 1804 ad
2657 1764 2836 1821 opera
2868 1745 2998 1820 qui-

1721 1834 1854 1894 dem
1888 1835 2186 1904 salutaria,
2219 1853 2340 1894 non
2371 1838 2569 1893 tamen
2601 1834 2674 1893 ad
2694 1836 2889 1909 prima
2907 1853 3000 1892 sa-

1722 1923 1868 1981 lutis
1917 1924 2094 1981 initia
2142 1943 2245 1983 seu
2295 1924 2549 1985 exordia.
2612 1923 2805 1993 Quare
2855 1923 3001 1985 dicti

1722 2015 1867 2071 sunt
1918 2012 2552 2090 Semipelagiani,
2619 2032 2724 2071 seu
2775 2033 2809 2070 a
2853 2013 2999 2083 1000,

1721 2101 1829 2160 ubi
1859 2120 2066 2161 eorum
2110 2102 2417 2178 praecipui
2460 2103 2772 2179 degebant,
2819 2103 3000 2160 Mas-

1723 2191 2120 2251 silienses
2182 2192 2317 2250 Jam
2378 2212 2516 2252 vero
2567 2195 2633 2252 in
2676 2195 2769 2254 his
2820 2197 2998 2255 corri-

1721 2279 1932 2356 gendis
1964 2281 2059 2339 vel
2090 2281 2423 2340 refutandis
2456 2283 2688 2343 ultimis
2719 2286 2878 2343 vitae
2897 2304 3000 2343 an-

1724 2369 1819 2428 nis
1854 2388 1899 2428 s.
1932 2370 2137 2429 doctor
2169 2369 2287 2429 fuit
2319 2372 2632 2431 sollicitus.
2666 2375 2863 2451 Hujus
2886 2375 3002 2432 sol-

1722 2458 2055 2517 licitudinis
2108 2458 2338 2518 fructus
2389 2461 2650 2526 fuerunt,
2712 2465 2888 2524 Liber
2936 2465 3003 2523 de

388 2547 756 2624 cupisceutia
786 2547 850 2606 ll.
882 2547 962 2607 IV
995 2565 1313 2625 aggressus
1347 2551 1489 2608 erat.
1525 2548 1667 2607 Cum
1720 2549 1918 2625 qratia
1951 2555 2002 2608 et
2032 2549 2206 2608 libero
2238 2550 2485 2610 arbitrio
2520 2548 2745 2634 (XLIV,
2785 2564 2998 2618 881—

387 2795 553 2860 (408),
597 2806 713 2858 qua.
756 2790 886 2844 sede
936 2793 1127 2845 tamen
1178 2807 1236 2844 se
1280 2789 1572 2845 abdicavit
1620 2807 1671 2843 a.

385 2870 508 2924 411,
575 2861 677 2929 qui
720 2865 860 2914 tunc
909 2861 1317 2930 Hierosolymis
1366 2878 1671 2916 commora-

387 2934 601 2986 bantur
656 2935 826 2986 testes
884 2950 1152 2998 errorum,
1211 2950 1355 3002 quos
1407 2933 1674 3003 Pelagius

386 3003 447 3058 in
510 3003 705 3058 Africa
744 3005 865 3073 jam
916 3003 1222 3058 damnatus
1295 3005 1670 3060 diffundebat.

386 3075 843 3145 Composuerunt
903 3075 1283 3131 accusationis
1331 3075 1673 3130 instrumen-

386 3153 510 3201 tum
537 3150 735 3200 contra
752 3146 1045 3217 Pelagium
1066 3151 1122 3201 et
1138 3147 1510 3202 coelestium:
1536 3147 1673 3201 hinc

387 3219 462 3272 ab
487 3217 633 3272 Eulo
676 3218 732 3271 io
760 3217 1114 3274 Palaestinae
1154 3218 1518 3287 metropolita
1545 3235 1672 3272 con-

388 3293 593 3343 vocata
704 3289 753 3342 it
794 3291 1044 3358 synodus
1094 3289 1219 3343 dios
1264 3290 1481 3345 olitana
1529 3294 1672 3361 415),

387 3360 483 3414 cui
508 3364 702 3415 tamen
727 3378 843 3414 non
870 3360 1179 3415 interfuere
1207 3310 1384 3415 [garos
1423 3365 1482 3414 et
1552 3378 1673 3414 aza-

388 3451 505 3486 rus.
534 3433 814 3486 Absoluto
842 3431 1093 3503 Pelagio,
1116 3432 1220 3501 qui
1239 3431 1536 3503 episcopos
1560 3448 1672 3488 am-

388 3503 566 3573 bigua
605 3503 881 3572 loquendi
920 3503 1143 3558 ratione
1200 3503 1516 3574 deceperat,
1555 3522 1673 3558 rem

388 3575 724 3628 detulerunt
747 3574 820 3628 ad
847 3575 1141 3657 episcopos
1168 3575 1412 3639 Africae,
1449 3575 1550 3643 qui
1576 3576 1672 3629 ha·

394 3645 531 3699 bitis
558 3645 789 3714 synodis
810 3645 1237 3716 carthaginensi
1264 3651 1407 3718 (416)
1437 3650 1495 3700 et
1519 3647 1671 3701 mile-

386 3716 587 3770 vitana
638 3716 769 3770 Pela
815 3717 936 3771 ium
977 3719 1034 3771 et
1073 3717 1413 3771 Coelestium
1462 3718 1670 3771 iterum

387 3789 753 3841 damnarunt.
822 3787 1035 3842 osimus
1060 3789 1261 3843 durius
1291 3788 1433 3842 duos
1450 3794 1670 3843 nostros

386 3858 598 3912 habuit
636 3876 664 3912 e
708 3859 930 3930 iscopos
957 3876 1044 3929 ep.
1074 3868 1107 3916 3
1133 3882 1189 3915 n.
1216 3865 1249 3914 3
1274 3860 1346 3912 ad
1375 3861 1670 3930 episcopos

388 3931 634 3984 Africae.
708 3930 980 3985 osteriora.
997 3948 1192 3985 eorum
1208 3931 1327 3984 fata
1343 3950 1443 3986 nos
1458 3934 1641 3986 latent
1659 3953 1669 3984 :

387 4000 658 4055 videntur
683 4005 876 4055 tamen
920 4001 1195 4055 institisse
1235 4002 1389 4072 apud
1419 4003 1671 4057 Theodo-

388 4078 488 4126 ton
515 4072 704 4141 episco
749 4090 847 4126 um
890 4071 1313 4136 antiochenum,
1359 4077 1425 4127 ut
1468 4075 1670 4145 etipse

387 4160 518 4198 cum
545 4143 706 4197 couci
732 4144 789 4197 io
815 4144 1114 4199 damnaret
1128 4145 1463 4215 Pelagianos
1480 4162 1532 4199 a.
1549 4153 1669 4202 420.

391 4214 475 4268 Cf.
520 4214 665 4267 Hist.
712 4214 798 4271 lit.
843 4216 911 4269 de
957 4217 1013 4269 la
1053 4215 1263 4270 France
1314 4218 1378 4279 ΙΙ,
1412 4223 1569 4273 147-
1587 4227 1670 4273 52.

388 4285 601 4340 Eorum
629 4285 840 4357 scripta
860 4286 1172 4356 perierunt,
1197 4287 1474 4356 reliquiae
1503 4305 1670 4357 qnae-

389 4356 521 4410 dam
549 4356 916 4427 reperiuntur
955 4357 1016 4412 ia
1056 4359 1284 4427 scriptis
1322 4377 1364 4413 a.
1394 4361 1441 4412 A
1460 4379 1497 4412 u
1515 4378 1607 4431 gu
1626 4377 1671 4412 s-

392 4431 417 4480 t
432 4428 452 4480 i
469 4448 507 4482 n
524 4426 562 4479 i.

467 4503 505 4570 ¹)
533 4497 615 4553 Cf.
660 4499 743 4552 de·
773 4499 879 4554 hoc
925 4502 991 4553 A.
1036 4499 1423 4556 Bruc‘kner
1473 4502 1671 4556 Julian

391 4586 504 4623 von
521 4569 813 4634 Eclanum,
831 4570 950 4624 sein
969 4571 1156 4625 Leben
1175 4573 1292 4626 und
1307 4574 1383 4626 sei
1397 4591 1458 4626 ae
1474 4573 1669 4627 Lehre.

396 4638 505 4693 Ein
531 4640 763 4723 Beitrag
802 4660 903 4695 zur
942 4642 1143 4699 Gesch.
1186 4643 1285 4698 des
1330 4645 1458 4699 Pela
1504 4644 1670 4699 iania-

394 4729 536 4775 mus,
565 4712 797 4783 Leipzig
828 4715 965 4770 1897
1004 4713 1066 4767 in
1094 4714 1266 4769 Texte
1295 4734 1351 4770 u.
1379 4716 1444 4768 U.
1478 4755 1491 4768 .
1525 4716 1592 4780 V,
1621 4723 1669 4780 3,

1727 2635 1882 2718 915)
1914 2656 1959 2697 c.
1992 2658 2040 2696 a.
2078 2648 2200 2701 427
2238 2639 2514 2716 scriptuS,
2570 2646 2852 2719 ,propter
2881 2662 3001 2716 e08,

1725 2729 1832 2802 qui
1865 2746 2002 2786 cum
2033 2727 2141 2785 Dei
2173 2728 2512 2788 defenditur
2541 2733 2750 2807 gratia,
2786 2737 3002 2808 putan-

1726 2819 1818 2874 tes
1849 2816 2052 2893 negari
2086 2817 2343 2875 liberum
2374 2819 2705 2890 arbitrium,
2760 2822 2843 2880 sic
2885 2823 3005 2898 ipsi

1725 2904 2057 2963 defendunt
2105 2906 2359 2965 liberum
2403 2908 2738 2984 arbitrium,
2786 2914 2857 2969 ut
2902 2930 3005 2969 ne-

1727 2998 1872 3070 gent
1905 2995 2010 3052 Dei
2043 2995 2315 3070 gratiam,
2367 3001 2693 3056 asserentes
2739 3018 2866 3057 eam
2912 3019 3002 3058 se·

1726 3083 1986 3141 cundum
2037 3083 2250 3141 merita
2298 3083 2425 3142 dari
2476 3081 2659 3166 (Retr.
2704 3088 2779 3157 ΙΙ,
2811 3086 3001 3168 ,66).«

1728 3173 1877 3231 Eum
1929 3172 2221 3231 edidimus
2265 3172 2427 3231 inter
2475 3176 2694 3234 selecta
2744 3177 2842 3240 SS.
2897 3179 3004 3236 ΡΡ.

1727 3261 2011 3336 opuscula
2043 3260 2370 3337 Oeniponte
2417 3273 2600 3326 1877.
2634 3265 2855 3336 XXXV,
2893 3276 3003 3330 21-

1734 3362 1875 3413 111.
1951 3350 2134 3410 Liber
2182 3352 2251 3409 de
2298 3355 2652 3427 correptione
2712 3363 2762 3413 et
2805 3359 3004 3433 qratia

1726 3440 1797 3497 ad
1830 3440 2214 3499 Valentinum
2264 3441 2534 3501 abbatem
2579 3445 2830 3520 ejusque
2881 3465 3004 3504 mo-

1727 3529 1944 3588 nachos
1975 3531 2153 3604 paulo
2185 3533 2317 3607 post
2349 3531 2386 3595 1,
2403 3533 2852 3608 praecedentem
2867 3553 3004 3594 con·

1727 3618 1987 3693 scriptus
2022 3614 2128 3701 (ib.
2162 3618 2561 3701 915—950).
2598 3657 2682 3666 ·—
2715 3625 2804 3681 De
2828 3644 3005 3700 prae-

1724 3708 2100 3764 destinatione
2113 3717 2444 3768 sanctorum
2459 3707 2506 3791 1)
2531 3711 2566 3768 i.
2583 3731 2630 3772 e.
2649 3712 2912 3771 fidelium
2932 3714 3005 3772 ad

1724 3795 2080 3869 Prosperum
2126 3798 2186 3854 et
2234 3796 2593 3881 Hilarium2)
2658 3801 2817 3860 viros
2868 3821 3005 3862 sane

1807 4003 1840 4060 ἣ
1869 4000 2037 4054 Liber
2088 4006 2151 4056 de
2201 4007 2685 4073 praedestinatione
2732 4018 2776 4061 et
2823 4016 3006 4074 qratia

1726 4072 1840 4143 (Mi
1857 4092 1896 4142 g
1912 4091 1951 4125 n
1967 4089 1996 4125 e
2036 4073 2200 4137 XLV,
2250 4081 2314 4129 16
2331 4084 2449 4129 55—
2466 4081 2638 4144 1678),
2686 4095 2902 4132 necnon
2944 4080 3005 4134 li·

1726 4145 1911 4198 bellus
1955 4148 2020 4197 de
2037 4148 2518 4213 praedestinatione
2542 4152 2647 4201 Dei
2670 4148 2765 4218 (ib.
2803 4154 3005 4206 1677—

1730 4220 1904 4286 1680),
1957 4215 2090 4271 olim
2143 4217 2470 4286 Augustino
2523 4219 2745 4282 tributi,
2796 4222 2869 4274 ab
2919 4222 3005 4274 ed.

1725 4307 1779 4342 m
1797 4303 1830 4339 a
1844 4305 1879 4340 u
1897 4286 2093 4341 riuis
2119 4287 2179 4341 in
2206 4287 2580 4358 appendicem
2609 4293 2648 4342 t.
2673 4292 2735 4343 X.
2765 4295 2901 4344 sunt
2925 4309 3005 4344 re-

1724 4358 1849 4414 lati.
1877 4361 2317 4427 Hypomnesticon
2343 4364 2541 4412 contra
2585 4361 2922 4430 Pelagianos
2950 4367 3008 4416 et

1728 4429 2109 4485 coelestianos
2138 4430 2212 4491 (M
2236 4430 2409 4501 igne
2437 4432 2602 4492 XLV,
2635 4439 3004 4506 loll—1664)

1726 4505 1812 4555 est
1837 4502 1982 4555 forte
2010 4501 2179 4556 Marii
2205 4503 2667 4557 Mercatoris.

1803 4578 1841 4644 Ξ)
1870 4572 1951 4626 De
1978 4573 2021 4625 P
2038 4591 2065 4626 r
2082 4592 2112 4628 o
2130 4593 2154 4627 s
2173 4595 2208 4645 p
2226 4591 2254 4627 e
2269 4592 2298 4627 r
2314 4591 2345 4628 o
2372 4573 2524 4628 infra
2552 4576 2868 4644 loquemur.
2899 4576 2948 4628 H
2966 4576 3008 4628 i·

1725 4646 1794 4699 la
1809 4662 1837 4697 r
1854 4644 1873 4696 i
1891 4662 1928 4696 u
1946 4662 1971 4698 s
1997 4645 2113 4699 fuit
2139 4646 2371 4714 quidem
2388 4646 2584 4710 laicus,
2603 4647 2697 4699 sed
2716 4647 2860 4699 forte
2882 4664 3006 4716 pro-

1726 4715 1970 4769 fessione
1999 4718 2325 4771 monachus,
2377 4718 2430 4772 S.
2459 4717 2773 4787 Augustini
2800 4717 3008 4770 doctri-

1727 4803 1833 4840 nae
1861 4787 1974 4841 fuit
1999 4788 2440 4850 addictissimuS,
2468 4805 2713 4856 eumque
2736 4790 2852 4858 jam
2875 4792 3007 4842 ante
