3505 5161
368 270 485 323 133

353 433 535 515 atque
569 439 820 511 Neroni,
858 442 1084 513 Δ1)3310,.
1114 442 1480 503 Diocletiano
1530 433 1640 501 etc.

355 528 585 588 confert
645 526 1032 607 iniquumque
1093 522 1315 608 agendi
1353 531 1639 591 rationem

356 617 564 677 contra
595 618 769 678 fidem
802 621 1149 681 catholicam
1181 621 1531 698 gravissime
1547 639 1642 679 re-

358 706 615 784 darguit.
676 709 914 769 Publici
950 710 1109 792 juris
1153 712 1357 769 tamen
1386 710 1639 769 3311113·

358 796 441 854 cit
485 796 725 856 nonnisi
770 800 910 873 post
957 799 1327 875 imperatoris
1353 800 1640 858 .·mortem

359 886 420 962 (†
457 896 509 950 3.
542 886 692 947 Nov.
732 883 901 969 361).
965 889 1034 947 I'n
1076 887 1115 951 1.
1158 894 1361 946 contra
1399 878 1638 947 Auxen-

356 977 502 1033 tium
529 974 736 1034 Italiae
758 977 1062 1052 praesules
1093 976 1392 1036 deterrere
1424 975 1642 1035 nititur

356 1085 396 1122 a
425 1066 838 1124 communione
870 1065 1157 1125 servanda
1187 1084 1323 1125 cum
1341 1066 1641 1125 Auxentio

360 1153 795 1225 mediolanensi,
845 1154 1057 1213 callido
1108 1155 1460 1214 Arianorum‘
1509 1154 1639 1213 fau-

354 1246 500 1300 tore.
546 1275 634 1285 —
679 1243 763 1302 Ex
815 1258 990 1320 opere
1035 1243 1290 1320 quodam
1319 1236 1638 1314 historico,

360 1349 476 1407 quo
509 1331 723 1408 synodi
755 1333 1147 1391 ariminensis·
1183 1332 1437 1392 historia
1466 1332 1638 1392 illus-

360 1424 568 1487 tratur,
602 1420 934 1499 fragmenta
954 1421 1058 1480 XV
1090 1424 1416 1498 supersunt
1428 1417 1507 1503 ¹).
1541 1431 1638 1480 e'o-

361 1528 492 1567 rum
522 1513 721 1569 tamen
766 1509 1108 1633 genuinitas
1154 1510 1209 1569 si
1240 1510 1515 1586 primum
1552 1505 1640 1594 (et

362 1598 509 1657 forte
540 1593 896 1684 secundum)
915 1599 1186 1675 excipis&
1220 1615 1341 1658 non
1372 1602 1466 1658 est
1492 1599 1638 1658 satis

354 1692 528 1756 certa,
591 1687 878 1762 quasdam
940 1689 1100 1747 enim
1161 1688 1640 1790 complectuntur

361 1775 637 1851 epistolas
670 1777 902 1835 Liberio
937 1777 1295 1853 suppositas
1330 1777 1459 1836 Duo
1479 1780 1637 1853 ejus·

361 1866 489 1924 dem
519 1866 831 1941 perierunt
860 1884 1065 1942 opera:
1101 1866 1172 1929 L.
1203 1867 1479 1925 adversus
1521 1866 1637 1925 Va-

358 1956 552 2012 lentem
615 1962 666 2013 et
719 1956 1026 2014 Ursact'um
1085 1954 1391 2014 historiam
1442 1945 1637 2013 arimi-

360 2044 554 2102 nensis
587 2048 649 2103 et
679 2043 1054 2103 seleuciensis
1074 2043 1288 2120 synodi
1310 2044 1636 2114 continens;

359 2136 420 2190 et-
448 2133 518 2191 ad
548 2132 913 2208 praefectum
945 2124 1314 2203 Sallustium,
1347 2132 1470 2191 sive
1501 2151 1636 2193 con-

359 2225 455 2280 tra
486 2222 830 2281 Dioscorum
858 2221 1184 2293 medicum,¹
1218 2222 1280 2279 in
1320 2239 1438 2296 quo
1469 2221 1637 2281 brevi

356 2311 744 2388 libellojuxta
772 2305 1321 2387 Hieronymum
1355 2311 1543 2385 ,quid
1573 2312 1637 2370 in

360 2400 544 2458 literis
574 2401 766 2476 possit
797 2400 1118 2459 ostendit.‘

448 2590 544 2642 69.
576 2578 914 2656 Diligenter
956 2597 1195 2654 quoque
1223 2569 1513 2645 'versatus
1545 2580 1639 2637 est

356 2669 421 2726 in
452 2668 913 2744 interpretandis
946 2686 990 2729 s,
1026 2666 1350 2743 Scripturis
1383 2685 1504 2727 non
1541 2687 1635 2727 so-

359 2756 479 2815 lum
511 2758 575 2815 in
607 2757 887 2833 operibus
918 2755 1285 2833 dogmaticis,
1317 2755 1381 2814 in
1415 2756 1634 2831 quibus

358 2846 504 2905 bene
536 2847 810 2921 sequitur
841 2863 1082 2904 sensum
1113 2844 1420 2915 literalem,
1454 2845 1554 2904 sed
1576 2849 1636 2904 et

359 2935 595 3010 prolixis
645 2934 1104 3005 commentariis,
1154 2934 1499 3011 primusque
1545 2937 1636 2993 est

357 3027 588 3098 patrum
608 3024 953 3094 latinorum,
974 3024 1145 3099 quus
1167 3023 1385 3098 scripta
1413 3021 1637 3082 fusiora

356 3112 427 3170 ad
460 3132 568 3172 nos
601 3113 1001 3189 pervenerint.
1032 3112 1286 3170 Exstant
1315 3112 1447 3186 ejus
1478 3116 1632 3171 trac-

354 3204 514 3261 tatus
545 3220 725 3278 super
745 3202 1025 3277 psalmos,
1062 3218 1212 3276 quos
1244 3200 1394 3259 forte
1427 3219 1631 3260 omnes

353 3291 780 3367 interpretatus
827 3293 935 3359 est,
984 3290 1086 3349 sed
1127 3289 1414 3348 habemus
1459 3289 1633 3349 modo

352 3383 585 3438 tantum
630 3380 694 3437 in
739 3378 977 3438 tertiam
1021 3377 1339 3438 eorundem
1386 3380 1633 3455 partem.

354 3468 483 3527 Non
546 3467 803 3545 negligit
863 3486 1105 3527 sensum
1169 3467 1480 3538 literalem,
1531 3467 1632 3526 sed

351 3558 546 3634 typico
598 3561 658 3615 et
721 3558 929 3615 morali
979 3557 1237 3615 multum
1287 3555 1631 3619 delectatur.

348 3646 533 3705 Juxta
566 3665 612 3708 s,
645 3645 1190 3721 Hieronymum
1222 3646 1479 3704 multum
1513 3645 1633 3704 uti—

349 3740 450 3793 tur
512 3729 851 3814 Origene‘2),
933 3734 1077 3802 ,sed
1139 3734 1310 3808 quasi
1370 3735 1633 3809 captivos

428 3962 463 4014 ¹
492 3955 573 4008 Ea
640 3955 853 4010 rimum
879 3957 1123 4049 protulit
1148 3956 1444 4025 ediditque
1468 3958 1632 4011 Nico·

348 4027 476 4080 laus
502 4026 593 4078 Fa
665 4043 694 4080 e
711 4045 740 4079 r
786 4029 837 4080 le
861 4028 1056 4109 113113)
1077 4029 1385 4098 pra-emissa
1406 4029 1632 4082 erudita

351 4097 724 4174 praefatione,
798 4097 986 4152 arisiis
1018 4104 1168 4156 1598.

429 4175 461 4240 ¹)
491 4169 632 4224 Cum
661 4168 917 4223 Hilarius
942 4169 1111 4223 initio
1133 4170 1333 4223 saltem
1355 4188 1468 4226 non
1489 4171 1630 4224 adeo

347 4241 579 4296 calleret
605 4239 869 4311 linguam
896 4258 1175 4322 graecam,
1201 4259 1334 4295 usus
1355 4244 1439 4295 est
1459 4257 1631 4312 opera

348 4312 648 4378 cujusdam
667 4286 984 4383 presbyteri
1002 4313 1232 4367 nomine
1250 4313 1300 4365 H
1316 4329 1346 4364 e
1363 4313 1417 4365 li
1434 4330 1465 4366 ο
1478 4307 1558 4366 do
1572 4313 1630 4365 ri

348 4384 437 4451 (cf.
456 4382 603 4436 Hist.
620 4332 709 4438 lit.
729 4384 768 4435 1.
755 4402 839 4506 ..fi
862 4388 1048 4464 20pag.
1068 4389 1233 4440 194—
1242 4388 1348 4453 96).
1365 4384 1519 4437 Ν11111
1537 4384 1631 4437 1113

348 4453 497 4507 1113111
527 4453 603 4506 sit
630 4471 760 4507 cum
831 4454 1084 4508 eliodoro
1101 4455 1449 4536 presbytem,
1466 4457 1630 4524 cujus

346 4524 611 4579 meminit
625 4527 673 4578 G
690 4542 720 4578 e
738 4543 775 4578 n
792 4543 829 4577 n
845 4542 879 4578 a
895 4525 969 4578 di
986 4543 1022 4578 u
1041 4544 1064 4578 s
1082 4526 1150 4581 cle
1179 4526 1316 4578 viris
1343 4526 1551 4580 illustr.
1579 4533 1628 4586 6

347 4595 651 4652 nonsatis
697 4594 898 4664 liquet.
963 4596 1086 4660 Hic,
1136 4601 1280 4652 teste
1333 4597 1628 4652 Gennadio

350 4667 611 4749 „scripsit
637 4666 854 4719 librum
880 4671 942 4721 de
965 4673 1180 4723 naturis
1207 4689 1223 4722 1
1227 4688 1298 4722 ··e›
1303 4688 1389 4722 um
1417 4688 1547 4723 emor
1548 4672 1625 4722 da·-

338 4742 528 4819 aliam.
555 4738 618 4792 in
648 4752 764 4806 quo
793 4738 1058 4802 ostendit,
1099 4758 1279 4792 uuum
1320 4756 1437 4792 esse
1478 4740 1629 4809 prin-

336 4810 580 4880 cipium,
610 4825 715 4862 1133
743 4808 1060 4878 quidquam
1083 4827 1353 4864 coaevum
1374 4811 1507 4872 Deo,
1524 4829 1628 4865 nec

1327 288 1335 296 ·
1424 245 1459 294 ss
1505 246 1559 308 S.
1588 254 1863 310 Hilarius,

2861 268 2980 324 1:34

1697 441 2003 503 sensus-in
2037 457 2203 500 suam
2242 433 2560 518 -linguamff‘-
2576 440 2820 499 victoris
2845 440 2982 517 jure

1695 530 2089 607 transposuit.
2103 539 2144 576 “a
2155 570 2170 577 -
2186 522 2395 589 'Stilus'
2427 546 2571 588 3310
2629 530 2982 605 plerumque

1696 622 1789 680 es't
1829 611 2084 697 “planitir
2109 611 2485 695 et-‘ffap'ertior
2529 636 2706 693 quam
2751 617 2817 677 in
2847 618 2981 677 aliis

1695 709 1988 786 ejusdem·
2026 709 2305 785 operibus
2319 704 2385 790 ¹).
2446 706 2774 785 Egregiam
2809 723 2981 766 accu-

1695 801 2005 874 ratamque
2053 799 2185 874 ejus
2228 797 2422 874 operis
2452 796 2684 861 curavit
2715 796 2783 855 A.
2819 795 2980 855 Zin-

1696 888 1909 965 gerle
1971 882 2313 961 editionem,
2366 886 2625 945 Viennae
2678 894 2864 957 1891,
2916 885 2980 944 in

1696 968 1959 1053 Corpore·
1982 977 2183 1054 script.
2215 976 2356 1039 eccl.
2391 977 2437 1036 t.
2469 975 2647 1035 XXII.
2700 974 2982 1033 Omnium

1696 1066 1885 1125 nostri
1930 1066 2188 1125 auctoris
2231 1060 2502 1143 primum
2542 1082 2700 1140 opus
2728 1067 2822 1131 est
2853 1066 2981 1140 ejus

1700 1154 2160 1214 Commentarius
2203 1157 2268 1213 in
2313 1154 2695 1229 Ecanyeliuw
2746 1171 2792 1214 3.
2829 1152 2978 1212 Mat-

1695 1236 1866 1315 thesei,
1900 1245 1965 1302 in
1996 1262 2115 1319 quo
2160 1262 2279 1302 non
2325 1242 2620 1320 neglecto
2629 1260 2826 1302 3311311
2842 1242 2979 1301 lite-

1695 1333 1826 1405 rali,
1843 1334 2238 1434 praecipuam,
2255 1335 2454 1391 tamen
2474 1331 2724 1391 collocat
2742 1347 2980 1407 operam

1694 1424 1760 1481 in
1820 1414 2238 1498 investigando
2299 1439 2480 1479 sensu
2540 1420 2858 1496 allegorico
2920 1422 2981 1479 et

1695 1508 1994 1587 spirituali
2053 1510 2437 1583 abundatque
2483 1508 2977 1584 applicationibus

1694 1600 2037 1662 moralibus.
2099 1598 2389 1659 Prooemii
2433 1599 2562 1656 loco
2603 1597 2856 1657 habetur
2885 1617 2978 1657 ar·

1692 1692 2118 1767 gumentorum
2161 1688 2226 1747 in
2261 1697 2353 1751 33.
2395 1686 2657 1762 capitula
2686 1685 2977 1745 distribu-

1692 1782 1896 1837 torum
1927 1778 2224 1837 elenchus.
2288 1777 2422 1835 Alia
2466 1778 2879 1835 commentaria
2907 1779 2978 1834 ut

1693 1868 1758 1925 in
1805 1867 1940 1939 Job,
1994 1866 2229 1927 Cantica
2277 1862 2430 1924 cant.
2482 1867 2543 1923 et
2591 1865 2742 1923 forte
2772 1864 2837 1923 in
2881 1884 2973 1941 ep.

1694 1975 1739 2019 3.
1786 1957 1958 2016 Pauli
2008 1955 2333 2033 perierunt.
2393 1953 2863 2013 Commentarius
2913 1954 2976 2012 in

1693 2045 1993 2105 breviores
2025 2060 2082 2105 s.
2103 2044 2273 2102 Pauli
2306 2061 2416 2119 ep„
2463 2061 2642 2119 quem
2689 2043 2802 2102 sub
2846 2038 2977 2119 ejus

1691 2134 1933 2194 nomine
1948 2133 2136 2194 edidit
2151 2133 2196 2190 P
2213 2133 2272 2191 it
2284 2153 2313 2191 1
2324 2152 2359 2191 a
2376 2133 2440 2190 111
2457 2130 2728 2208 Spicileg.
2747 2132 2976 2191 solesm.

1692 2225 1864 2282 Paris
1909 2225 1954 2299 Ι,
2012 2217 2313 2286 49-145
2366 2239 2487 2280 11011
2532 2224 2625 2279 est
2672 2221 2819 2297 ejus,
2873 2221 2977 2280 sed

1692 2312 2073 2393 Theodori
2105 2304 2976 2387 Mopsuesteni.—-Recentiori

1692 2405 1886 2462 aetate
1931 2399 2381 2460 Gamurrini
2424 2398 2645 2474 reperit
2688 2399 2723 2462 l.
2769 2406 2974 2475 myste-

1690 2493 1919 2550 riorum
1954 2485 2083 2571 (sed
2117 2485 2434 2569 mancum),
2469 2487 2575 2562 qui
2607 2504 2726 2546 non
2758 2488 2887 2564 agit
2905 2488 2976 2546 de

1689 2579 1870 2641 rebus
1902 2578 2200 2656 liturgicis
2220 2578 2316 2637 ‘vel
2335 2575 2627 2637 Ecclesiae
2647 2595 2976 2636 sacramen—

1688 2670 1788 2741 tis,
1824 2668 1928 2729 sed
1960 2669 2032 2727 tle
2052 2669 2119 2727 V.
2138 2666 2500 2727 Testamenti
2531 2666 2726 2742 typis;
2758 2667 2978 2742 reperit

1691 2763 1754 2818 et
1783 2759 1996 2817 librum
2026 2758 2367 2834 hymnorum
2407 2755 2509 2814 sed
2541 2752 2765 2829 pariter
2807 2775 2975 2813 man-

1691 2866 1844 2919 cum,
1862 2866 1998 2906 nam
2022 2847 2203 2905 trium
2226 2846 2462 2904 tantum
2485 2844 2814 2920 fragmenta
2834 2861 2975 2902 con-

1689 2933 1926 3018 tinet2).
1989 2934 2221 2993 Prodiit
2266 2927 2520 3009 uterque
2569 2932 2825 3008 primum
2860 2932 2971 2990 Ro-

1691 3176 1830 3231 mali
1857 3175 2208 3230 conditorem
2231 3174 2431 3238 Deum,
2458 3174 2556 3226 sed
2583 3175 2666 3227 ita
2695 3175 2971 3227 bonorum

1690 3247 1948 3303 omnium
1973 3248 2299 3308 creatorem,
2328 3249 2394 3298 ut
2427 3244 2685 3308 materia,
2726 3261 2872 3312 quae
2899 3245 2970 3296 ad

1689 3320 1905 3373 malum
1928 3334 2088 3372 versa
2108 3320 2209 3378 est,
2228 3319 2357 3387 post
2375 3315 2671 3369 inventam
2692 3313 2972 3369 malitiam

1689 3408 1721 3443 a
1748 3390 1866 3444 Deo
1894 3390 1970 3443 sit
2008 3390 2190 3448 facta:
2219 3405 2320 3443 nec
2341 3387 2660 3456 quidquam
2691 3387 2970 3441 malitiam

1688 3462 1866 3515 alium
1888 3462 2103 3529 absque
2119 3460 2236 3513 Deo
2254 3460 2519 3515 credatur
2538 3459 2851 3522 conditum,
2872 3462 2974 3512 aut

1688 3533 1864 3586 fuisse
1915 3532 2091 3586 alium
2148 3548 2340 3585 rerum
2390 3532 2703 3585 creatorem
2747 3536 2973 3600 praeter

1689 3604 1887 3666 Deum,
1930 3603 2032 3671 qui
2072 3602 2450 3672 praescientia
2488 3617 2607 3664 sua,
2648 3620 2778 3654 cum
2819 3619 2972 3672 prae·

1688 3675 1910 3728 videret
1933 3675 2272 3728 mutandam
2299 3677 2583 3737 naturam,
2610 3673 2975 3742 praemonuit

1687 3747 1757 3799 de
1809 3758 2040 3817 poena.⁴⁴
2097 3745 2309 3799 Verum
2353 3744 2448 3800 hic
2497 3715 2640 3797 lib'er
2701 3745 2972 3798 adversus

1688 3817 2072 3878 Manichaeos‚
2118 3817 2533 3885 Hermogenem
2573 3819 2677 3870 etc.
2723 3816 2970 3870 elabora·

1688 3894 1799 3944 tus,
1826 3888 2057 3968 penitus
2083 3887 2273 3957 periit.
2311 3888 2398 3938 Ab
2424 3888 2533 3940 hoc
2560 3891 2677 3956 (seu
2709 3891 2970 3956 utroque)

1688 3976 1822 4012 sane
1873 3958 2319 4026 distinguendus
2383 3961 2466 4011 est
2512 3957 2563 4010 H
2579 3958 2679 4011 eli
2697 3976 2729 4011 0
2746 3958 2780 4009 d
2800 3975 2831 4011 0
2849 3975 2927 4010 ru
2948 3978 2970 4007 s

1686 4004 2086 4085 antiochenus?
2117 4030 2428 4114 presbyter,
2488 4028 2609 4096 qui.
2661 4033 2726 4082 ut
2775 4028 2972 4082 scribit

1686 4102 1839 4155 idem
1867 4100 2200 4155 Gennadius
2226 4119 2271 4154 3.
2300 4103 2396 4161 29,
2417 4099 2631 4160 „edidit
2663 4103 2725 4153 de
2748 4103 2969 4167 311·ρίπί-

1687 4182 1791 4228 tate
1837 4172 2132 4242 egregium
2179 4175 2237 4224 et
2279 4170 2488 4224 sanctis
2535 4169 2843 4239 Scripturis
2887 4169 2970 4221 in·

1686 4246 1970 4298 structum
1997 4241 2492 4308 volumen,“q110d
2522 4240 2735 4310 pariter
2780 4239 2968 4322 periit

1688 4314 1914 4368 Floruit
1949 4313 2063 4376 hic,
2105 4316 2172 4367 ut
2215 4312 2459 4374 videtur,
2495 4312 2758 4364 ineunte
2767 4327 2872 4363 sec.
2902 4309 2968 4362 V.

1761 4393 1803 4456 ¹)
1833 4385 1979 4439 (31.8
1994 4404 2024 4439 3
2041 4385 2078 4437 h
2096 4385 2244 4440 ella
2264 4402 2300 4437 u
2319 4385 2347 4435 f
2369 4381 2667 4436 Rationem
2694 4381 2968 4434 afferendi

1687 4451 1838 4512 locos
1867 4455 2016 4510 liter.
2043 4455 2177 4518 div„
2220 4472 2392 4522 quam
2438 4453 2500 4506 in
2527 4458 2595 4508 tr.
2626 4467 2796 4522 super
2823 4454 2968 4522 psal·

1689 4545 1809 4582 mos
1837 4528 2000 4596 sequi
2027 4527 2258 4580 videtur
2284 4545 2324 4578 s.
2354 4523 2609 4578 Hilarius
2636 4523 2968 4586 illustravit.

1685 4599 1910 4652 Graecii
1942 4605 2091 4654 1898.

1763 4672 1803 4741 ·ὶ)
1832 4670 1911 4722 Re
1915 4669 2065 4739 perit
2106 4672 2152 4721 t·
2169 4686 2202 4721 a
2219 4687 2273 4723 m
2291 4688 2326 4721 u
2344 4686 2413 4720 rr
2429 4667 2449 4720 i
2467 4686 2502 4719 n
2522 4667 2540 4720 i
2581 4685 2709 4721 cum
2747 4633 2964 4735 duplici

1688 4739 1794 4794 hoc
1835 4741 1873 4794 1.
1914 4744 1970 4793 et
2012 4760 2051 4793 3.
2098 4740 2321 4808 Sylviae
2368 4741 2691 4807 Aquitanae
2727 4745 2968 4807 per-eyvi-

1688 4816 1952 4866 natt'onem
1978 4814 2048 4866 ad
2066 4815 2180 4866 loca
2205 4821 2408 4874 sancta,
2437 4810 2771 4882 opusculum
2802 4809 2966 4861 valde

2599 4902 2650 4920 ..ο

2595 4925 2625 4954 ι’)
