3505 5161
339 236 377 290 g
386 238 421 288 9
1453 215 1866 272 Tertullianus.
2884 236 2916 291 7
2928 239 2966 290 0

339 404 474 466 buti
503 403 758 480 genuini
787 421 914 464 non
944 408 1104 463 sunt.
1166 406 1289 464 Hos
1323 400 1462 487 (38)
1495 404 1619 463 edi·
1774 414 1876 467 30.
1922 402 2209 479 Aequalis
2253 403 2580 481 Hippolyto
2629 405 2747 464 fuit
2798 405 2968 464 'I'er-

344 493 433 553 dit
461 492 892 556 arabiceecod.
912 493 1174 552 romanis
1194 511 1329 554 cum
1350 492 1624 552 versione
1679 493 2100 564 tullianae,
2180 492 2254 551 de
2316 511 2435 568 quo
2493 494 2719 569 pariter
2780 512 2972 570 pauca

345 583 530 642 latina
588 584 653 641 et
711 582 1150 660 prolegomenis
1192 582 1622 659 Haneberg,
1682 583 1925 641 scimus.
1958 582 2154 649 Natus
2185 584 2280 640 est
2310 581 2663 660 Carthagine
2694 601 2744 642 c.
2761 603 2812 645 a.
2841 594 2962 647 160

345 670 638 731 Monachii
666 680 868 742 187ος
901 672 1041 730 illae
1058 672 1421 746 respondent
1434 674 1628 748 apost.
1683 675 1854 746 patre
1914 671 2259 730 centurione
2314 672 2727 745 proconsulari
2785 675 2970 747 atque

346 760 584 831 constit.
642 760 684 818 1.
748 760 891 819 VIII
932 778 1013 819 cc.
1061 770 1265 827 4—-53
1338 770 1627 831 16—183
1683 761 1747 818 in
1767 760 2004 820 ethnica
2023 758 2450 836 superstitione
2476 760 2780 820 educatus
2814 762 2970 820 Mar-

352 859 563 915 30—3
575 860 629 913 1.
662 850 749 907 De
781 849 857 907 iis
874 849 1004 908 fuse
1022 851 1084 908 et
1101 850 1337 909 erudite
1357 850 1630 925 disputat
1682 854 1890 927 tyrum
1909 849 2244 909 constantia
2262 852 2325 908 et
2341 850 2490 909 mira
2507 849 2970 911 christianorum

345 938 661 1003 Achelis
690 937 955 998 inTexte
968 939 1093 998 und
1111 938 1524 1003 Umerus-³1
1548 938 1631 998 VI
1684 939 1748 997 in
1809 938 2127 998 daemones
2186 940 2483 1014 potestate
2542 940 2744 998 motus
2795 939 2970 999 fidem

347 1028 481 1097 fasc.
530 1037 587 1089 4.
633 1060 722 1072 --
768 1025 972 1087 Sermo
1032 1029 1096 1086 in
1138 1047 1182 1088 s.
1239 1027 1631 1104 Theophania.
1685 1026 1907 1087 Christi
1942 1032 2037 1088 est
2065 1028 2374 1103 amplexus
2406 1047 2454 1087 c.
2492 1037 2634 1091 193.
2666 1028 2752 1089 Ex
2782 1028 2971 1088 disse-

346 1117 411 1178 L.
440 1119 511 1177 de
539 1117 986 1176 charismatibus
1014 1117 1274 1193 Spiritus
1302 1136 1349 1176 s.
1396 1120 1630 1194 aposto·
1685 1117 1852 1176 rendi
1886 1118 2156 1176 acumine
2199 1118 2262 1176 et
2303 1117 2580 1177 methodo
2623 1136 2763 1178 eum
2792 1118 2974 1177 advo-

348 1206 462 1265 lica
496 1205 761 1276 traditio,
793 1205 901 1281 qui
939 1206 1137 1281 periit,
1187 1206 1487 1283 reperitur
1533 1206 1633 1265 vel
1686 1209 1886 1265 catum
1950 1206 2321 1281 aliquamdiu
2395 1206 2586 1284 egisse
2635 1206 2972 1282 conjicitur.

354 1294 719 1371 supponitur
762 1295 802 1353 l.
834 1294 993 1367 VIII,
1032 1305 1199 1358 1—2
1251 1296 1632 1355 constitutio·
1686 1295 2008 1372 Presbyter
2056 1295 2365 1355 ordinatus
2398 1299 2504 1365 est,
2552 1295 2658 1354 sed
2698 1314 2846 1355 num
2876 1314 2972 1355 ec·

348 1402 495 1447 num
540 1384 1015 1459 apostolicarum.
1059 1419 1151 1429 --
1196 1380 1449 1468 Opera¹)
1484 1385 1634 1461 Hip·
1686 1385 1900 1445 clesiae
1917 1384 2386 1461 carthaginensis
2407 1403 2486 1443 an
2503 1385 2656 1443 forte
2674 1403 2967 1456 romanae,

352 1474 479 1549 pol)
496 1472 549 1532 ti
583 1468 874 1555 (genuina
905 1477 969 1533 et
986 1471 1213 1556 spuria)
1237 1474 1480 1533 collecta
1498 1490 1630 1551 pro·
1688 1493 1810 1535 non
1839 1475 1984 1532 satis
2028 1480 2259 1532 certum
2303 1474 2412 1532 est.
2474 1473 2673 1533 Nimia
2716 1474 2783 1532 in
2810 1475 2970 1550 rigo-

348 1562 595 1621 dierunt
671 1579 814 1622 cura
892 1562 1241 1622 Fabricii
1301 1562 1636 1640 Hamburgi
1688 1583 1812 1623 rem
1847 1562 2240 1638 propensione
2285 1562 2360 1621 ad
2392 1563 2783 1621 montanistas
2815 1562 2974 1621 defe-

359 1661 739 1721 1716—183
780 1651 945 1710 Gall
967 1652 1152 1711 andi
1182 1653 1327 1713 bibl.
1359 1655 1631 1713 veterum
1689 1652 1776 1713 cit
1806 1653 2054 1712 ineunte
2087 1668 2199 1711 sec.
2230 1649 2339 1711 111.
2389 1650 2550 1709 intra
2602 1659 2971 1721 eos—207,

354 1741 465 1798 PP.
498 1744 540 1803 t.
573 1741 668 1809 113
701 1741 905 1817 Mign
924 1759 957 1800 e
986 1742 1143 1800 Patr.
1174 1761 1261 1818 gr.
1276 1742 1387 1800 tx
1408 1744 1470 1801 et
1484 1740 1633 1808 XVI;
1689 1743 1810 1801 imo
1843 1758 2057 1800 novam
2089 1743 2307 1800 sectam
2350 1740 2448 1798 vel
2477 1740 2974 1799 montanistarum

352 1829 714 1906 Lagarde,
762 1829 998 1905 Lipsiae
1047 1834 1108 1889 et
1153 1830 1414 1889 Londini
1466 1840 1632 1893 1858
1690 1831 2009 1889 factionem
2041 1829 2325 1900 condidit,
2357 1832 2538 1904 atque
2559 1827 2860 1903 decrepita
2875 1847 2972 1887 ae-

351 1937 558 1997 graeee
586 1921 846 1989 tantum,
880 1938 1061 1994 quam
1083 1924 1283 1979 tamen
1315 1919 1406 1979 ed.
1437 1920 1510 1978 de
1541 1919 1635 1977 in·
1690 1925 1815 1979 tate
1848 1920 2116 1991 decessit,
2149 1921 2289 1994 post
2317 1938 2369 1976 a.
2393 1926 2538 1987 220,
2558 1917 2709 1977 sorte
2730 1916 2974 1976 nonnisi

353 2012 520 2084 tegro
570 2008 947 2067 retexendam
992 2010 1253 2076 censuit3
1316 2008 1636 2068 accuratis-
1690 2029 1737 2069 c.
1773 2029 1824 2073 a.
1849 2017 1995 2071 245.
2019 2007 2286 2066 Plurima
2303 2007 2553 2083 reliquit
2567 2007 2804 2082 scripta,
2825 2024 2976 2081 quae

353 2097 501 2156 sime
577 2115 912 2173 magnaque
973 2097 1283 2175 diligentia
1356 2117 1393 2155 a
1459 2096 1636 2163 Nath.
1692 2098 2106 2157 acutissimum
2152 2096 2417 2171 produnt
2462 2096 2791 2172 ingenium,
2837 2095 2976 2154 soli—

356 2186 812 2245 Bonwetsch
843 2187 905 2244 et
934 2186 1007 2245 H.
1038 2187 1366 2256 Achelis,
1402 2186 1638 2261 Lipsiae
1692 2184 2672 2261 dissimamprobandimethodum,
2689 2183 2979 2260 quamdiu

365 2284 524 2339 1897
563 2278 609 2336 t.
650 2285 704 2337 1.
734 2275 1103 2334 collectionis
1129 2279 1367 2351 patrum
1399 2293 1636 2352 graeco-
1693 2276 2007 2335 veritatem
2040 2274 2306 2333 defendit
2325 2271 2487 2352 (nam
2509 2273 2839 2333 haereticus
2858 2273 2976 2331 sac-

354 2383 507 2436 rum,
539 2382 722 2438 quam
743 2364 1041 2423 academia
1059 2365 1448 2423 scientiarum
1469 2363 1637 2422 bero·
1695 2367 1795 2423 tus
1828 2363 2207 2440 sophismatis
2253 2382 2360 2438 pro
2406 2381 2581 2421 causa
2624 2381 2735 2420 sua
2778 2362 2978 2421 indul-

354 2452 608 2511 Iinensis
640 2452 931 2511 edendam
963 2456 1149 2512 curat.
1213 2453 1640 2529 complectitur
1694 2450 1822 2534 get)
1858 2456 2039 2527 atque
2087 2452 2405 2510 masculam
2441 2450 2770 2510 disserendi
2820 2450 2977 2509 vim:

356 2542 452 2600 hic
498 2544 544 2604 t.
593 2541 819 2617 scripta
868 2545 930 2601 et
990 2542 1250 2618 plurima
1309 2542 1642 2620 fragmenta
1695 2543 1857 2603 unde
1905 2560 2216 2617 nunquam
2265 2558 2384 2600 non
2448 2540 2768 2600 christiana
2811 2540 2980 2599 theo-

356 2632 657 2708 exegetica
671 2635 734 2690 et
747 2631 1106 2703 homiletica,
1123 2633 1473 2708 praesertim
1487 2651 1637 2690 com-
1697 2633 1856 2712 logia
1918 2651 1987 2691 ea
2045 2631 2247 2707 magui
2311 2631 2649 2689 aestimavit
2706 2631 2980 2689 uberem·

362 2723 645 2779 monteria
721 2722 787 2779 in
847 2721 1149 2779 Danielem
1212 2717 1389 2800 (quae
1456 2722 1504 2780 B
1522 2740 1554 2779 o
1572 2739 1640 2777 n·
1698 2741 1815 2798 que
1848 2737 2050 2779 eorum
2081 2720 2225 2778 fecit
2267 2737 2447 2778 usum
2495 2719 2849 2795 praesertim
2879 2717 2981 2776 ad·-

358 2810 651 2869 wetsch
681 2809 918 2885 integra
946 2812 1246 2884 repererat
1276 2809 1339 2867 in
1371 2809 1642 2868 versione
1694 2828 1910 2871 versus
1958 2809 2300 2868 haereticos
2360 2802 2582 2866 Narrat
2626 2826 2672 2866 s.
2718 2808 2984 2865 Hiero-

362 2899 579 2957 slavica
609 2894 837 2980 vetere)
884 2900 946 2957 et
987 2901 1050 2956 in
1086 2898 1332 2957 Cantica
1379 2898 1641 2957 Cantico—
1699 2916 1974 2976 nymus
2021 2916 2066 2956 c.
2116 2906 2218 2966 53,
2266 2897 2566 2978 notarium
2613 2914 2660 2954 s.
2704 2895 2984 2971 Cypriani

358 3006 511 3059 rum,
544 2990 720 3063 cujus
764 2987 1092 3046 versionem
1141 2988 1429 3064 syriacam
1460 2987 1644 3057 Moe·
1702 2989 1837 3059 sibi,
1872 3006 2007 3046 cum
2040 2987 2232 3045 adhuc
2245 2988 2400 3044 esset
2430 2985 2787 3054 adolescens,
2820 2986 2984 3042 retu-

366 3077 481 3136 sin
496 3097 538 3153 g
552 3096 584 3135 e
599 3096 632 3134 r
661 3075 930 3136 ediderat
952 3077 1017 3135 in
1036 3076 1438 3136 Monumentis
1458 3076 1645 3152 syria·
1701 3079 1845 3136 lisse
1862 3116 1891 3146 ,
1906 3094 2212 3150 nunquam
2234 3075 2593 3151 cyprianum
2608 3072 2835 3147 absque
2844 3071 2986 3130 Ter-

360 3166 447 3224 cis
495 3166 570 3236 11,
625 3174 861 3228 9—31.
923 3167 1008 3224 De
1070 3166 1338 3224 doctrina
1387 3165 1646 3224 auctoris
1702 3165 1947 3226 tulliani
1979 3165 2232 3222 lectione
2251 3181 2432 3221 unam
2452 3161 2807 3238 praeterisse
2828 3159 2986 3219 diem

358 3255 554 3313 „nos‘oei
616 3254 694 3318 cf.
741 3254 1042 3313 Mohler
1102 3255 1321 3316 Patrol.
1372 3273 1429 3328 p.
1486 3265 1645 3322 599;
1705 3275 1772 3315 ac
1804 3254 1920 3314 sibi
1954 3254 2162 3312 crebro
2195 3252 2446 3310 dixisse:
2483 3253 2568 3310 Da
2597 3251 2986 3328 magistrum!

358 3341 693 3402 Nirschl
737 3339 772 3410 ἓ
808 3353 888 3406 69
925 3361 1004 3402 ss.
1067 3344 1151 3403 De
1183 3343 1314 3418 ejus
1345 3360 1483 3401 cum
1514 3344 1649 3419 Cajo
1706 3343 2146 3403 Tertullianum
2223 3339 2504 3400 videlicet
2579 3338 2985 3416 significans.‘

362 3431 769 3491 controversia
817 3431 973 3490 circa
1021 3432 1404 3509 Apocalipsin
1455 3431 1528 3490 cf.
1560 3432 1650 3489 in·
1704 3432 1948 3510 Insigne
1962 3448 2209 3508 prorsus
2228 3434 2320 3490 est
2339 3430 2617 3507 elogium,
2639 3426 2802 3503 quod
2829 3427 2989 3486 Vin-

370 3521 460 3579 fra
490 3540 546 3596 p.
584 3531 685 3583 91.
1707 3522 2029 3582 centius
2061 3520 2221 3582 lirin.
2255 3521 2319 3578 in
2351 3537 2458 3578 suo
2478 3518 2815 3578 commonit.
2836 3535 2881 3579 c.
2911 3527 2987 3579 18

1708 3609 2097 3688 pronunciat:
2133 3608 2331 3679 ,Quid
2363 3608 2521 3667 enim
2553 3609 2664 3666 hoc
2694 3608 2824 3666 viro
2855 3606 3018 3665 doc-'

1708 3701 1851 3770 tius,
1886 3699 1974 3758 ita
2003 3699 2124 3768 ille,
2160 3698 2306 3773 quid
2339 3699 2404 3758 in
2434 3696 2656 3755 divinis
2677 3699 2856 3772 atque
2878 3695 2990 3753 hu-

1708 3788 1899 3847 manis
1932 3787 2110 3847 rebus
2141 3786 2580 3848 exercitatius?¹
2610 3785 2836 3861 Nempe
2868 3802 2991 3843 om-

1708 3896 1847 3936 nem
1877 3876 2310 3953 philosophiam
2355 3878 2417 3934 et
2460 3878 2702 3934 cunctas
2732 3874 2995 3950 philoso-

377 3999 474 4047 105
553 4000 685 4052 1142
726 3998 1041 4052 ssi-666:
1081 3991 1216 4049 hist.
1264 3992 1463 4048 Jahrb.
1520 3998 1654 4049 1895
1708 3967 1963 4042 Ph⁰mm
2008 3968 2213 4036 sectas,
2257 3967 2525 4023 auctores
2558 3966 2996 4037 assertoresque

374 4062 518 4129 XVI,
548 4068 756 4124 1-36;
783 4065 1086 4122 473-509.
1712 4057 2025 4123 sectarum,
2061 4072 2384 4130 omnesque
2399 4072 2603 4112 eorum
2625 4051 2994 4126 disciplinas,

450 4137 486 4206 ¹)
516 4133 597 4188 Cf·
629 4151 697 4190 00
767 4151 923 4189 osam
950 4136 1019 4189 de
1049 4133 1371 4205 Hippolyto
1396 4135 1655 4189 lissefflssu-
1711 4161 1948 4203 omnem
1982 4142 2366 4202 historiarum
2412 4160 2477 4199 ac
2522 4139 2857 4199 studiorum
2892 4156 2992 4194 va-

742 4154 762 4188 1

372 4222 493 4329 {²3¹²
519 4154 801 4331 iffi&
810 4205 944 4331 rifi?
957 4206 1265 4348 Ξξοῖέἕιῖἔ
1280 4205 1637 4348 ἕαῗιῗθὶἶρῗῧ
1629 4247 1658 4332 1'
1711 4233 1988 4292 rietatem
2018 4231 2168 4290 mim
2212 4230 2466 4305 quam
2506 4227 2725 4286 “¹⁶¹²OE
2771 4226 2996 4300 ΜΨ·

373 4351 448 4418 (ὃ,
517 4348 732 4402 [efflent
774 4349 839 4403 of
870 4347 1087 4419 Rome),
1126 4350 1195 4412 Π,
1235 4352 1551 4409 317-477;
1591 4348 1659 4401 K·
1712 4324 1836 4380 tate
1869 4320 2209 4396 complexus
2229 4322 2338 4378 est.
2370 4317 2617 4417 Ingenio
2638 4334 2776 4374 vero
2795 4332 2993 4415 nonne

372 4418 689 4474 Achelis
715 4418 831 4490 Hip
875 4419 1503 4491 olytstudien,Leipzig
1524 4420 1660 4475 1897
1714 4413 1840 4470 tam
1869 4409 2038 4488 gravi
2083 4426 2149 4466 ac
2199 4408 2534 4466 vehementi
2578 4403 2875 4472 excelluit,
2926 4406 2999 4462 ut

375 4489 453 4543 Im
479 4490 657 4544 Text&
686 4489 806 4544 und
886 4492 1175 4547 nfeel'such.
1202 4491 1347 4554 XVI,
1375 4499 1426 4553 4,
1459 4496 1659 4551 1—62;
1717 4499 1837 4558 gibi
1869 4498 2018 4557 nihil
2053 4515 2203 4573 pene
2248 4496 2322 4554 gd
2368 4492 2830 4572 expugnandum
2861 4510 2997 4570 pro-

375 4559 421 4685 ἒ
423 4578 491 4687 {21
480 4563 648 4687 (ἓξὲξ
662 4561 1062 4697 ἱΰιῐίτῙΞῙ-’ίὲἇξ
1078 4568 1341 4698 &3251—
1348 4579 1665 4694 ΕθΡέῐέῗ
1714 4587 2001 4663 posuerit,
2035 4585 2194 4662 quod
2237 4604 2360 4643 non
2389 4587 2496 4643 aut
2539 4582 2812 4642 acumine
2841 4581 2998 4640 irru-

376 4704 562 4760 naok
613 4705 657 4767 1,
711 4709 1024 4766 604—646·.
1086 4705 1377 4776 Kriiger
1423 4722 1515 4775 op·
1569 4703 1664 4759 cit.
1719 4677 1877 4752 perit
1908 4677 2014 4775 aut
2044 4674 2302 4750 pondere
2331 4671 2599 4772 eliserit?
2660 4670 2699 4729 J
2702 4690 2797 4732 am
2826 4687 3001 4770 porro

376 4784 407 4843 fi
428 4781 518 4833 91.
1721 4765 2005 4825 orationis
2038 4780 2180 4821 suae
2213 4761 2419 4822 laudes
2452 4778 2588 4838 quis
2622 4777 2866 4833 exsequi
2898 4777 3000 4816 va-

2628 4861 2684 4912 3.

370 3779 441 3835 cf.
465 3781 694 3860 praeter
717 3777 865 3832 alios
891 3779 1061 3833 Funk
1104 3779 1198 3834 die
1224 3782 1407 3851 apost.
1437 3779 1654 3834 Consti-

372 3852 654 3915 tutionen,
699 3850 1023 3905 Rottenbur
1092 3857 1227 3906 1891
1256 3870 1311 3921 p.
1344 3855 1654 3910 133—179;

371 3921 544 3975 theol.
570 3919 813 3987 Qtlschr.
835 3921 1009 3975 LXXI
1065 3963 1078 3986 ,
1094 3926 1409 3984 396—438;
1436 3922 1654 3985 LXXV,
