3505 5161
544 219 709 271 1047

535 385 915 463 disciplinam
962 384 1430 453 ecclesiasticam,
1481 383 1552 442 ad
1585 402 1819 459 compo·
1844 382 1853 410 '

538 475 794 535 nendam
814 474 1106 533 Ecclesiae
1124 492 1326 550 pacem
1355 477 1416 532 et
1434 472 1819 532 reconcilian-

538 565 646 624 dos
677 565 982 641 episcopos
1029 562 1451 633 schismaticos,
1498 561 1571 620 ad
1618 562 1819 621 redar-

538 653 808 732 guendos
840 670 1184 730 graecorum
1205 670 1449 721 erroreS,
1483 655 1555 710 ut
1585 651 1647 710 in
1680 670 1817 711 con·

534 743 675 803 cilio
693 743 921 801 barensi
944 738 1189 823 (1098),
1211 742 1277 799 in
1290 759 1410 817 quo
1431 759 1475 804 s.
1497 741 1818 801 Anselmus

540 830 973 891 cantuariensis
1026 830 1314 889 cumillis
1348 830 1696 906 disputavit,
1747 831 1819 887 ad

1202 201 1567 257 1073—1100.
1596 198 2026 255 Controversiae
2053 200 2122 254 de
2148 198 2510 253 eucharistia.

2987 215 3154 267 10³8

1875 407 1991 464 que
2023 386 2323 446 doctrinae
2354 386 2510 444 sama
2527 385 2812 445 inclaruit
2829 385 3159 460 pluresque

1874 476 2118 536 attraxit
2135 475 2478 550 discipulos,
2512 475 2617 549 qui
2633 479 2839 550 postea
2854 474 3018 532 fuere
3038 472 3160 530 viri

1876 566 2162 624 celebres:
2197 583 2389 639 neque
2421 564 2578 623 enim
2621 564 2942 623 defuerunt
2974 562 3028 620 ei
3064 561 3164 619 in-

1874 655 2135 733 genium,
2169 654 2426 713 eruditio
2470 655 2532 712 et
2577 652 2910 712 dialectices
2942 652 3166 727 peritia

1875 747 1936 803 et
1966 764 2000 802 a
2031 762 2263 802 morum
2310 742 2604 820 probitate
2649 742 2875 818 pariter
2922 739 3166 800 exstitit

1875 833 2335 893 commendatus,
2381 834 2610 891 Auctus
2653 835 2745 889 est
2775 849 3021 889 munere
3056 829 3169 888 ho·

540 921 878 981 excitandos
941 919 1143 978 fideles
1194 919 1267 977 ad
1317 917 1538 978 bellum
1590 938 1821 978 sacrum
1874 922 2117 982 norifico
2150 921 2541 980 archidiaconi
2563 919 3013 998 andegavensis.
3048 918 3168 976 Ve-

538 1013 747 1070 contra
778 1011 1110 1068 Saracenos.
1152 1007 1541 1066 celeberrima
1571 1008 1690 1068 fuit
1722 1026 1823 1084 sy·

539 1099 732 1159 nodus
810 1099 1245 1157 claromontem
1320 1097 1449 1173 ipso
1510 1101 1820 1173 praesente

1875 1032 2007 1070 rum
2043 1031 2175 1069 cum
2208 1029 2276 1070 eo
2320 1014 2583 1086 tempore
2615 1009 2922 1071 Lanfranci
2957 1008 3172 1067 schola

1876 1102 1937 1159 in
1969 1100 2329 1159 monasterio
2360 1099 2627 1158 beccensi
2653 1098 2915 1174 reliquas
2945 1098 3173 1155 obscu-

541 1188 744 1247 habita
775 1208 811 1246 a
840 1198 955 1250 109
968 1197 1021 1256 5,
1058 1186 1151 1245 cui
1173 1185 1577 1245 interfuerunt
1597 1186 1819 1246 archie·
1875 1192 2051 1261 raret,
2099 1189 2494 1248 aemulatione
2539 1189 2819 1263 abreptus
2860 1187 3174 1246 novitates

540 1276 770 1353 piscopi
810 1285 885 1339 13
923 1276 1019 1334 vel
1046 1286 1141 1347 14,
1175 1275 1433 1351 episcopi
1466 1293 1514 1339 c.
1538 1284 1683 1347 225,
1714 1276 1818 1334 ab·

539 1367 706 1425 bates
755 1377 854 1436 90,
916 1365 980 1422 in
1041 1383 1160 1440 qua
1204 1364 1460 1440 primum
1510 1384 1614 1441 pro
1662 1370 1824 1425 terra

540 1457 744 1515 sancta
775 1453 1176 1529 recuperanda
1208 1453 1432 1512 bellum
1476 1454 1593 1513 suit
1622 1454 1822 1514 decre-

541 1551 691 1604 tum.
726 1546 881 1602 Ante
913 1545 1222 1618 acceptum
1253 1543 1536 1601 nuncium
1572 1543 1644 1602 de
1676 1543 1823 1603 urbe

541 1632 1068 1710 hierosolymitana
1113 1631 1364 1690 feliciter
1408 1636 1691 1708 occupata
1720 1632 1823 1691 de-

540 1723 720 1782 cessit
733 1716 783 1805 1)
814 1721 1076 1798 pontifex
1103 1731 1204 1783 29.
1225 1721 1378 1780 Julii
1407 1731 1593 1785 1⁰99.
1625 1722 1824 1780 Pluri-

545 1830 668 1871 mas
700 1810 946 1886 reliquit
965 1811 1235 1884 epistolas
1254 1805 1456 1891 (304),
1490 1829 1637 1886 quas
1660 1805 1823 1894 (cum

542 1902 776 1976 aliquot
836 1894 1234 1980 orationibus)
1288 1899 1526 1957 exhibet
1569 1901 1824 1977 Migne

542 1990 678 2060 CLI,
746 1997 1112 2058 281-582,
1176 1987 1497 2064 diligenter
1556 1993 1826 2048 recenset

541 2079 633 2137 Ja
651 2078 754 2136 ffe
786 2078 868 2149 12,
896 2087 1262 2140 657—701.
1294 2077 1592 2138 Plurimos
1614 2078 1827 2136 habuit

545 2169 609 2226 in
642 2166 927 2235 conciliis,
962 2166 1331 2225 dedicatione
1350 2167 1730 2226 ecclesiarum
1761 2184 1828 2225 ac

548 2257 728 2315 variis
791 2257 854 2314 in
905 2255 1299 2313 conventibus
1350 2274 1666 2326 sermones,
1720 2256 1826 2332 qui

541 2350 743 2404 tamen
775 2344 895 2403 fere
927 2362 1129 2403 omnes
1161 2344 1485 2420 perierunt.

640 2532 783 2588 586.
815 2522 1020 2582 Altera
1050 2522 1230 2599 hujus
1281 2523 1468 2580 seculi
1500 2525 1665 2600 parte
1697 2525 1829 2582 orta

543 2619 637 2673 est
697 2612 959 2671 haeresis
1022 2611 1608 2690 berengariana,
1674 2632 1827 2688 quae

545 2702 788 2779 quidem
819 2699 1040 2760 multos
1084 2701 1156 2760 ad
1204 2701 1581 2761 scribendum
1616 2701 1689 2760 de
1721 2720 1826 2761 eu-

545 2791 827 2851 charistia
875 2790 1175 2861 excitavit,
1225 2791 1289 2849 in
1334 2791 1512 2849 variis
1560 2790 1827 2849 conciliis

544 2881 821 2940 damnata
851 2880 985 2949 fuit,
1020 2880 1122 2939 sed
1139 2884 1372 2956 praeter
1393 2880 1827 2939 controversias

546 2970 845 3029 literarias
894 2969 1051 3028 nulli
1101 2969 1341 3045 proprie
1392 2969 1581 3028 dietae
1633 2974 1827 3028 sectae

544 3059 834 3136 originem
859 3056 1037 3115 dedit.
1072 3059 1617 3135 Berengarius2)
1637 3059 1830 3134 patria

548 3146 911 3207 Turonensis
943 3147 1214 3205 Fulberti
1243 3144 1325 3226 (p.
1360 3143 1513 3227 943)
1566 3147 1829 3223 discipu-

1877 1281 2136 1338 sectatus
2169 1282 2259 1337 est
2289 1280 2349 1337 et
2377 1281 2531 1336 teste
2580 1276 2970 1336 Bernoldo
3028 1294 3177 1334 con-

1878 1368 2193 1426 stantiensi
2256 1366 2328 1425 de
2378 1367 2723 1444 Berengarii
2783 1366 3178 1423 damnatione

1878 1457 2200 1534 multiplici
2218 1476 2274 1515 n.
2303 1468 2321 1518 l
2348 1450 2469 1538 (Mi
2488 1476 2528 1533 g
2542 1474 2626 1514 ne
2642 1454 2941 1524 CXLVIII,
2968 1466 2990 1515 l
3010 1453 3179 1529 453)

1879 1546 2227 1614 ,veritatem
2276 1545 2556 1605 dominici
2608 1542 2874 1619 corporis
2918 1545 2981 1602 et
3033 1561 3180 1601 san-

1881 1635 2083 1713 guinis
2134 1639 2340 1694 contra
2399 1634 2800 1711 evangelicam
2848 1632 3179 1692 veritatem

1882 1724 2172 1802 abnegare
2205 1724 2635 1801 praesumpsit:
2683 1721 2959 1781 videlicet
3002 1740 3180 1780 asse-

1878 1832 2013 1872 rens
2075 1832 2286 1889 panem
2347 1816 2409 1871 et
2467 1813 2676 1871 vinum
2753 1813 2814 1870 in
2877 1811 3185 1870 sacrificio

1883 1903 2121 1962 Domini
2152 1920 2270 1961 non
2303 1921 2438 1960 vere
2470 1921 2576 1960 nec
2608 1900 3030 1969 essentialiter,
3071 1901 3186 1959 sed

1881 1992 2132 2068 figurate
2164 1994 2402 2050 tantum
2448 1990 2712 2049 converti
2761 1990 2824 2048 in
2857 2007 3084 2064 corpus
3122 1992 3187 2047 et

1883 2080 2232 2157 sanguinem
2254 2079 2617 2138 dominicum
2651 2124 2664 2137 .
2698 2127 2710 2139 .
2744 2123 2756 2136 .
2793 2076 3185 2154 Quapropter

1880 2189 1924 2232 s.
1969 2170 2083 2228 Leo
2128 2188 2280 2246 papa
2308 2168 2404 2226 IX.
2451 2169 2698 2227 eandem
2730 2167 3026 2226 haeresim
3065 2211 3080 2225 .
3117 2211 3131 2225 .
3165 2209 3180 2223 .

1879 2258 2140 2335 generali
2192 2256 2403 2334 synodi
2447 2256 2675 2333 judicio
2738 2255 3063 2315 ventilavit
3116 2260 3181 2313 et

1883 2347 2233 2406 ventilatam
2279 2346 2548 2423 synodali
2586 2345 2816 2422 judicio
2862 2345 3174 2403 damnavit

1881 2435 2124 2514 (Romae
2173 2429 2370 2518 1050)
2403 2480 2417 2494 .
2450 2480 2463 2494 .
2498 2480 2510 2493 .
2562 2435 2791 2493 Deinde
2842 2433 3043 2510 ipsum
3094 2434 3170 2490 ad

1881 2526 2204 2603 proximam
2237 2528 2384 2584 tunc
2411 2523 2706 2601 synodum
2741 2569 2752 2582 .
2788 2566 2802 2583 .
2837 2567 2849 2579 .
2883 2523 3164 2582 Vercellis

1883 2615 2293 2675 celebrandam
2343 2611 2569 2694 (mense
2618 2613 2955 2690 Septembri
2998 2613 3157 2688 ejus-

1882 2706 2017 2763 dem
2048 2699 2126 2786 a.)
2167 2704 2403 2763 vocavit
2433 2703 2814 2762 audiendum.
2881 2701 2971 2760 Ad
3011 2702 3163 2759 hanc

1885 2794 2180 2871 synodum
2213 2812 2332 2852 non
2364 2793 2489 2869 ipse
2520 2793 2897 2869 Beringirius
2930 2788 3165 2873 (captus

1882 2883 2177 2960 siquidem
2209 2882 2405 2941 fuerat
2419 2882 2493 2940 ab
2514 2881 2770 2940 Henrico
2792 2881 2822 2938 I
2842 2874 3026 2960 rege),
3063 2878 3165 2937 sed

1883 2972 2125 3048 quidam
2157 2972 2288 3046 ejus
2320 2971 2584 3030 fautores
2607 2973 3027 3046 pervenerunt,
3064 2967 3170 3043 qui

1884 3080 1945 3119 se
1989 3062 2218 3137 legatos
2251 3060 2379 3136 ejus
2413 3062 2746 3118 asserentes
2777 3077 3033 3133 eumque
3067 3057 3168 3114 de·

1885 3150 2119 3209 fendere
2150 3149 2418 3209 volentes
2450 3148 2516 3207 in
2547 3148 2738 3223 primo
2758 3147 2925 3207 aditu
2944 3147 3169 3205 defece-

545 3238 661 3308 lus,
697 3237 761 3295 in
794 3235 1036 3295 civitate
1070 3237 1263 3312 patria
1295 3236 1521 3294 scholas
1552 3237 1706 3294 rexit
1736 3241 1827 3294 at·
1884 3242 2085 3298 runt.‘
2135 3237 2384 3297 Interim
2416 3238 2519 3296 ille
2551 3255 2614 3294 se
2646 3237 2710 3295 in
2742 3235 3172 3295 Normanniam

630 3483 663 3534 s)
692 3478 865 3533 Plura
909 3478 979 3531 de
1024 3495 1087 3532 eo
1135 3478 1308 3531 habes
1353 3478 1412 3531 in
1465 3479 1588 3548 ejus
1633 3478 1754 3533 vita
1797 3496 1832 3532 a
1890 3506 2067 3565 lelmo
2130 3506 2366 3564 coactus
2428 3507 2519 3563 03ss
2570 3503 2754 3562 scotti

550 3548 592 3601 P
609 3541 681 3602 e‘t
694 3567 722 3602 r
738 3566 770 3604 o
800 3548 1005 3603 Pisano
1033 3549 1353 3619 conscripta
1378 3550 1533 3620 apud
1562 3549 1635 3601 W
1651 3567 1685 3604 a
1702 3553 1727 3604 t
1741 3553 1768 3604 t
1782 3567 1831 3604 e·

1888 3328 2129 3403 recepit,
2195 3327 2298 3385 ubi
2361 3327 2425 3385 in
2487 3329 2786 3385 conventu
2837 3323 3174 3384 britonensi

1887 3413 2198 3500 (Brionne)
2229 3415 2526 3475 refutatus
2558 3414 2632 3473 ab
2652 3414 2922 3475 Ascelino
2943 3417 3007 3472 et
3027 3412 3177 3472 Gui-

2815 3502 3176 3573 doctrinam,

548 3620 712 3674 ffich
759 3620 921 3674 Pom,
967 3638 1108 3675 rom,
1148 3620 1301 3674 ἤρξω
1346 3622 1383 3686 Ι,
1413 3623 1724 3682 571—5743
1772 3621 1833 3675 in
1888 3614 2065 3671 quam
2100 3613 2265 3653 suam
2311 3594 2547 3665 fecerat,
2593 3593 2901 3651 damnare:
2948 3591 3179 3650 iterum

552 3693 673 3746 vita
699 3710 733 3745 a
760 3692 1091 3745 Ruinart
1128 3691 1469 3746 concinnata
1510 3693 1660 3747 inter
1687 3694 1833 3748 Ouv·
1889 3686 2015 3760 ejus
2049 3683 2320 3742 doctrina
2350 3683 2626 3741 damnata
2668 3680 2788 3740 fuit
2831 3682 2897 3739 in
2942 3680 3175 3757 synodo

549 3780 713 3831 rages
739 3765 1073 3832 posthumes
1100 3764 1169 3816 de
1195 3762 1260 3817 D.
1289 3763 1344 3816 M
1361 3780 1395 3816 a
1414 3764 1448 3815 b
1465 3763 1609 3819 illo
1627 3783 1664 3817 n
1691 3767 1751 3818 et
1765 3764 1834 3818 de
1894 3772 2204 3849 parisiensi
2250 3791 2301 3834 g,
2341 3781 2460 3834 105
2479 3782 2526 3832 ι,
2575 3770 2824 3840 ,Victor
2845 3769 2958 3850 (113
2996 3769 3175 3845 jux-ta

552 3834 1837 3975 {assassi-Jsssssffszsseijssze,‘3531
1890 3862 2036 3921 21102
2086 3862 2278 3920 adhuc
2321 3860 2439 3919 ιω
2483 3856 2590 3941 1³1>
2625 3904 2639 3918 ·
2673 3903 2733 3919 ··
2784 3858 3176 3936 praequm

553 3983 685 4033 259:
737 3976 981 4031 Wurm
1010 3976 1121 4031 KL.
1163 3977 1282 4039 XII,
1323 3983 1635 4037 438—4ssz
1691 3978 1836 4032 Hist.
1890 3950 2332 4010 Ber¹²0¹du⁸
2384 3969 2441 4013 n·
2498 3960 2552 4020 3²
2615 3948 2799 4007 misso
2849 3948 3046 4024 legato
3107 3947 3172 4003 in

552 4050 637 4103 lit.
666 4048 814 4110 Vlll,
844 4055 1140 4105 514—553.
1893 4039 2114 4098 Gallias
2147 4057 2296 4108 ven„
2329 4038 2591 4113 inquam,
2627 4035 3030 4096 Hildebrando
3063 4079 3076 4092 .
3108 4079 3121 4091 .
3157 4078 3171 4092 .

628 4123 666 4188 2)
696 4120 860 4173 ΑΒΜ
880 4123 954 4174 ab
973 4136 1038 4174 ΘΟ
1062 4123 1149 4172 9θῦ
1173 4118 1216 4171 Β
1234 4134 1263 4170 ⁰
1280 4135 1307 4170 ¹·
1324 4134 1353 4171 θ
1370 4137 1407 4170 n
1425 4138 1462 4188 8
1479 4136 1512 4171 ὃ
1528 4137 1556 4171 ¹·
1577 4118 1596 4172 i
1616 4136 1651 4172 u
1669 4136 1694 4172 ⁸
1720 4120 1837 4188 pie.
1892 4128 2223 4206 generalem
2247 4127 2541 4203 synodum
2560 4126 2816 4184 Turonis
2850 4142 3169 4201 congrega-

552 4189 1548 4333 ffiffl⁸t123333¹35320⁶(t?.⁰¹f1¹¹4¹3>⁸
1576 4193 1841 4322 αἰὲρὲὥίῗ
1895 4217 1984 4276 *it
2028 4211 2277 4299 (¹0⁵4)2
2347 4217 2411 4276 in
2460 4234 2579 4290 (ιω
2621 4215 2752 4290 ipse
2796 4211 3169 4289 Beringirius

556 4334 685 4387 Acri
699 4335 1143 4404 stiloaggressus
1163 4335 1248 4387 est
1264 4332 1616 4386 Bernardum
1629 4336 1839 4403 patres·
1896 4311 2134 4382 accepta
2147 4305 2384 4380 optione
2415 4303 2766 4362 defendendi
2812 4320 2893 4371 ΒΕ,
2940 4319 3074 4360 cum
3104 4316 3170 4356 ΒΘ

555 4421 665 4473 que
710 4405 938 4459 concilii
981 4403 1326 4468 senonensis,
1383 4405 1484 4472 qui
1530 4404 1835 4458 Abaelardi
1894 4395 2134 4471 penitus
2155 4392 2469 4453 defendere
2486 4409 2606 4451 non
2626 4392 2843 4467 posset,
2878 4389 2989 4448 sub
2999 4389 3165 4464 jure·

555 4476 855 4557 opiniones
871 4477 1231 4558 damnarunt.
1259 4475 1627 4558 I’ostmodum
1649 4478 1839 4558 tamen
1885 4484 2143 4559 jurando
2173 4481 2471 4559 propriam
2510 4479 2797 4539 haeresim
2829 4477 3165 4537 anathem,-

556 4563 735 4628 quam.
771 4549 1123 4629 Pai¹¹¹⁰d¹a¹¹¹
1167 4550 1394 4629 ‘'efflui“
1445 4547 1584 4615 EJ¹¹⁸
1625 4550 1839 4628 ⁸9¹¹Pf‘a
1893 4573 2100 4632 tizavit
2148 4577 2209 4631 et
2226 4589 2596 4631 communem
2616 4587 2660 4629 a.
2680 4567 2975 4628 Ecclesiae
2994 4565 3170 4626 fidem

555 4634 803 4686 reperies
848 4623 998 4672 iuter
1044 4618 1349 4671 Abaelardi
1390 4635 1564 4687 opera
1592 4618 1839 4688 Migne
1894 4662 1965 4721 de
1997 4617 2249 4721 vedum,
2295 4659 2558 4735 eorporis
2604 4660 2665 4717 ot
2709 4655 3019 4733 sanguinis
3050 4654 3165 4711 Do·

557 4689 911 4749 CLXXVIllz
977 4690 1059 4745 Cf.
1124 4689 1214 4741 Fa
1234 4690 1482 4743 briciu
1503 4708 1527 4742 s
1593 4698 1638 4752 1,
1706 4695 1838 4748 198:

562 4758 609 4810 Η
627 4775 661 4810 a
676 4776 712 4825 y
729 4760 762 4811 d
794 4760 905 4812 KL·
938 4762 1000 4822 ΙΙ,
1028 4767 1133 4816 390
1160 4777 1199 4811 s.
1894 4751 2044 4809 mini
2066 4769 2127 4809 se
2148 4749 2421 4824 deinceps
2443 4750 2811 4806 servaturum
2833 4744 2947 4804 sub
2964 4742 3164 4802 eodem
