3505 5161
167 4861 262 4918 ’Ἄ

440 244 561 297 467

1055 234 1366 283 501-550.
1395 226 1709 297 Scriptores
1731 224 2021 295 polemici.
2044 226 2266 279 Aeneas
2289 240 2428 295 gaz„

2929 241 3053 297 468

437 412 830 490 neoplatonici
865 412 1205 488 philosophi
1239 413 1587 489 discipulus,
1623 413 1714 471 in·
1772 415 1882 473 hoc
1914 414 2116 473 seculo
2147 413 2478 488 composuit
2507 413 2814 491 dialogum
2846 413 3053 472 inscri-

437 503 624 579 signis
656 503 982 561 rhetoricae
1014 501 1300 579 magister
1319 503 1522 576 Gazae,
1556 501 1716 561 unde
1771 507 1944 578 ptum
1994 503 2436 579 Theophrastus
2498 503 2568 561 de
2626 503 3056 561 immortalitate

435 592 484 649 G
499 612 533 650 a
547 612 575 649 z
591 610 622 649 e
638 609 678 649 n
696 608 723 649 s
740 590 805 650 is
839 591 1291 668 cognominatus
1322 595 1431 663 est,
1466 592 1714 651 ineunte

433 795 674 850 theismo
706 795 854 851 viam
894 796 1115 861 sternit,
1156 797 1322 865 cujus
1356 796 1602 850 habetur
1629 812 1716 851 vc-

432 866 543 921 lnti
611 884 796 932 arens,
823 867 958 923 hinc
984 867 1158 923 etiam
1193 868 1255 923 in
1279 884 1436 922 conc.
1464 883 1717 922 oecume-

432 938 561 994 nico
633 978 645 992 .
662 940 730 992 ut
743 940 1065 993 haereticus
1080 938 1196 995 fnit
1210 940 1532 994 damnatus.
1560 940 1717 1010 Opus

431 1010 721 1080 integrum
749 1026 863 1064 non
908 1010 1160 1081 amplius
1199 1013 1400 1075 exstat,
1445 1010 1542 1064 sed
1570 1010 1717 1082 frag-

431 1085 623 1135 menta
651 1084 740 1135 sat
777 1097 987 1153 magna
1028 1081 1194 1136 nobis
1219 1082 1535 1136 asservavit
1560 1099 1602 1135 s.
1629 1084 1716 1137 J0.

429 1151 932 1208 Damascenus
996 1152 1064 1207 de
1130 1152 1343 1207 haeres.
1396 1154 1436 1219 1,
1494 1156 1716 1209 101-7.

432 1223 643 1277 Contra
683 1222 998 1295 Philoponi
1041 1241 1119 1281 cc.
1159 1226 1209 1288 7,
1255 1241 1501 1293 quorum
1526 1224 1589 1277 in
1617 1224 1716 1280 illo

429 1294 768 1350 meminerat
794 1311 981 1365 opere,
1017 1295 1246 1366 scripsit
1271 1298 1413 1350 teste
1440 1295 1483 1349 Ρ
1498 1296 1539 1351 h
1555 1296 1715 1351 otio

428 1366 552 1422 cod.
567 1373 634 1423 50
651 1366 874 1420 Nicia
889 1384 916 1420 s
935 1366 1182 1438 (Nikios)
1197 1367 1529 1431 monachus,
1551 1368 1717 1437 cujus

429 1453 658 1505 quoque
687 1440 823 1491 sunt
836 1437 951 1492 duo
968 1454 1252 1492 sermones
1270 1442 1467 1492 contra
1483 1455 1715 1509 graecos

428 1512 486 1561 et
510 1508 787 1580 scriptum
815 1511 1013 1563 contra
1039 1511 1306 1564 Severum
1349 1510 1714 1579 monophysi-

427 1584 541 1634 tam
565 1580 924 1653 (deperdita).
951 1614 1019 1621 —
1046 1580 1335 1635 Adversus
1363 1580 1406 1634 Ρ
1421 1599 1450 1634 r
1466 1597 1498 1635 o
1514 1580 1580 1635 cl
1601 1598 1638 1635 u
1656 1599 1712 1634 m

427 1651 895 1722 neoplatonicum
936 1652 1079 1705 bene
1125 1652 1222 1705 sed
1263 1652 1483 1723 prolixe
1523 1652 1713 1706 admo·

426 1723 563 1776 dum
592 1722 854 1793 disputat
891 1728 955 1778 de
979 1729 1287 1779 aeternitate
1311 1727 1499 1779 mundi
1522 1726 1712 1795 (quem

428 1793 463 1846 l.
494 1793 678 1848 edidit
703 1793 772 1847 H.
800 1794 896 1848 Ra
916 1795 1012 1858 be,
1053 1794 1120 1849 Li
1164 1794 1279 1848 siae
1326 1801 1477 1857 1899,
1519 1798 1577 1848 et
1591 1795 1714 1864 jam

426 1869 595 1918 antea
623 1865 1109 1921 Trincavelli
1190 1865 1395 1920 enetiis
1417 1872 1552 1923 1535
1574 1865 1710 1935 inf.)

428 1953 599 2004 quam
626 1937 829 2006 rejicit.
858 1969 923 1978 ——
953 1941 1034 1991 De
1058 1941 1265 2007 opificio
1290 1940 1483 1992 mundi
1508 1938 1564 1992 11.
1586 1937 1711 2001 VII,

427 2006 640 2074 quibus
665 2008 897 2063 exhibet
917 2007 1208 2062 eruditum
1239 2008 1711 2064 commentarium

427 2078 487 2131 in
515 2078 726 2147 Moysis
753 2079 1159 2134 Hexaemeron.
1188 2079 1411 2135 Prodiit
1436 2080 1544 2134 hoc
1567 2096 1712 2151 opus

427 2166 544 2202 cur.
574 2152 613 2203 C
631 2167 662 2203 o
681 2168 708 2202 r
724 2151 759 2203 d
776 2166 805 2203 e
822 2168 849 2202 r
865 2150 884 2203 i
902 2167 933 2203 0
961 2150 1217 2206 Viennae
1238 2155 1391 2215 1630,
1419 2150 1515 2204 sed
1539 2150 1710 2223 longe

425 2220 750 2275 accuratius
777 2237 895 2275 cur.
921 2220 1011 2275 W.
1045 2221 1095 2275 R
1111 2239 1140 2276 e
1158 2222 1178 2275 i
1193 2239 1221 2276 c
1239 2222 1278 2275 h
1296 2222 1334 2275 h
1352 2239 1386 2275 a
1402 2240 1430 2275 r
1444 2222 1481 2275 d
1499 2226 1524 2275 t
1560 2223 1713 2276 inter

427 2292 729 2362 scriptores
755 2309 943 2347 sacros
968 2295 1027 2347 et
1049 2294 1322 2375 profanos
1349 2293 1485 2349 fasc.
1514 2296 1553 2358 1,
1583 2293 1711 2364 Lip-

425 2362 540 2417 siae
586 2369 738 2421 1897.
786 2365 852 2416 Ι.ι
903 2381 968 2419 eo
1021 2369 1171 2421 sicut
1215 2384 1256 2418 s.
1301 2365 1599 2420 Basilio
1645 2369 1713 2419 ut

424 2434 739 2557 plurimum
766 2437 1067 2501 consentit,
1094 2436 1176 2491 ita
1197 2452 1298 2509 per
1320 2436 1512 2490 omnia
1534 2436 1709 2490 Theo-

465 2522 563 2559 oro
591 2523 767 2576 mops.
796 2510 1097 2577 repugnat.
1150 2509 1214 2562 In
1255 2508 1596 2575 quibusdem
1622 2508 1710 2561 ed.

423 2576 698 2648 adjicitur
724 2577 1041 2650 disputatio
1085 2578 1304 2651 (dubia)
1344 2585 1408 2634 de
1442 2585 1709 2650 paschate,

424 2649 482 2772 ’ξι
513 2666 627 2717 qua
655 2651 951 2704 ostendere
977 2651 1205 2780 ”iiiitlur'
1252 2650 1540 2706 Christum
1568 2651 1708 2778 offig-

463 2736 613 2775 rasse
638 2737 871 2777 coenam
898 2739 1033 2793 pasc
1078 2740 1109 2775 a
1134 2740 1223 2776 em
1251 2739 1368 2777 non
1389 2739 1556 2777 sensu
1689 2754 1708 2764 ·

421 2792 545 2856 rali,
572 2793 670 2846 sed
696 2793 956 2863 mystico,
982 2811 1113 2850 cum
1133 2811 1198 2847 ea
1225 2811 1338 2849 non
1362 2793 1630 2850 inciderit
1648 2793 1708 2848 in

421 2864 632 2945 festum
658 2864 963 2947 paschatis,
986 2884 1099 2933 quo
1122 2867 1302 2920 solum
1326 2882 1391 2918 ea
1414 2868 1536 2920 erat
1551 2881 1708 2937 prae-

421 2935 926 3077 tristitia}
933 2936 1563 3078 terffiatmffffississsstiffst
1577 2936 1707 3062 {3:331

423 3077 545 3132 Car.
594 3077 668 3130 W
685 3078 841 3132 alte
859 3097 887 3132 r
949 3079 1100 3135 inter
1148 3082 1446 3135 comment.
1497 3079 1705 3150 philos.

413 3151 676 3216 jenenses
718 3149 812 3215 VI,
839 3157 871 3205 2
912 3168 968 3220 p.
1003 3157 1295 3207 195—225.
1344 3185 1408 3192 —
1453 3151 1518 3204 In
1560 3150 1706 3222 disp.

419 3224 482 3274 de
508 3227 892 3276 resurrectione
932 3225 1109 3303 negat
1145 3221 1495 3276 numericam
1542 3225 1600 3276 et
1623 3221 1706 3275 in·

421 3291 774 3347 dividualem
802 3308 1056 3363 corporis
1081 3293 1408 3347 resuscitati
1433 3293 1706 3347 identita-

420 3367 536 3418 tem
563 3381 693 3417 cum
721 3379 803 3426 e0‚
832 3365 987 3430 quod
1015 3365 1184 3419 modo
1210 3367 1521 3435 gestamus,
1549 3381 1706 3420 sanc·

421 3439 724 3502 torumque
759 3437 989 3504 patrum
1040 3437 1442 3491 auctoritatem
1487 3436 1705 3490 irridet.

422 3508 631 3557 (entra
657 3505 812 3557 hunc
855 3505 1065 3559 librum
1109 3506 1462 3576 scripserunt
1488 3507 1533 3561 T
1549 3507 1587 3560 h
1604 3524 1634 3561 e
1651 3524 1704 3561 o-

420 3575 455 3627 d
474 3591 507 3629 o
524 3594 549 3628 s
565 3575 639 3628 iu
657 3593 682 3628 s
723 3575 977 3643 qnidam,
1023 3579 1187 3646 cujus
1230 3577 1494 3632 meminit
1536 3577 1579 3631 Ρ
1596 3578 1635 3631 h
1652 3593 1706 3632 o·

421 3645 577 3700 tius
603 3646 723 3699 cod.
755 3653 822 3701 22
849 3646 1120 3717 (Migne
1148 3648 1413 3721 Cuneo),
1441 3649 1704 3714 Conon,

421 3717 520 3770 Eu
543 3717 813 3788 genius
875 3723 934 3772 et
983 3718 1453 3775 Themistius
1516 3737 1706 3775 mono·

422 3788 702 3858 physitae‚
731 3788 834 3855 qui
860 3789 918 3844 in
947 3790 1065 3844 suis
1091 3794 1288 3845 eontra
1329 3793 1452 3861 ejus
1496 3792 1564 3845 de
1592 3808 1706 3845 car-

421 3860 511 3912 nis
575 3860 986 3916 resurrectione
1051 3863 1426 3916 deliramenta
1491 3868 1703 3918 Inrectn'-

1772 594 2005 651 animae
2048 596 2111 651 et
2154 594 2225 651 de
2269 610 2581 668 corporum
2625 591 3056 651 resurrectione

1773 680 2034 760 (Migne
2086 683 2147 740 Ρ.
2199 682 2264 741 G.
2296 680 2569 750 LXXXV,
2609 679 3051 765 871—1004)‚

1773 771 1879 847 qui
1911 770 2108 831 medio
2140 790 2283 831 aevo
2316 772 2380 830 in
2413 771 2631 830 scholis
2651 772 2852 848 magni
2873 774 3052 830 aesti-

1772 860 2048 919 mabatur
2067 860 2409 936 diciturque
2441 880 2475 918 a
2504 879 2623 919 non
2655 862 2890 919 nemine
2909 880 3053 921 auro

1772 949 1933 1008 omni
1982 950 2352 1026 gemmisque
2403 949 2737 1025 pretiosior.
2820 949 3053 1009 Prodiit

1773 1038 1953 1097 etiam
1985 1038 2232 1098 Parisiis
2281 1048 2445 1103 1836
2491 1039 2556 1097 in
2605 1048 2640 1102 8
2689 1056 2811 1097 cur.
2858 1039 2915 1098 J.
2960 1039 3051 1098 Fr.

1772 1127 2134 1187 Boissonade
2177 1146 2312 1187 cnm
2356 1128 2629 1187 versione
2661 1129 2709 1186 A
2728 1127 3051 1187 mbrosii

1772 1216 2261 1276 Calmaldnlensis
2314 1214 2374 1298 (†
2433 1211 2617 1298 1439)
2665 1220 2729 1275 et
2772 1216 3053 1275 Zacha-

1771 1304 1933 1364 riae
1963 1306 2299 1366 mitelenaei
2335 1306 2592 1382 scriptis.
2640 1305 2857 1381 Rejicit
2886 1306 2951 1364 in
2982 1324 3053 1365 eo

1769 1394 2290 1469 praeexistentiam
2322 1396 2654 1455 animarum
2667 1390 2716 1476 ¹)
2752 1408 2814 1453 et
2843 1395 3052 1454 mundi

1769 1484 2196 1555 aeternitatem,
2248 1504 2427 1561 qnam
2478 1484 2695 1543 statuit
2745 1484 3047 1561 Origenes,

1770 1577 1832 1630 et
1862 1572 2145 1633 adversus
2170 1574 2612 1651 neoplatonicos
2632 1573 2825 1632 carnis
2842 1576 3052 1632 tuetur

1769 1662 2283 1726 resurrectionem.
2348 1661 2675 1740 Reliquit¹¹>
2714 1663 2894 1721 etiam
2926 1665 3046 1738 epi-

1767 1752 1946 1810 stolas
1970 1760 2048 1815 25
2074 1752 2300 1822 breves,
2338 1752 2439 1812 sed
2473 1751 2709 1821 nitidas,
2743 1769 2892 1827 quas
2923 1751 3049 1810 edi-

1769 1839 1860 1897 dit
1880 1839 1935 1898 H
1949 1859 1981 1899 e
1997 1860 2027 1899 r
2041 1859 2071 1899 o
2089 1842 2125 1900 h
2141 1860 2171 1901 e
2187 1861 2220 1899 r
2244 1842 2307 1900 in
2326 1840 2810 1918 Epistolographi
2832 1840 3045 1917 graeci,

1767 1929 2011 1988 Parisiis
2064 1938 2228 1994 1873
2275 1951 2332 2007 p.
2381 1939 2661 1993 24—32.
2693 1963 2780 1973 -—
2811 1929 3051 2005 Reperit

1767 2017 2071 2095 ediditque
2103 2020 2244 2078 Mai
2288 2021 2352 2078 in
2398 2019 2544 2078 bibl.
2589 2037 2744 2078 nova
2776 2019 2887 2076 ΡΡ.
2921 2018 3045 2099 (IV,

1771 2117 1827 2176 2,
1880 2117 1979 2176 79,
2028 2108 2164 2167 iude
2209 2109 2461 2186 Migne
2490 2107 2854 2177 LXXXVIII,
2890 2116 3046 2170 529-

1771 2195 1922 2273 579)
1943 2197 2359 2273 disputationes
2389 2196 2625 2256 habitas
2655 2216 2704 2255 a.
2731 2206 2854 2260 527
2890 2198 3049 2256 inter

1767 2285 2183 2345 Photinum
2216 2287 2624 2346 manichaeum
2655 2290 2718 2345 et
2747 2286 3046 2344 Paulum

1766 2374 2176 2448 christianum,
2224 2377 2465 2436 natione
2510 2375 2767 2435 Persam.
2851 2375 2931 2438 ef.
2978 2376 3044 2433 G.

1766 2463 2089 2523 Mercati
2120 2464 2233 2523 Per
2262 2466 2321 2523 la
2364 2465 2492 2524 vita
2535 2483 2568 2523 e
2610 2464 2699 2541 gli
2746 2464 2938 2524 scritti
2983 2462 3047 2521 di

1767 2552 1945 2612 Paolo
1976 2553 2021 2613 il
2041 2553 2340 2614 Persinno.
2372 2552 2644 2631 Appunti
2677 2551 2739 2612 di
2771 2572 2893 2613 uua
2923 2552 3045 2612 dis-

1763 2646 1914 2717 puta
1945 2643 2006 2701 di
2037 2642 2325 2720 religione
2346 2646 2502 2703 sotto
2523 2643 2803 2703 Giustino
2835 2661 2868 2702 e
2899 2643 3044 2702 Gin-

1765 2730 2024 2790 stiniano
2085 2733 2150 2790 in
2210 2750 2303 2808 op.
2367 2734 2522 2792 Note
2578 2733 2640 2790 di
2689 2733 3046 2792 letteratnra

1764 2819 1983 2879 biblica
2013 2840 2045 2879 e
2076 2821 2358 2880 cristiana
2388 2821 2599 2892 antica,
2634 2822 2848 2880 Romae
2877 2831 3032 2884 1901

1763 2928 1818 2984 p.
1859 2918 2226 2981 180-206,
2264 2913 2443 2987 juxta
2487 2928 2663 2985 quem
2694 2910 2792 2970 hic
2823 2911 3046 2968 Paulus

1762 2998 1921 3057 idem
1952 3002 2046 3058 est
2065 3017 2201 3058 cum
2220 3000 2409 3059 Panlo
2440 3001 2516 3059 ni
2533 2999 2654 3058 sib
2672 3017 2808 3058 eno
2825 3042 2839 3070 ‚
2874 3000 3046 3075 cujus

1763 3104 1913 3163 opus
1944 3087 1984 3145 J
1999 3088 2312 3148 unilins
2343 3088 2659 3147 Africanus
2691 3087 2874 3147 latine
2916 3106 3047 3146 ver·

1764 3194 1897 3234 sum
1929 3177 2172 3236 exhibet
2202 3178 2266 3235 in
2299 3179 2425 3236 suis
2447 3178 2740 3237 Institutis
2758 3178 3045 3255 requlori-

1762 3265 1866 3322 bus
1897 3265 2133 3325 divinae
2160 3267 2327 3343 legis,
2374 3271 2436 3325 et
2480 3266 2629 3342 ipse,
2678 3284 2797 3325 non
2831 3265 3046 3325 Zacha-

1761 3354 1879 3412 rias
1910 3355 2224 3426 Mitilaens‚
2241 3358 2446 3415 auctor
2475 3359 2570 3416 est
2587 3356 2912 3432 Apologiae
2943 3354 3048 3413 ad-

1765 3461 1971 3503 versus
2003 3449 2291 3526 πρότασις
2335 3445 2657 3504 Photini
2704 3443 3047 3503 manichaei.

1763 3532 2236 3608 Disputationem
2307 3552 2448 3593 vero
2525 3537 2729 3593 censet
2788 3532 3048 3591 fideliter

1762 3622 1954 3680 literis
2003 3622 2189 3681 fuisse
2233 3623 2660 3700 consignatam.
2727 3622 2806 3681 Cf.
2846 3621 3048 3680 Kihn

1844 3796 1877 3863 ¹)
1906 3792 2116 3846 Contra.
2155 3793 2304 3848 hanc
2344 3796 2402 3847 et
2440 3791 2695 3847 omnium
2736 3790 3048 3846 restitutio-

1762 3880 1908 3928 nem,
1937 3880 2084 3932 quae
2111 3864 2327 3935 pariter
2361 3865 2514 3917 inter
2541 3863 2806 3935 Origenis
2832 3878 3049 3916 errores

421 3936 495 3985 ris
523 3947 648 3988 eum
692 3932 925 3988 omnino
966 3950 999 3985 a
1039 3934 1354 3988 christiana
1400 3935 1704 3988 abhorrere
1759 3939 2101 3999 recensetur,
2142 3936 2371 4007 scripsit
2397 3954 2439 3989 s.
2466 3934 2511 3988 B
2527 3952 2558 3988 a
2575 3952 2603 3987 r
2618 3953 2644 3988 s
2660 3953 2694 3988 a
2709 3954 2748 3989 n
2765 3953 2802 3987 u
2820 3954 2857 4005 p
2875 3934 2913 3987 h
2931 3933 2951 3987 i
2967 3951 3005 3987 u
3023 3952 3049 3987 s

421 4003 528 4056 fide
555 4003 848 4057 affirmant
872 4008 1014 4058 teste
1042 4005 1239 4059 eodem
1267 4006 1310 4058 P
1327 4006 1365 4058 h
1383 4022 1415 4059 o
1432 4005 1542 4059 tio
1583 4008 1704 4059 cod.
1762 4007 1869 4059 sub
1896 4007 2206 4061 Aureliano
2248 4007 2513 4078 episcopo
2555 4005 2739 4061 Gazae
2766 4009 2832 4077 (c.
2861 4008 2983 4077 540)
3011 4005 3049 4061 l.

422 4082 505 4130 23.
537 4106 601 4114 ———
630 4074 890 4142 Reliquit
927 4076 963 4129 l.
999 4077 1272 4130 adversus
1298 4078 1580 4144 synodum
1609 4077 1704 4142 IV,
1762 4077 2134 4148 inscriptum:
2180 4082 2441 4134 Doctrina
2467 4083 2611 4133 circa
2637 4082 2905 4147 opiniones
2931 4078 3047 4131 Ori·

420 4146 587 4215 plura
660 4151 1039 4201 commentaria
1113 4148 1174 4203 in
1245 4151 1292 4200 A
1309 4148 1505 4202 risto
1523 4151 1590 4201 te
1609 4150 1628 4202 1
1645 4148 1665 4201 i
1682 4166 1706 4201 s
1758 4154 1922 4215 yeme,
1950 4152 2178 4219 Ecayn’n'
2219 4159 2267 4204 et
2294 4153 2534 4219 Didymi,
2578 4166 2693 4205 non
2738 4148 3047 4218 indignum

421 4233 592 4290 opera
619 4220 678 4271 et
700 4216 817 4270 alia.
844 4218 1143 4285 quaedam.
1190 4219 1271 4273 cf.
1312 4222 1537 4289 praeter
1563 4219 1705 4273 alios
1763 4220 2048 4291 theologis
2074 4237 2106 4274 o
2150 4222 2435 4284 usculum,
2478 4222 2632 4292 apud
2680 4218 3048 4275 Gallandi

420 4291 455 4340 S
473 4307 501 4342 c
517 4288 555 4341 h
575 4306 606 4343 o
624 4304 653 4341 e
669 4310 705 4344 n
724 4289 879 4342 feld
898 4306 926 4342 e
943 4306 972 4341 r
1011 4290 1104 4342 die
1130 4289 1571 4362 Kirchengesch.
1608 4290 1706 4344 des
1764 4292 1856 4355 XI,
1885 4297 2018 4352 592;
2133 4291 2207 4362 ig
2224 4311 2262 4345 n
2279 4309 2308 4345 e
2350 4292 2410 4344 Ρ.
2439 4292 2505 4349 G.
2543 4291 2843 4356 LXXXVI,
2868 4296 3047 4347 891-

417 4358 708 4414 Johannes
737 4377 847 4414 von
869 4359 1130 4430 Ephesus
1148 4378 1253 4415 aus
1290 4363 1400 4415 den
1419 4361 1706 4416 Schriften
1763 4369 1883 4420 902.
1936 4362 2107 4417 Porro
2161 4364 2254 4417 hic
2305 4363 2741 4434 Barsanuphius
2788 4363 3046 4418 inclusus

421 4432 705 4484 iibersetzt
749 4431 856 4485 mit
899 4433 1056 4486 einer
1083 4434 1230 4487 Abh.
1271 4435 1410 4487 iiber
1450 4434 1559 4486 den
1588 4433 1706 4486 Tri·
1761 4434 1970 4489 cellula
1995 4434 2097 4488 diu
2137 4435 2286 4489 nulli
2325 4435 2622 4490 hominum
2675 4435 2825 4490 visus
2866 4433 3045 4487 vitam

421 4502 712 4564 theismus‚
767 4502 1050 4557 Mfinchen
1107 4507 1242 4561 1862
1292 4524 1346 4574 p.
1390 4510 1493 4561 267
1507 4511 1663 4560 -311
1694 4525 1704 4564 ;
1762 4505 1948 4559 carnis
1974 4509 2259 4576 expertem
2288 4506 2460 4560 duxit
2490 4521 2816 4577 magnaque
2843 4503 3048 4561 sancti·

418 4575 452 4626 S
470 4577 540 4626 to
559 4590 587 4626 e
607 4590 635 4626 c
653 4574 729 4626 kl
757 4573 870 4626 KL.
899 4575 1020 4638 vll,
1058 4578 1363 4635 1748—54:
1392 4575 1436 4627 B
1452 4592 1486 4628 a
1502 4594 1530 4629 r
1546 4575 1582 4628 d
1601 4591 1629 4628 e
1648 4594 1707 4629 n·
1762 4577 1900 4632 tatis
1928 4577 2077 4631 fama.
2105 4577 2315 4632 floruit.

420 4645 660 4697 hewer
688 4652 838 4718 §101
872 4664 927 4698 n.
955 4653 1003 4702 3.
1050 4646 1222 4699 Plura
1252 4647 1506 4714 ejusdem
1534 4663 1705 4716 opera
1838 4653 1877 4719 2)
1908 4647 1991 4702 cf.
2017 4649 2280 4704 Stockl
2320 4648 2504 4713 KL.1‚
2531 4655 2666 4710 286;
2716 4646 2919 4702 Seitz
2954 4647 3046 4700 die

419 4716 653 4795 exhibet
704 4719 746 4765 G
767 4715 920 4769 alla
942 4736 974 4768 n
993 4717 1068 4770 di
1119 4721 1158 4770 t.
1209 4719 1312 4770 XII
1375 4723 1511 4788 (non
1575 4734 1705 4771 vero
1760 4718 1965 4774 Schule
1994 4738 2106 4774 von
2134 4719 2301 4785 Gaza,
2337 4720 2683 4790 Heidelberg
2714 4726 2849 4776 1892
2876 4736 2930 4788 p.
2960 4724 3047 4774 23-

422 4785 710 4854 Migne).
1762 4790 2744 4859 27:Bardenhewer§s2n.2.
