3505 5161
370 259 407 314 8
426 260 505 314 93
875 240 1295 312 Hagiographi.
1324 241 1778 309 Erchanbaldus,
1805 242 2148 314 Stephanus,
2176 241 2527 297 Hucbaldus.
2860 198 2986 316 394
3075 237 3084 244 ·

363 429 469 491 vit.
528 428 674 488 Eam
718 426 901 487 habes
945 428 1105 488 inter
1151 429 1331 505 hujus
1377 446 1510 504 opp.
1554 429 1643 488 ed.
1698 449 1773 488 en
1807 448 1938 488 vers
1967 449 2077 505 par
2094 427 2364 488 Hucbald
2384 429 2455 493 de
2475 429 2532 489 S.
2551 431 2982 502 Amand.1Leo-

361 517 647 578 Luceni
678 517 895 575 Romae
936 516 1211 588 178611,
1269 528 1643 589 156--171;
1698 519 1786 577 dii
1856 527 2058 588 1878;
2127 527 2316 582 1891.
2377 521 2715 595 Antequam
2767 520 2987 583 Remos

364 608 617 685 Migne
659 607 724 668 P.
756 606 820 669 1..
850 605 1210 677 LXXXVIII,
1262 616 1643 677 563—5763
1699 610 1947 666 venerat
1975 610 2208 667 rexerat
2238 625 2372 667 cum
2395 627 2613 684 magna
2629 606 2985 673 eruditionis

364 698 536 773 plene
579 696 648 754 in
676 696 748 759 H.
781 695 1111 755 Bordier
1152 696 1265 755 Les
1309 696 1494 755 livres
1539 695 1645 754 des
1698 696 1855 756 fama
1873 696 2100 755 scholas
2119 697 2182 755 in
2202 714 2312 755 suo
2327 697 2686 757 monasterio
2703 698 2985 759 &Aman-

363 785 633 845 miracles
670 788 733 844 et
774 786 976 843 autres
1008 785 1324 861 opuscules
1357 786 1430 845 de
1461 785 1527 844 G.
1560 784 1644 849 Fl.
1701 785 1781 857 di,
1831 786 2004 861 cujus
2049 784 2475 846 bibliothecam
2515 786 2985 863 librisloouple-

367 874 645 952 Gregoire
696 875 768 932 de
830 873 1038 944 Tours,
1103 874 1270 933 Paris
1332 883 1494 938 1864
1544 873 1643 944 IV,
1699 874 1873 945 tavit,
1932 892 2190 950 quorum
2235 875 2438 950 plures
2483 876 2611 951 ipse
2656 875 2986 952 descripsit.

372 973 749 1034 125—159;
795 962 859 1020 in
904 962 1059 1022 Mon.
1092 963 1284 1026 Germ.
1330 967 1483 1022 auct.
1523 964 1645 1021 ant.
1700 963 1915 1023 Adhuc
1945 966 2274 1039 supersunt
2308 964 2537 1024 codices
2569 964 2986 1042 duodeviginti

364 1052 461 1123 IV,
513 1062 569 1123 2,
619 1061 920 1117 82-101
973 1070 1095 1111 cur.
1140 1053 1206 1112 B.
1248 1053 1546 1112 Krusoh
1573 1049 1643 1133 ¹).
1699 1054 1832 1128 ejus
1877 1071 2059 1111 mauu
2104 1052 2330 1129 scripti.
2398 1054 2665 1117 Decessit
2704 1062 2804 1118 20.
2840 1054 2988 1113 Jun.

361 1177 445 1191 «-
490 1142 664 1202 Alius
710 1141 805 1200 hic
849 1143 943 1200 est
985 1141 1059 1200 ab
1103 1140 1646 1201 Erchanbaldo
1703 1151 1850 1216 930,
1886 1141 2085 1201 dictus
2116 1162 2150 1201 a
2181 1160 2413 1201 morum
2434 1143 2686 1202 candore
2707 1143 2985 1219 ,Simplex

364 1225 790 1313 (Erganbaldo)
823 1229 888 1290 Ο.
921 1233 975 1294 S.
1006 1231 1151 1289 Ben.
1184 1230 1429 1290 ineunte
1461 1248 1575 1290 sec.
1595 1230 1646 1288 X
1701 1230 1831 1289 sine
1875 1230 2014 1290 felle
2059 1231 2370 1296 columba‘.
2431 1233 2695 1295 Musicus
2746 1250 2986 1309 quoque

365 1320 579 1380 abbate
623 1339 669 1379 s·
701 1318 1021 1379 Trudberti
1052 1319 1115 1381 in
1148 1320 1476 1398 Brisgovia,
1538 1319 1645 1395 qui
1699 1319 1996 1379 excellens
2027 1318 2146 1378 fnit
2189 1323 2251 1378 et
2287 1324 2499 1380 cantus
2549 1321 2622 1380 in.
2657 1323 2987 1382 multorum

365 1410 606 1487 scripsit
650 1411 827 1468 vitam
870 1427 917 1467 s.
962 1409 1270 1468 Trudberti
1302 1402 1645 1491 (Rudberti)
1701 1412 2045 1468 sanctorum
2090 1409 2372 1468 honorem
2417 1411 2782 1485 composuit,
2833 1411 2987 1470 Hine

363 1499 599 1558 hiberni
628 1498 908 1574 martyris
941 1493 1018 1578 (a.
1041 1494 1215 1579 607),
1249 1517 1400 1573 quae
1431 1501 1525 1557 est
1554 1516 1645 1556 re·
1701 1498 2136 1559 Gerbertus
2168 1498 2363 1557 insuo
2381 1517 2596 1575 magno
2626 1517 2719 1575 op.
2750 1498 2824 1558 de
2854 1499 2987 1561 Mu·

363 1588 642 1647 tractatio
685 1586 1096 1662 etampliatio
1134 1589 1418 1646 Actorum
1452 1585 1644 1646 Trud-
1701 1587 1824 1646 sica
1855 1605 2019 1645 sacra
2058 1598 2109 1657 1,
2155 1595 2384 1651 loa-ss.
2415 1588 2592 1662 plura
2621 1588 2887 1663 ejusdem
2916 1590 2988 1647 de

364 1677 520 1753 perti
570 1677 646 1736 M.
695 1675 963 1736 omnium
1006 1695 1160 1752 quae
1205 1678 1446 1735 exstant
1489 1676 1644 1735 anti·
1699 1677 1922 1734 musica
1955 1675 2144 1734 edidit
2162 1675 2414 1751 scripta:
2448 1676 2521 1735 de
2542 1677 2988 1752 quibustsmon

365 1766 789 1842 quissimorum
838 1765 930 1825 ed.
980 1765 1054 1827 ab
1103 1766 1159 1827 J.
1202 1765 1275 1828 M.
1323 1766 1643 1834 Lorenz,
1699 1764 1773 1828 ef.
1819 1764 2105 1824 Mfiller
2145 1764 2452 1824 Hucbalds
2498 1767 2667 1825 lichte
2713 1765 2845 1829 und
2869 1785 2983 1825 un-

361 1854 744 1932 Argentorati
798 1863 960 1918 1777
1009 1854 1074 1917 in
1123 1864 1179 1917 4.
1242 1850 1532 1937 Prodiit2)
1580 1854 1644 1912 in
1699 1854 1869 1914 sohte
1919 1853 2214 1912 Schriften
2263 1852 2413 1912 iiber
2459 1855 2687 1926 Musik,
2747 1855 2988 1933 Leipzig

364 1944 573 2003 Pezii
619 1963 711 2019 ep.
756 1942 831 2002 ad
872 1943 947 2001 M.
978 1943 1327 2003 Hansizium
1359 1945 1414 2003 S.
1444 1943 1501 2006 J.
1537 1993 1552 2008 .
1582 1988 1600 2006 .
1630 1990 1645 2005 .
1706 1952 1893 2007 1884.
1943 1976 2032 1987 --
2079 1942 2215 2002 Alia
2263 1943 2527 2018 ejusdem
2579 1961 2759 2019 opera
2809 1946 2984 2009 sunt:

362 2034 428 2091 in
470 2052 590 2109 qua
635 2032 1041 2094 vetustissima
1087 2036 1217 2092 acta
1247 2050 1293 2096 s.
1325 2032 1641 2108 Trudperti
1713 2032 1849 2091 Vita
1877 2051 1925 2092 s.
1961 2032 2260 2091 Rictrudis
2272 2028 2320 2112 1)
2369 2031 2703 2093 abbatissae
2735 2033 2980 2095 maroia-

360 2122 437 2181 M.
468 2122 533 2180 in
562 2121 877 2199 Brisgovia
903 2124 1144 2180 auctore
1164 2122 1537 2200 Erganbaldo
1559 2165 1573 2181 .
1593 2166 1607 2181 .
1630 2165 1644 2179 .
1698 2121 1902 2181 nensis
1935 2116 1997 2202 (†
2044 2138 2094 2180 c.
2132 2121 2287 2200 668)
2334 2121 2581 2181 candide
2626 2124 2688 2181 et
2730 2122 2988 2182 fideliter

360 2228 521 2271 nuno
539 2211 733 2287 primo
755 2210 979 2286 publici
1002 2210 1160 2285 juris
1189 2210 1349 2281 facit,
1386 2210 1645 2273 Viennae
1699 2230 1751 2271 a.
1801 2220 1924 2273 907
1977 2209 2216 2286 scripta,
2260 2211 2325 2269 in
2368 2210 2533 2269 Actis
2579 2210 2679 2270 88.
2721 2221 2816 2274 12.
2848 2212 2984 2287 Maj.

360 2302 431 2360 A.
462 2309 619 2369 1731
662 2299 723 2358 in
759 2299 968 2361 4.coll.
994 2317 1128 2359 cum
1160 2300 1519 2359 Hansizii
1549 2319 1642 2359 re·
1698 2299 1803 2370 111,
1855 2308 2149 2370 81-—89;
2206 2299 2270 2358 in
2316 2299 2774 2360 Mabillonii
2816 2301 2985 2360 Actis

359 2388 678 2465 sponsione
698 2388 778 2447 ib.
809 2398 963 2452 1731
991 2409 1006 2458 ;
1037 2389 1197 2464 apud
1228 2389 1518 2448 Lorenz
1550 2407 1643 2464 op.
1701 2388 1799 2447 88.
1830 2389 1906 2459 11,
1943 2397 2314 2453 939-950,
2343 2422 2433 2433 —
2464 2390 2670 2449 Passio
2707 2408 2785 2448 ss.
2817 2390 2985 2451 Mar-

362 2497 544 2554 supra
574 2478 672 2540 eit.
705 2481 815 2540 etc.
848 2509 934 2520 —
969 2477 1417 2553 Stephanus
1449 2496 1642 2538 comes
1699 2484 1895 2553 tyrum
1933 2478 2159 2550 Quirini
2189 2485 2239 2536 et
2270 2478 2514 2539 «lulittae
2562 2497 2633 2538 ex
2665 2477 2812 2538 actis
2845 2498 2984 2555 apo-

360 2567 693 2638 salmensis,
726 2565 979 2626 clericus
1005 2567 1310 2640 metensis,
1340 2567 1524 2628 abbas
1556 2567 1642 2627 lo·
1697 2566 1937 2643 cryphis
1998 2566 2158 2644 apud
2221 2566 2755 2638 Mombritium
2819 2589 2875 2644 p.
2927 2567 2986 2626 11

359 2656 603 2727 biensis,
666 2656 980 2732 episcopus
1028 2656 1272 2716 tandem
1321 2657 1642 2717 leodiensis
1696 2676 1754 2715 n.
1794 2665 1891 2720 18.
1937 2688 2026 2701 --
2057 2658 2207 2716 Acta
2249 2675 2296 2720 s.
2323 2657 2688 2733 Aldequndis
2734 2657 2792 2718 V.
2839 2653 2903 2738 (†
2934 2675 2980 2718 c.

361 2743 714 2827 (901-18,
764 2746 908 2808 Jun.
959 2742 1111 2827 920)
1158 2746 1448 2805 urbanius
1497 2746 1641 2805 scri·
1704 2740 1879 2824 683),
1912 2746 1974 2804 in
2007 2744 2458 2804 mabillonii
2484 2745 2744 2817 ActisII,
2767 2755 2985 2810 807-

358 2835 544 2914 psitss)
589 2837 767 2893 vitam
809 2842 862 2892 et
898 2836 1230 2910 passionem
1266 2854 1311 2894 s.
1345 2835 1644 2894 Lamberti
1704 2844 1870 2904 815;
1903 2834 1969 2892 in
2000 2834 2167 2894 Actis
2200 2833 2299 2896 88.
2324 2834 2579 2897 30.Jan.
2611 2835 2686 2904 11,
2711 2843 2984 2898 ,1040—

359 2923 421 3001 (†
450 2942 499 2983 e.
536 2927 689 2999 700)
737 2922 896 2999 apud
928 2923 1434 3001 chapeaville
1465 2925 1643 2983 Gesta
1708 2933 1897 2987 1047.
1956 2956 2025 2965 -
2098 2922 2230 2981 Vita
2275 2942 2320 2980 s.
2372 2922 2630 2981 Lebwini
2677 2923 2870 2999 presb.
2905 2928 2986 2984 ¹et

358 3012 572 3090 pontif.
617 3012 768 3072 leod.
816 3013 860 3083 Ι,
918 3022 1299 3084 350-370;
1361 3014 1425 3071 in
1473 3013 1642 3073 Actis
1697 3011 1852 3074 conf.
1929 3011 2188 3087 apostoli
2264 3011 2551 3071 Saxoniae
2625 3015 2686 3071 et
2759 3011 2984 3071 Frisiae

359 3101 458 3162 88.
514 3112 608 3164 17.
656 3103 813 3178 Sept.
846 3102 909 3177 V,
962 3111 1341 3172 581—5893
1390 3102 1641 3180 Migne
1701 3097 1761 3178 (†
1798 3097 1972 3181 773),
2021 3118 2175 3176 quae
2224 3100 2438 3160 ceteris
2487 3100 2676 3160 nostri
2725 3101 2983 3161 auctoris

359 3190 634 3262 CXXXII,
670 3201 1038 3255 643-660.
1083 3191 1260 3251 Liber
1288 3192 1421 3267 ejus
1451 3193 1520 3249 de
1550 3192 1641 3250 di·
1698 3189 1842 3248 vitis
1873 3190 2242 3264 praefertur:
2289 3192 2597 3267 segmenta
2640 3208 2709 3248 ex
2749 3189 2854 3248 illa
2883 3206 2983 3248 ex-

362 3282 508 3338 vim's
536 3281 745 3353 officiis
774 3279 1067 3355 prodiisse
1098 3298 1219 3339 non
1251 3279 1505 3340 videtur.
1696 3277 1906 3340 hibent
1929 3278 2057 3338 ΜΘ.
2079 3278 2175 3339 88.
2194 3277 2272 3349 Π,
2307 3288 2430 3342 360
2450 3287 2673 3342 -364,
2695 3311 2782 3322 —-
2800 3278 2983 3356 Frag-

1697 3369 1899 3426 menta
1931 3366 2218 3427 sermonis
2260 3368 2329 3425 de
2368 3387 2412 3426 s.
2447 3368 2660 3427 Jonato
2693 3367 2845 3429 conf.
2876 3368 2981 3426 ab·

452 3466 599 3522 490,
632 3458 777 3516 Fere
797 3457 1001 3517 eodem
1020 3460 1290 3533 tempore
1311 3457 1366 3516 H
1383 3477 1425 3516 u
1439 3475 1470 3516 c
1486 3458 1526 3516 b
1541 3478 1575 3515 a
1590 3459 1640 3516 l-
1695 3455 1834 3514 bate
1854 3456 2046 3532 primo
2066 3456 2501 3515 marchianensi
2520 3451 2981 3540 (Marchiennes)

361 3546 532 3617 due,
585 3546 821 3606 Milonis
872 3543 970 3628 (cf.
1015 3565 1071 3622 p.
1121 3544 1272 3628 858)
1324 3565 1395 3605 ex
1445 3565 1641 3606 sorore
1694 3544 1759 3602 in
1790 3545 1997 3622 Belgio
2027 3541 2165 3626 (see.
2185 3544 2321 3620 VII)
2353 3545 2592 3608 exhibet
2622 3544 2981 3606 Solle‘rius

359 3653 565 3710 nepos,
598 3636 922 3695 monachus
955 3654 1001 3694 s.
1020 3636 1278 3695 Amandi
1311 3637 1378 3694 Ο.
1398 3635 1456 3698 8.
1476 3636 1639 3707 Ben.,
1696 3633 1761 3692 in
1792 3636 2105 3693 comment.
2139 3633 2211 3693 de
2244 3634 2351 3694 hoc
2383 3637 2587 3694 sancto
2618 3635 2685 3694 in
2715 3634 2845 3697 Act.
2878 3634 2984 3699 88.

357 3724 451 3782 vir
492 3724 749 3800 sophicis
794 3724 1132 3800 disciplinis
1177 3724 1461 3784 nobiliter
1504 3744 1640 3784 eru-
1702 3733 1756 3784 1.
1787 3724 1940 3800 Aug.
1984 3734 2036 3793 1,
2076 3732 2284 3786 70-7
2299 3733 2353 3785 5.
2385 3757 2472 3768 —-
2505 3724 2720 3784 Panxit
2760 3727 2822 3783 et
2851 3741 2982 3782 car-

358 3812 540 3882 ditus,
585 3832 762 3889 quem
793 3813 975 3873 Fulco
1006 3813 1505 3890 Archiepiscopus
1545 3832 1638 3872 re·
1694 3810 1871 3882 mina,
1933 3812 2093 3870 inter
2151 3831 2304 3888 quae
2352 3813 2663 3872 notissima
2695 3816 2804 3872 ‘est
2852 3813 2982 3887 ejus

357 3902 580 3962 mensis
611 3920 748 3961 cum
779 3903 908 3979 ejus
942 3902 1350 3979 condiscipulo
1372 3902 1639 3979 Remigio
1694 3900 1901 3978 ecloga
1930 3900 2002 3958 ad
2024 3901 2299 3960 carolum
2320 3901 2564 3961 Calvum
2594 3902 2737 3977 imp.
2769 3903 2838 3959 de
2856 3902 2978 3961 cal-

353 3985 456 4072 (cf.
487 4010 544 4067 p.
579 3987 734 4072 876)
766 4011 813 4051 c.
846 4011 895 4051 a.
930 4001 1055 4056 893
1089 3992 1300 4051 Remos
1331 3992 1642 4051 accersivit
1695 3991 1781 4048 vis
1828 4008 1934 4048 seu
1986 3988 2059 4048 de
2104 3989 2386 4049 laudibus
2431 3990 2667 4050 Calvitii
2709 3990 2979 4052 versibus

354 4079 782 4155 ecclesiamque
814 4099 983 4141 suam
1013 4099 1121 4156 per
1150 4099 1288 4139 eum
1319 4081 1640 4155 praeclaris
1704 4087 1822 4141 136
1861 4074 2057 4160 (juxta
2086 4079 2235 4138 alios
2275 4077 2422 4156 141)
2456 4079 2808 4138 hexametris
2841 4096 2978 4138 con-

352 4168 685 4227 illustravit
713 4169 1019 4242 doctrinis,
1053 4173 1208 4228 teste
1240 4170 1638 4229 Flodoardo

356 4255 495 4319 hiflt·
539 4258 677 4318 0⁰01·
716 4277 858 4317 rem·
890 4259 986 4330 IV’
1038 4269 1094 4330 9'
1141 4259 1323 4317 Vitam
1372 4259 1637 4334 ejus‘iem
1776 4307 1811 4372 ¹)
1839 4303 1922 4358 De
1947 4305 2054 4357 hac
2082 4305 2265 4357 exstat
2302 4306 2393 4356 sat
2429 4303 2714 4371 prolixum
2752 4318 2977 4357 carmen

355 4345 545 4405 saneti
575 4347 802 4424 poetice
834 4347 1115 4425 depinxit,
1151 4366 1327 4422 quam
1359 4348 1550 4408 edidit
1581 4348 1638 4406 J.
1693 4375 1727 4428 J
1746 4393 1778 4430 Ο
1797 4375 2018 4431 annis
2068 4373 2335 4429 monachi
2377 4373 2441 4427 Ο.
2482 4377 2536 4429 S·
2564 4374 2700 4427 ΒΘΗ.
2752 4373 2816 4426 in
2864 4390 2981 4428 mo,

352 4434 404 4492 D
422 4453 526 4494 em
543 4439 816 4495 arteau
863 4437 959 4495 Vis
987 4438 1057 4495 de
1085 4455 1131 4500 s.
1153 4437 1427 4495 Lambert
1458 4438 1637 4496 ecrite
1694 4446 1945 4502 nasterio
1972 4465 2014 4500 s.
2043 4445 2290 4500 Amandi
2317 4445 2391 4516 (fl.
2418 4447 2659 4499 exeunte
2677 4460 2787 4498 sec.
2805 4445 2894 4516 Χ),
2910 4461 2977 4498 ex

356 4576 439 4582 *a
456 4577 491 4582 „
1694 4535 1809 4586 quo
1838 4518 2119 4587 quaedam
2145 4516 2470 4626 fragmenta
2483 4516 2979 4640 leguntur-ingla.

436 4661 472 4730 Ι)
501 4658 582 4714 cf.
612 4659 706 4714 1²0
725 4661 890 4713 ttha
910 4663 976 4713 st
1001 4679 1059 4730 p.
1092 4663 1243 4716 1471.
1694 4588 2979 4741 {321131'fsski'ssblss.ffcssffi‘iqfssiligemssrfii]

428 4735 471 4799 ²)
499 4729 581 4785 cf.
610 4731 702 4785 Po
719 4732 835 4784 tth
853 4748 885 4784 a
903 4748 928 4784 s
945 4735 971 4784 t
995 4751 1051 4802 p.
1085 4738 1237 4788 1609.
1691 4734 1975 4787 455-457
2016 4731 2085 4785 de
2127 4749 2168 4788 s.
2209 4730 2254 4784 Ε
2272 4750 2309 4785 u
2328 4750 2352 4784 s
2369 4747 2397 4785 e
2415 4733 2485 4785 bl
2505 4747 2554 4786 0.
2608 4730 2690 4784 Cf.
2719 4731 2863 4783 Hist.
2892 4728 2978 4783 ht.

428 4807 469 4870 δ’)
497 4801 581 4859 cf.
608 4802 755 4859 Hist.
782 4802 868 4858 lit.
897 4803 989 4862 v1,
1022 4806 1317 4860 168—173.
1693 4802 1815 4864 vn,
1851 4809 2146 4860 184—186.
