3505 5161
479 220 602 273 379
1145 208 1446 257 431—500.
1472 201 1788 272 Scriptores
1814 201 1929 271 pol.
1957 199 2297 255 Vincentius
2324 200 2427 264 lir.,
2970 221 3091 275 380

474 389 683 447 firmat.
735 388 862 447 Dici
883 388 1094 464 nequit
1112 391 1336 463 quanto
1358 388 1556 447 favore
1588 388 1757 463 plau·
1816 387 2103 445 catholica
2134 387 2277 445 adeo
2316 388 2465 446 bene
2497 389 2748 448 meritus
2779 392 2899 447 tam
2933 390 3096 448 tristi

476 496 669 552 suque
700 480 982 553 exceptus
1013 477 1197 536 fuerit
1241 497 1275 535 a
1321 478 1617 554 theologis
1665 477 1761 535 hic
1820 480 1959 534 nota
1992 479 2087 534 est
2116 476 2508 545 infamandus‚
2550 478 2669 536 nisi
2717 478 2779 536 id
2810 479 3097 555 gravibus

478 567 737 636 libellus,
772 569 923 641 quot
953 566 1233 625 encomiis
1266 566 1629 634 celebratus;
1665 566 1760 624 vix
1817 565 2111 639 clarisque
2143 566 2432 640 probetur
2450 567 2851 643 argumentis:
2886 587 3004 644 qua
3034 569 3098 626 in

423 710 426 713 ,
474 656 630 715 alius
676 655 855 714 toties
903 655 1141 726 citatus,
1189 655 1514 723 adhibitae,
1563 656 1758 714 incul-
1817 672 1881 712 re
1924 654 2067 714 olim
2114 655 2273 713 haud
2318 655 2491 731 pauci
2538 656 2651 715 viri
2690 657 2911 715 eruditi
2945 658 3097 716 circa

479 748 645 803 catus
678 747 772 803 est
807 744 872 802 in
906 744 1422 819 disputationibus
1456 763 1590 803 cum
1623 745 1760 802 hae·
1817 742 2129 818 scriptores
2162 762 2274 803 sec.
2308 743 2372 808 V.
2423 748 2518 803 sat
2555 745 2753 805 faciles
2789 746 2973 805 fuisse
3005 746 3095 805 vi-

478 834 695 904 reticis,
748 834 1097 909 praesertim
1141 853 1176 892 a
1221 852 1331 895 sec.
1377 833 1510 893 XVI
1557 836 1762 893 contra
1819 833 2056 891 dentur.
2110 833 2411 893 Insertum
2444 836 2537 893 est
2566 838 2765 894 autem
2798 835 3098 894 Vincentii

480 924 897 998 protestanteS,
932 922 1039 997 qui
1069 923 1166 982 vel
1188 923 1322 998 ipsi,
1360 923 1516 997 quod
1538 923 1759 981 miran-
1816 940 2031 981 nomen
2063 923 2486 1000 martyrologio
2525 942 2766 982 romano
2809 933 2909 987 24.
2942 925 3099 1001 Maji.

478 1011 638 1083 dum,
673 1011 844 1070 illum
877 1011 1140 1070 laudant.
1201 1012 1654 1071 Abstinebimus
1687 1011 1761 1069 ab
1820 1010 1987 1080 Quod
2021 1011 2072 1070 si
2098 1012 2228 1087 ejus
2248 1011 2519 1071 doctrina
2537 1013 3098 1090 semipelagianismi

478 1100 787 1160 afferendis
808 1101 1108 1171 encomiis,
1146 1101 1369 1160 sufficit
1399 1100 1558 1177 quod
1590 1104 1760 1160 nota·
1817 1099 1949 1158 labe
1988 1100 2174 1159 fuerit
2221 1119 2472 1177 aspersa,
2517 1105 2692 1161 notat
2720 1102 3099 1161 Benedic-

480 1190 568 1248 vit
601 1208 850 1267 magnus
885 1189 1261 1249 Mabillon
1300 1193 1376 1249 tr.
1423 1190 1495 1249 de
1540 1190 1761 1249 studiis
1816 1193 1947 1248 tus
1982 1188 2113 1247 XIV
2147 1189 2210 1247 in
2242 1191 2481 1249 constit.
2520 1190 2592 1249 de
2612 1210 2766 1251 nova
2798 1192 3098 1267 martyrol.

479 1282 729 1337 monast.
763 1280 792 1336 I
821 1300 877 1354 p.
906 1288 938 1340 2
974 1297 1020 1336 c.
1056 1289 1112 1349 4,
1145 1279 1418 1339 libellum
1451 1279 1611 1337 hunc
1642 1297 1759 1338 non
1818 1297 1961 1336 rom.
2007 1278 2099 1337 ed.
2154 1290 2202 1341 1.
2251 1279 2380 1337 Juli
2438 1290 2599 1343 1748
2648 1299 2706 1339 n.
2761 1290 2832 1344 31
2862 1302 2875 1340 :
2928 1281 3102 1350 ,Etsi

478 1368 726 1443 quidem
750 1369 902 1426 mole
927 1386 1057 1426 esse
1074 1385 1375 1446 magnum,
1395 1388 1621 1440 ,verum
1653 1388 1760 1426 au·
1817 1368 1979 1426 viros
2001 1368 2137 1425 illos
2173 1364 2586 1449 (Hilarium
2618 1370 3006 1429 arelatensem
3040 1374 3101 1427 et

478 1457 709 1515 reolum
725 1459 785 1515 et
807 1457 880 1514 ad
899 1458 1146 1515 verbum
1168 1457 1586 1517 ediscendum‘.
1621 1457 1759 1515 Sae-

478 1547 723 1622 pissime
755 1546 980 1621 prodiit
1009 1546 1183 1605 modo
1229 1548 1293 1606 in
1325 1565 1403 1606 cc.
1441 1556 1539 1615 33,
1587 1546 1760 1605 modo

477 1636 544 1693 in
567 1644 646 1697 43
682 1635 928 1698 divisus.
982 1635 1256 1711 Optimae
1285 1635 1439 1694 forte
1471 1635 1760 1694 editiones

453 1727 623 1799 -sunt
654 1724 958 1783 Baluzii
1005 1721 1167 1805 (cum
1215 1725 1476 1785 Salviani
1508 1743 1760 1801 opuscu-

479 1809 579 1895 lis)
630 1813 870 1871 Parisiis
936 1824 1116 1877 1663.
1176 1825 1357 1878 1669.
1413 1822 1577 1877 1684
1631 1815 1759 1879 eto..

479 1921 685 1961 recusa
732 1922 766 1961 a
813 1902 1065 1980 Migne
1104 1903 1167 1974 L,
1220 1912 1545 1974 637—84,
1605 1907 1666 1961 et
1727 1921 1763 1960 a

479 1992 649 2050 nobis
681 1992 840 2050 inter
871 1993 1161 2067 opuscula
1193 1993 1298 2051 sel.
1332 1993 1429 2055 SS.
1452 1993 1559 2050 ΡΡ.
1583 1992 1759 2051 Oeni-

478 2083 659 2155 ponte
720 2090 881 2143 1870
935 2080 1046 2152 ΙΧ,
1110 2091 1486 2153 145-261,
1563 2090 1760 2151 1880;

1820 1453 2349 1538 vincentium)
2405 1458 2974 1535 semipelagianismi
3007 1477 3099 1517 er-

1817 1564 1950 1604 rore
1982 1548 2172 1605 tactos
2206 1547 2677 1617 concederemus,
2711 1548 2869 1623 quod
2898 1551 3102 1606 tamen

1818 1635 2021 1711 plures
2043 1636 2356 1713 denegant,
2390 1636 2497 1712 qui
2529 1636 2875 1695 catholicam
2895 1655 3099 1696 eorum

1819 1725 2177 1783 sententiam
2209 1725 2446 1802 egregie
2479 1727 2746 1796 tuentur,
2781 1726 3098 1784 excusandi

1818 1814 2033 1883 tamen,
2086 1814 2137 1871 si
2187 1813 2333 1889 quid
2380 1814 2624 1873 humani
2671 1814 2777 1872 hac
2824 1815 2886 1873 in
2935 1818 3100 1890 parte

1818 1902 1940 1960 illis
1974 1902 2274 1973 exciderit,
2328 1903 2595 1962 nondum
2627 1903 2786 1962 enim
2817 1904 3102 1963 catholica

1817 1991 2086 2050 doctrina
2118 2010 2396 2067 supremo
2426 1993 2783 2068 apostolicae
2816 1993 2974 2052 sedis
3006 1993 3100 2051 fu-

1818 2083 1948 2138 erat
1979 2080 2237 2151 definita,
2270 2084 2342 2139 ut
2372 2081 2436 2139 in
2471 2082 2509 2139 l.
2539 2090 2572 2143 2
2607 2101 2701 2157 op.
2735 2081 2807 2139 de
2840 2082 3100 2143 canoniz.

479 2169 796 2228 Salinae
875 2170 1089 2228 Romae
1161 2180 1358 2239 1781;
1435 2169 1762 2246 Kliipiel
1817 2169 3099 2251 c.29pluiibusdisputavimus¹)‘.—Tri-

481 2256 744 2316 Viennae
787 2266 948 2320 1809
1000 2277 1135 2317 cum
1180 2259 1436 2334 copiosis
1467 2277 1761 2318 commen-

479 2346 665 2405 tariis.
690 2380 771 2389 —
799 2347 1009 2423 Magna
1038 2350 1130 2406 est
1163 2348 1583 2418 controversia,
1615 2366 1761 2406 num

481 2434 834 2494 Vincentius
866 2439 1065 2495 noster
1095 2437 1601 2515 Semipelagianus
1633 2437 1762 2495 fue-

481 2523 566 2582 rit
615 2526 708 2584 vel
756 2524 969 2584 saltem
1020 2525 1627 2604 semipelagianorum
1677 2526 1763 2584 fa-

483 2613 644 2673 verit
673 2614 991 2673 erroribus.
1043 2616 1177 2674 Non
1209 2616 1429 2675 desunt
1458 2617 1759 2691 conjectu-

482 2721 581 2762 rae
630 2721 736 2779 pro
787 2707 956 2779 parte
1005 2705 1353 2774 affirmante,
1420 2724 1599 2779 quam
1653 2704 1765 2763 viri

482 2792 823 2868 gravissimi
867 2793 1010 2851 olim
1056 2797 1118 2853 et
1160 2793 1332 2852 modo
1377 2796 1643 2863 tuentur,
1691 2797 1765 2852 ut

481 2881 615 2939 aliis
679 2881 916 2940 omissis
978 2885 1179 2941 nostra
1239 2885 1432 2942 aetate
1493 2883 1641 2941 Hef
1649 2883 1765 2941 ele

482 2970 758 3048 Beitrage
819 2990 924 3029 zur
977 2972 1312 3049 Kiroheng„
1376 2971 1765 3049 Archaologie

482 3059 608 3116 und
652 3059 946 3135 Liturgik‚
993 3060 1308 3137 Tiibingen
1348 3070 1512 3124 1864
1548 3061 1592 3131 1,
1641 3070 1761 3122 149

481 3165 590 3215 ss.;
638 3148 913 3223 Czapla
957 3149 1022 3207 in
1066 3152 1377 3210 comment.
1426 3150 1500 3208 ad
1533 3149 1761 3208 Genna-

481 3236 649 3296 dium
681 3256 726 3295 c.
765 3244 845 3300 64
886 3237 950 3296 in
982 3257 1074 3314 op.
1108 3239 1451 3298 Gennadius
1483 3240 1571 3297 als
1605 3239 1764 3297 Lite-

483 3326 1002 3385 ratnrhistoriker:
1042 3327 1263 3402 quibus
1296 3329 1454 3386 favet
1484 3330 1547 3385 et
1590 3329 1762 3386 Bar·

481 3414 874 3486 denhewer,
892 3417 1067 3490 juxta
1092 3434 1240 3490 quos
1267 3417 1395 3491 ipse
1428 3418 1521 3475 est
1551 3417 1764 3492 proba-

484 3502 692 3561 biliter
722 3505 930 3561 auctor
972 3505 1341 3576 objectionum
1373 3508 1764 3563 vincentiana-

485 3609 619 3648 rum
650 3593 854 3649 contra
886 3610 931 3653 8.
952 3593 1277 3669 Augustini
1310 3594 1656 3665 doctrinam,
1691 3594 1765 3652 ad

486 3697 633 3753 quas
668 3678 804 3738 data
822 3699 999 3756 opera
1032 3699 1076 3739 s.
1099 3683 1426 3757 Prosper
1456 3682 1766 3758 respondit

484 3763 712 3847 (opusc.
747 3768 968 3840 XXXV,
1013 3768 1384 3852 184—203)
1434 3774 1494 3829 et
1539 3772 1634 3830 vel
1672 3772 1763 3847 ip-

483 3874 619 3914 sum
651 3857 1178 3918 Commonitorium
1210 3864 1300 3919 est
1331 3879 1480 3935 opus
1512 3860 1762 3935 polemi·

485 3963 620 4003 cum
653 3946 936 4005 adversus
979 3967 1026 4006 s.
1058 3949 1383 4025 Augustini
1416 3949 1762 4012 doctrinam.

485 4034 607 4092 Alii
637 4053 775 4094 vero
797 4037 1138 4112 gravissimi
1172 4038 1285 4095 viri
1319 4055 1364 4095 s.
1385 4037 1766 4096 Vincentium

486 4123 559 4180 ab
592 4124 700 4183 hac
731 4124 948 4184 erroris
980 4129 1123 4184 nota
1153 4127 1474 4196 vindicant,
1524 4129 1594 4184 ut
1627 4128 1671 4184 B
1690 4146 1765 4184 a-

484 4214 790 4282 ronius,
825 4215 1377 4286 Bellarminus,
1418 4215 1763 4286 LabbeuS,

486 4300 1076 4376 Papebrochius
1109 4304 1198 4377 (in
1231 4304 1397 4362 Actis
1418 4303 1515 4365 SS.
1548 4305 1660 4379 Maj
1696 4304 1765 4375 V,

490 4397 613 4451 284
650 4408 745 4458 ss„
793 4390 1076 4450 Vindicae
1122 4412 1227 4467 pro
1276 4411 1321 4451 s.
1360 4393 1674 4452 Vincentio
1705 4397 1767 4452 et

1818 2258 2093 2317 buuntur
2127 2258 2438 2317 Vincentio
2470 2262 2675 2319 nostro
2709 2261 2834 2318 sive
2868 2261 3098 2336 Symbo-

1818 2349 1940 2405 lum
1958 2347 2409 2406 athanasianum
2420 2344 2471 2430 2)
2494 2350 2675 2425 vulgo
2697 2349 2942 2419 dictum,
2977 2349 3100 2407 sive

1819 2437 1858 2496 1.
1894 2437 2368 2495 Praedestinalus
2402 2457 2437 2495 a
2468 2438 2504 2496 S
2520 2437 2542 2496 i
2556 2457 2586 2496 r
2602 2458 2657 2495 m
2677 2456 2709 2495 o
2726 2457 2764 2495 n
2782 2438 2818 2495 d
2836 2457 2869 2496 0
2904 2456 3100 2513 reper-

1820 2527 1921 2584 tus
1944 2528 2005 2584 et
2024 2525 2223 2585 editus
2236 2526 2477 2586 Parisiis
2500 2538 2518 2590 l
2539 2536 2662 2590 643
2687 2527 2750 2585 in
2770 2536 2804 2591 8
2827 2522 3100 2610 (Oudin),

1821 2616 1945 2674 sive
1966 2616 2297 2689 objectiones
2318 2613 2787 2699 vincentianas-⁹³),
2822 2620 2894 2675 ut
2923 2634 3102 2691 supra

1820 2703 2095 2763 diximus.

1914 2891 1947 2943 2
1960 2893 1985 2944 1
2003 2890 2058 2944 2.
2083 2882 2525 2941 Praetermissis
2544 2883 2818 2959 pluribus
2849 2883 3101 2958 scripto-

1821 2970 1989 3029 ribus
2035 2971 2282 3029 minoris
2329 2973 2515 3031 famae
2564 2973 2662 3030 vel
2711 2972 3100 3040 auctoritatis,

1820 3059 1912 3117 vel
1960 3078 2214 3135 quorum
2262 3080 2439 3136 opera
2482 3059 2848 3141 perierint4)‚
2896 3064 3103 3120 contra

1820 3167 1853 3205 a
1869 3148 1934 3205 ri
1951 3168 1984 3206 a
2001 3167 2090 3206 no
2107 3166 2134 3206 s
2170 3149 2561 3225 scripserunt:
2607 3149 2964 3210 Voconius
2997 3168 3103 3208 seu

1822 3237 1999 3295 etiam
2057 3238 2104 3293 B
2120 3257 2161 3295 u
2178 3256 2209 3297 c
2225 3257 2258 3296 o
2276 3258 2314 3297 n
2332 3239 2351 3297 i
2366 3259 2406 3297 u
2425 3257 2451 3297 s
2516 3239 2729 3310 dictus,
2794 3240 3102 3316 episcopus

1939 3411 1972 3478 Ι)
2002 3407 2084 3462 Cf.
2135 3407 2204 3460 de
2254 3410 2487 3461 auctore
2540 3413 2733 3464 nostro
2785 3408 2827 3460 F
2845 3425 2874 3462 e
2892 3427 2917 3461 s
2933 3409 3039 3462 sle
3056 3426 3103 3460 r·

1819 3477 1851 3530 J
1872 3495 2196 3549 ungman
2218 3497 2251 3530 n
2298 3489 2323 3544 ἕ
2357 3487 2486 3536 198:
2534 3480 2679 3534 Hist.
2723 3480 2899 3534 litter.
2940 3480 3009 3532 de
3049 3480 3101 3533 la

1821 3550 1909 3603 Fr.
1932 3551 1997 3614 ll,
2015 3553 2404 3608 3(›5—16;756:
2432 3550 2737 3605 Nirschl
2766 3552 3101 3617 1115213s.:

1822 3621 1869 3674 K
1887 3620 1907 3673 i
1925 3620 1963 3673 h
1982 3639 2017 3672 n
2046 3621 2157 3677 KL.
2184 3621 2303 3684 ΧΠ,
2331 3629 2595 3680 985-89.

1897 3695 1936 3763 ⁹)
1967 3692 2051 3745 Ita
2080 3692 2217 3747 olim
2248 3694 2767 3753 Anthelmius;
2796 3697 2990 3748 nostra
3018 3710 3102 3745 ae·

1821 3766 1937 3815 tate
1966 3765 2011 3816 Ο
2030 3783 2083 3816 m
2102 3783 2157 3817 m
2174 3780 2208 3817 a
2224 3782 2262 3816 n
2279 3780 2307 3816 e
2324 3782 2361 3832 y
2402 3766 2451 3816 A
2477 3765 2697 3819 critical
2739 3765 3104 3818 dissertation

1821 3851 1894 3888 on
1924 3836 2019 3888 the
2047 3836 2404 3889 Athanasian
2433 3836 2580 3889 cred.
2609 3837 2686 3890 Its
2713 3836 2963 3906 original
2989 3836 3103 3889 lan·

1822 3923 2029 3975 guage,
2056 3906 2207 3969 date,
2234 3908 2593 3976 authorship,
2642 3907 2815 3963 titleS.
2864 3911 2999 3972 text,
3026 3922 3103 3960 re·

1822 3977 2055 4046 ception
2095 3977 2210 4030 and
2257 3994 2371 4040 use,
2418 3978 2665 4033 Oxforde
2695 3983 2852 4035 1897.
2901 3978 3027 4032 Jam
3054 3993 3104 4030 a.

1822 4049 2196 4118 praecedente
2216 4048 2258 4100 B
2274 4067 2311 4102 u
2323 4068 2350 4102 r
2364 4067 2401 4103 n
2418 4048 2535 4102 The
2553 4050 2913 4104 Athanasian
2931 4049 3102 4104 Creed

1821 4120 1937 4173 and
1983 4119 2056 4172 its
2101 4119 2259 4188 early
2305 4121 2738 4174 commentaries
2766 4120 3104 4188 Cambridge

1828 4197 1963 4247 1896
2009 4191 2255 4259 conjecit
2306 4193 2627 4259 symbolum
2673 4192 2828 4245 istud
2869 4193 3105 4246 ineunte

1822 4278 1927 4314 sec.
1959 4260 2023 4315 V.
2053 4262 2226 4316 fuisse
2266 4262 2646 4332 compositum
2687 4266 2745 4317 et
2784 4263 3019 4331 quidem
3046 4263 3104 4316 in

1821 4331 2014 4386 insula
2042 4332 2332 4386 lerinensi.

1896 4404 2055 4474 ⁸)1t2
2084 4404 2282 4458 Kihn
2309 4405 2347 4458 l.
2374 4421 2441 4468 c.,
2483 4421 2680 4460 verum
2707 4404 3107 4458 Vincentii

485 4477 898 4537 Lirinensibus
938 4480 1509 4558 Semipelagianismi
1556 4501 1765 4558 perpe·
1822 4493 2029 4529 nomen
2042 4479 2232 4545 plures
2249 4493 2313 4528 eo
2326 4478 2581 4546 tempore
2597 4479 2913 4545 gestarunt,
2932 4492 3106 4546 quare

487 4584 612 4624 ram
643 4568 931 4626 accusatis
959 4565 1114 4651 etc.),
1149 4570 1369 4645 quibus
1417 4574 1479 4628 et
1521 4589 1628 4629 nos
1673 4589 1767 4629 ac-

487 4656 770 4714 cessimus
804 4657 870 4714 in
899 4660 1108 4716 nostra
1126 4658 1214 4716 ed.
1236 4658 1333 4730 IX,
1373 4668 1495 4722 228
1532 4678 1608 4719 ss.
1648 4659 1767 4717 Ne·

1823 4563 1892 4599 ex
1934 4547 2182 4600 nominis
2226 4546 2532 4600 identitate
2578 4565 2691 4602 non
2732 4547 2929 4602 statim
2970 4549 3107 4601 infe·

1823 4617 2001 4670 reuda
2028 4622 2087 4672 et
2111 4634 2382 4688 personae
2410 4617 2701 4671 identitas.

1906 4692 1951 4760 ⁴)
1982 4690 2065 4742 lta
2117 4692 2259 4741 teste
2311 4689 2704 4743 Gennadio
2758 4707 2805 4742 c.
2856 4693 2926 4747 73
2965 4691 3109 4750 „As-

485 4760 604 4816 que
655 4744 813 4801 enim
862 4747 1039 4803 nimis
1089 4747 1257 4805 facile
1320 4749 1411 4806 vir
1472 4748 1542 4806 de
1593 4766 1769 4806 causa
1824 4759 2127 4829 clepius
2156 4760 2369 4812 Afer-in
2390 4760 2609 4830 bajensi
2626 4761 2914 4816 territorio
2934 4760 3109 4816 vicini
