3505 5161
490 216 609 272 183
1176 181 1476 256 326—400.
1504 200 1559 253 S.
1588 200 1923 255 Ambrosius
1951 199 2407 255 mediolanensis.
2977 216 3053 273 13
3064 219 3099 271 4

480 404 615 461 pam
676 386 990 464 agnovisse
1050 388 1337 462 tantaque
1397 386 1767 463 poenitentia
1820 387 1958 445 hinc
1987 404 2118 445 mos
2137 385 2415 456 invaluit,
2437 388 2509 444 ut
2527 385 2789 444 citantur
2810 386 2925 444 sub
2943 389 3101 446 Am-

479 476 789 549 delevisse.
847 476 1061 535 Fertur
1109 494 1153 537 s.
1200 474 1501 535 doctorem
1533 476 1692 535 bunc
1725 477 1765 540 l.
1819 475 2262 534 brosiastri
2316 474 2571 535 nomine.
2629 474 2960 534 Fatendum
3009 481 3101 536 est

478 565 805 626 Theodosio
848 565 988 641 imp.
1036 564 1289 636 misisse,
1340 568 1413 623 ut
1442 565 1615 624 illum
1650 566 1763 623 Da·
1818 582 1995 640 opera
2037 564 2229 623 nostri
2275 563 2536 623 auctoris
2586 563 2884 641 exegetica
2914 565 3100 625 inter-

477 655 633 714 vidis
666 655 934 730 exemplo
966 654 1040 714 ad
1058 654 1488 731 poenitentiam
1520 657 1765 729 propter
1817 654 1972 729 preti
2003 653 2203 712 minus
2222 653 2399 711 utilia
2427 670 2573 722 esse,
2593 671 2774 729 quam
2792 654 3100 713 conciona-

475 743 1089 804 'l'hessalonicensium
1106 743 1343 802 caedem
1357 742 1657 802 excitaret.
1675 776 1763 786 --
1818 743 1952 801 tori.
2017 741 2246 802 Pendet
2277 742 2342 801 in
2374 742 2446 800 iis
2477 742 2739 800 multum
2770 742 2842 801 ab
2876 742 3099 819 Hippo-

476 833 899 893 Enarrationes
974 834 1039 890 in
1114 833 1411 891 duodecim
1463 834 1724 908 psalmos
1736 856 1762 908 ,·
1816 832 1961 907 lyto,
1996 832 2266 908 Origene,
2297 830 2521 889 Basilio
2552 833 2614 889 et
2644 831 2892 891 Philone
2921 833 3098 892 nimi-

476 922 729 982 maxime
777 941 915 981 vero
964 922 1316 980 aestimatur
1358 924 1419 980 et
1464 939 1760 980 commen·
1816 939 2040 994 umque
2072 920 2408 980 delectatur
2427 920 2756 996 allegoriis:
2790 920 2927 981 hinc
2962 940 3096 998 pro-

477 1012 657 1072 datur
685 1014 990 1088 tamquam
1022 1011 1339 1069 thesaurus
1389 1011 1549 1069 vitae
1581 1011 1758 1086 spiri-
1818 1011 1950 1085 pter
1999 1027 2210 1068 sensus
2259 1008 2441 1068 nimis
2486 1009 2809 1084 quaesitos,
2856 1029 3005 1086 quos
3052 1029 3099 1071 s.

475 1101 659 1160 tualis
692 1101 924 1176 prolixa
954 1102 1232 1175 expositio
1262 1101 1325 1158 in
1356 1099 1453 1161 Ps.
1495 1102 1638 1162 118.
1671 1133 1759 1144 --
1816 1098 2156 1173 Scripturae
2202 1098 2439 1168 tribuit,
2490 1098 2990 1159 considerationes
3037 1106 3100 1160 et

474 1191 621 1249 Cum
670 1190 734 1249 in
783 1190 890 1248 hac
936 1189 1304 1265 expositione
1348 1192 1411 1248 et
1439 1189 1662 1264 passim
1695 1190 1759 1247 in
1814 1187 2231 1246 meditationes
2281 1206 2316 1246 a
2362 1188 2539 1263 longe
2587 1189 2893 1247 arcessitas
2954 1192 3100 1249 sunt

475 1279 605 1338 suis
637 1278 1079 1338 commentariis
1098 1281 1161 1336 ot
1178 1278 1457 1354 operibus
1490 1296 1535 1337 s.
1553 1278 1761 1337 doctor
1813 1279 1906 1335 sat
1923 1275 2206 1347 difficilia,
2227 1275 2429 1334 minus
2463 1277 2888 1351 perspicua‚et
2916 1279 3099 1337 etiam

474 1369 781 1428 Canticum
831 1367 1204 1426 canticorum
1257 1368 1541 1439 illustrat,
1587 1367 1759 1426 Gui-
1815 1365 1975 1424 lectu
2007 1365 2207 1425 minus
2229 1365 2503 1442 jucunda
2535 1368 2600 1423 et
2628 1367 2944 1426 fructuosa.

473 1457 496 1515 1
512 1457 580 1516 el
598 1477 656 1515 m
673 1476 716 1515 u
730 1476 757 1515 s
789 1476 822 1514 a
855 1475 899 1515 s.
932 1455 1291 1515 Theodorico
1313 1457 1379 1514 Ο.
1393 1457 1535 1519 Cist.
1554 1454 1620 1535 (f.
1637 1456 1758 1515 No-

473 1545 791 1619 mencl.lV‚
821 1554 899 1609 78
924 1546 995 1626 a.)
1029 1564 1098 1603 ex
1115 1545 1189 1604 iis
1204 1546 1583 1605 concinnavit
1597 1562 1756 1604 com·
1813 1556 1871 1606 et
1896 1552 2299 1622 quaestionum
2325 1552 2684 1617 biblicarum‚
2726 1570 2874 1622 quae
2900 1557 3096 1627 Augu-

471 1634 830 1694 mentgrium
862 1633 926 1692 in
960 1634 1197 1693 Cantica
1224 1634 1615 1704 Cantioorum‚
1649 1634 1756 1709 qui
1811 1624 1954 1678 Stini
1978 1625 2209 1679 nomine
2235 1625 2517 1689 feruntur,
2546 1625 2839 1694 ΒΟΥΙΡΙΟΥΘ,
2863 1626 3096 1682 Bonna&

472 1726 667 1783 exstat
694 1723 855 1781 inter
882 1741 1057 1798 opera
1088 1742 1131 1786 s,
1164 1723 1466 1783 Ambrosii
1500 1723 1755 1800 Migne

1817 1702 1972 1751 1880.
2021 1695 2346 1750 Recentiori
2372 1699 2560 1749 aetate
2605 1695 2991 1751 Ballerini
3034 1700 3098 1753 in

1811 1784 1914 1820 sua
1954 1767 2040 1821 ed.
2082 1786 2215 1839 opp.
2255 1786 2296 1820 s.
2324 1765 2612 1821 Ambrosii
2651 1767 2747 1832 ΙΙΙ,
2789 1775 2894 1825 349
2919 1786 2989 1822 ss.
3029 1785 3096 1823 ea

472 1812 590 1883 xv,
621 1824 642 1874 l
661 1821 737 1875 85
756 1821 945 1874 1-196
958 1820 1011 1873 2·
1033 1845 1119 1855 “-
1134 1812 1439 1887 ΕἜΡθθίιίθ
1456 1813 1757 1889 annqelii
1810 1837 2022 1893 iterum
2041 1856 2081 1892 s.
2105 1838 2404 1893 Ambrosio
2424 1837 2684 1891 vindicat
2704 1860 2714 1891 :
2742 1839 2838 1892 sed
2865 1840 3096 1895 frustra.

469 1902 782 1961 secundum
833 1901 1057 1959 Lucam
1102 1900 1166 1963 ll.
1217 1900 1267 1958 X
1315 1900 1750 1977 comprehensa,
1809 1908 2184 1965 Doctissimus
2203 1927 2338 1964 vero
2361 1909 2424 1962 D.
2448 1909 2513 1962 G.
2543 1909 2598 1961 M
2616 1909 2782 1964 orin
2811 1911 2941 1965 O.S.
2959 1912 3094 1969 Ben.

468 2010 540 2050 ex
573 1990 964 2059 sermonibus,
1012 2007 1163 2065 quos
1207 1989 1279 2048 gd
1327 1991 1617 2065 populum
1649 1991 1752 2049 hg-
1809 1981 1869 2034 in
1891 1981 2083 2036 Revue
2103 1980 2410 2035 d'Histoire
2430 1983 2491 2035 et
2509 1981 2580 2035 de
2599 1980 2913 2065 Litteratur
2932 1984 3094 2055 relig.

469 2079 608 2138 buit
636 2098 687 2142 a·
724 2087 1022 2141 385-87
1058 2077 1296 2136 rodant&
1325 2081 1433 2149 est,
1460 2078 1599 2138 hino
1618 2097 1751 2138 sen,
1815 2060 1950 2109 1899
1977 2070 2108 2123 pag.
2137 2058 2273 2109 97——
2285 2057 2385 2109 123
2409 2070 2614 2108 novam
2637 2058 2940 2124 proposult
2964 2072 3092 2110 con-

472 2186 576 2228 sus
607 2168 847 2226 moralis
883 2166 1165 2231 abundat.
1197 2166 1333 2227 Non
1351 2170 1550 2227 tamen
1581 2187 1749 2243 prae-

468 2256 756 2315 termittit
784 2256 1129 2332 praecipuas
1162 2255 1261 2314 sui
1293 2257 1581 2332 temporis
1613 2257 1749 2317 hae-

467 2362 629 2404 reses
661 2345 1030 2422 impugnare,
1074 2348 1145 2404 ut
1176 2345 1560 2416 Manichaeos,
1594 2346 1747 2405 Pho-

467 2435 747 2503 tinianos,
780 2436 842 2492 et
873 2452 1014 2507 prae
1045 2434 1259 2508 primis
1290 2435 1558 2497 Arianos.
1608 2436 1748 2495 Pro-

466 2523 583 2583 diit
642 2523 1049 2583 recentissime
1111 2541 1234 2586 cur.
1297 2524 1638 2585 Schenkl
1686 2525 1749 2585 in

464 2613 635 2688 Oorp.
668 2613 819 2672 SEL.
849 2616 893 2676 t.
912 2613 1143 2683 XXXII,
1165 2613 1428 2673 Viennae
1457 2625 1620 2679 1902
1646 2649 1746 2673 —-.

468 2701 777 2770 Quondam
796 2720 840 2763 s.
859 2703 1180 2762 Ambrosio
1196 2703 1427 2763 tributa
1440 2705 1688 2764 fuerunt
1701 2706 1747 2781 ¹)

470 2790 895 2850 Commentario
929 2788 1161 2872 (brevia
1192 2794 1254 2850 et
1282 2792 1454 2863 bona,
1504 2812 1624 2853 non
1655 2797 1746 2853 ta-

464 2899 603 2938 men
632 2880 706 2938 ab
737 2882 900 2939 omni
932 2899 1125 2940 errore
1175 2882 1382 2940 contra
1429 2882 1606 2941 fidem
1634 2883 1744 2941 im-

464 2965 696 3049 munia)
729 2972 792 3028 in
823 2971 1089 3028 tredecim
1107 2989 1189 3046 ep.
1212 2971 1261 3028 b.
1279 2969 1457 3029 Pauli
1475 2966 1576 3053 (M.
1594 2972 1743 3043 XVI,

467 3054 830 3139 45—509);
878 3077 920 3117 s.
953 3059 1457 3136 Augustinus
1503 3079 1571 3119 ea
1600 3061 1746 3120 citat

465 3147 580 3206 sub
613 3165 660 3206 s,
692 3146 906 3206 Hilarii
938 3148 1207 3208 nomine:
1240 3167 1451 3208 verum
1465 3168 1534 3208 ea
1549 3167 1745 3227 neque

464 3241 611 3295 sunt
671 3255 714 3295 s.
764 3236 821 3295 H
836 3236 855 3293 i
872 3236 942 3294 la
957 3256 987 3294 1·
1002 3237 1061 3296 ii
1121 3237 1501 3314 pictaviensis
1550 3257 1744 3314 neque

463 3325 761 3384 Hilarii
789 3326 1015 3384 romani
1047 3326 1278 3385 diaconi
1327 3328 1587 3386 asseclae
1625 3327 1742 3386 Lu-

460 3414 627 3472 ciferi
659 3413 964 3472 calaritani
997 3409 1095 3496 (cf.
1128 3433 1185 3472 n.
1227 3423 1346 3477 112
1378 3411 1485 3494 a.);
1548 3434 1741 3491 neque

461 3520 509 3560 s.
539 3501 816 3561 Ambro
835 3502 966 3573 sii;
1001 3502 1259 3561 auctoris
1291 3506 1492 3563 tamen
1523 3523 1740 3564 exeun-

459 3591 541 3650 tis
571 3608 682 3652 sec.
712 3590 822 3649 IV:
876 3593 1046 3666 quus
1077 3610 1232 3662 vero,
1265 3592 1533 3652 nondum
1564 3596 1739 3670 potu-

460 3681 639 3738 erunt
668 3679 783 3738 viri
816 3679 1038 3738 eruditi
1071 3684 1232 3739 certo
1266 3679 1657 3742 determinare
1669 3680 1739 3765 2)ε

537 3835 574 3902 ¹)
603 3831 802 3900 Neque
831 3850 872 3885 s.
902 3835 949 3884 A
967 3853 1021 3886 m
1038 3834 1116 3887 br
1133 3850 1164 3886 o
1183 3853 1205 3886 s
1223 3833 1277 3887 ii
1320 3837 1421 3897 est,
1466 3838 1534 3888 ut
1560 3839 1739 3889 osten-

456 3902 548 3957 dit
588 3902 643 3955 M
662 3920 692 3955 ο
711 3923 764 3957 m
782 3922 836 3956 m
854 3921 878 3955 s
896 3920 924 3956 e
942 3922 997 3967 n,
1037 3906 1155 3958 Lex
1184 3908 1283 3959 Dei
1323 3906 1441 3958 sive
1470 3906 1739 3962 Mosaios-

455 3992 584 4029 rum
610 3977 669 4027 et
693 3974 1073 4030 Romanarum
1089 3975 1283 4045 legum
1305 3977 1550 4038 collatio,
1569 3996 1736 4045 quam

455 4044 477 4100 i
521 4062 577 4099 se
634 4044 818 4099 edidit
879 4046 941 4100 in
1004 4046 1132 4101 coll.
1180 4047 1237 4101 ll.
1275 4048 1426 4118 juris
1481 4050 1738 4120 antijust.

504 4116 647 4173 erlin
678 4118 772 4178 ΙΙΙ,
804 4125 1099 4174 109-198.
1152 4117 1585 4174 Genuinitatem
1613 4140 1735 4193 pro-

387 4216 397 4227 ·
454 4192 817 4260 pugnaverat
866 4189 1187 4242 Rudorfi
1244 4189 1421 4245 Ueber
1479 4191 1588 4246 den
1638 4193 1739 4246 Ur·

454 4259 1616 4388 ⁸3³¹}ssssfldiieassfifflffiizssssghdffissssx
1634 4264 1736 4390 1351

453 4348 559 4457 ger
615 4401 762 4496 βοή.
826 4373 1008 4458 Alrad,
1061 4352 1161 4457 dgr
1210 4353 1552 4462 Wigsensch.
1572 4371 1736 4464 “1865

454 4477 804 4615 Ρ“ε2)61ῗτέ(3ιῖ
848 4545 1000 4600 enim
1038 4545 1231 4599 arrisit
1272 4546 1467 4615 opinio
1508 4564 1540 4600 a
1569 4548 1734 4604 Lan-

451 4632 591 4685 gen
654 4617 977 4685 proposita,
1040 4633 1105 4670 ea
1185 4633 1303 4670 esse
1381 4618 1735 4675 Faustini

451 4686 768 4756 presbyteri
793 4687 1031 4752 romani,
1059 4688 1118 4743 in
1144 4706 1333 4758 progr.
1361 4690 1429 4742 de
1456 4707 1734 4745 commen-

1799 2125 2099 2194 jecturam.
2126 2122 2415 2194 Suppouit
2440 2124 2558 2180 scil.
2587 2124 2790 2179 horum
2817 2143 3092 2183 commen·

1807 2194 2084 2249 tariorum
2108 2198 2398 2251 auctorem
2418 2211 2535 2248 esse
2557 2197 2797 2250 eundem
2819 2214 2947 2252 cum
2963 2215 3092 2252 auc-

1807 2270 1928 2321 tore
1954 2272 2319 2337 quaestionum
2343 2271 2400 2323 in
2436 2271 2492 2321 V.
2520 2276 2569 2320 et
2596 2270 2660 2320 N.
2689 2270 3090 2339 Testamentum,

1807 2355 1954 2406 quae
1992 2338 2358 2420 reperiuntur
2395 2338 2458 2394 in
2495 2338 2814 2420 appendice
2855 2356 2888 2393 o
2921 2356 3090 2421 ‚erum

1805 2412 3091 2562 ῗέἕῖῗὲἒῖἒῗ2Σῐ6)ἴζῖιῖἓῗέἷέἑῑοὲωὲῗ.ΐηῗ

1804 2552 1963 2608 ribus
1989 2551 2129 2607 viris
2155 2552 2369 2608 criticis
2413 2552 2824 2609 recentioribus
2850 2556 3088 2625 placuit.

1805 2625 2050 2678 [uternis
2099 2623 2233 2679 dein
2282 2626 2637 2695 argumentis
2685 2625 2916 2681 innixus
2959 2644 3090 2682 eum

1804 2696 2049 2765 conjecit
2091 2712 2208 2749 esse
2253 2697 2496 2751 eundem
2538 2715 2666 2752 cum
2715 2697 2876 2751 [saa
2893 2717 2940 2762 c,
2986 2700 3088 2768 qui

1804 2768 2093 2836 quondam
2111 2767 2142 2819 J
2150 2768 2367 2821 udaeus
2393 2768 2576 2823 factus
2596 2771 2682 2822 est
2711 2768 3088 2836 Christianus,

1802 2839 1986 2964 33³1&
1995 2857 2051 2964 δέ
2054 2837 2143 2963 ’ῗὲ
2144 2842 2211 2965 ἕξ
2215 2859 2267 2962 ἔῗ
2264 2841 2354 2966 „⁰¹3
2373 2841 2424 2964 ἶ
2419 2844 2636 2966 attat
2654 2845 2739 2983 {31⁶
2741 2847 3088 2981 ῗῗζιῖαέιὼέ

1803 2982 2056 3046 XXXIII,
2105 2985 2495 3052 1541—1546)‚
2537 2982 2755 3050 quique
2794 2983 2948 3037 alius
2972 3003 3089 3041 non

1802 3069 1919 3108 esse
1946 3054 2176 3107 videtur
2214 3054 2289 3107 ab
2328 3069 2410 3117 e0,
2451 3053 2521 3107 de
2547 3071 2663 3122 quo
2690 3054 2889 3110 scribit
2915 3055 2962 3108 G
2979 3072 3009 3110 e
3026 3076 3088 3111 n-

1801 3124 2034 3179 nadiu
2055 3143 2078 3177 s
2105 3125 2176 3178 ‹le
2202 3123 2290 3178 vir
2315 3123 2399 3178 ill.
2428 3142 2475 3177 c.
2502 3132 2603 3181 26:
2645 3126 2834 3186 „Isaac
2859 3127 3091 3197 scripsit

1800 3194 1869 3248 de
1897 3215 1938 3252 s.
1966 3194 2245 3250 Trinitate
2272 3195 2417 3276 etde
2439 3195 2833 3250 incarnatione
2854 3197 3086 3254 Domini

1798 3265 2010 3322 librum
2038 3266 2467 3320 obscurissimae
2495 3267 2905 3338 disputationis
2925 3272 2983 3322 et
3001 3270 3086 3325 in·

1798 3338 1986 3392 voluti
2030 3337 2317 3402 sermonis,
2363 3339 2702 3393 confirmans
2745 3340 2828 3393 ita
2867 3341 2927 3396 in
2966 3359 3084 3397 una

1799 3407 2013 3464 deitate
2042 3412 2156 3462 tres
2181 3425 2300 3462 esse
2324 3426 2614 3479 personas,
2641 3415 2707 3465 ut
2725 3415 2914 3468 tamen
2930 3412 3008 3466 sit
3020 3413 3084 3468 in

1800 3480 2042 3551 singulis
2069 3480 2291 3548 aliquid
2320 3481 2635 3552 proprium,
2664 3483 2818 3551 quod
2844 3501 2960 3539 non
2985 3486 3085 3539 ha-

1800 3553 1930 3606 beat
1955 3553 2099 3606 alia:
2143 3551 2369 3606 Patrem
2413 3553 2531 3608 scil.
2571 3554 2680 3608 hoc
2725 3555 2932 3608 habere
2959 3575 3085 3627 pro-

1798 3623 2004 3693 prium,
2047 3622 2202 3692 quod
2242 3622 2364 3694 ipse
2406 3623 2526 3677 sine
2568 3624 2790 3695 origine
2819 3626 2980 3696 origo
3008 3628 3086 3683 sit

1795 3695 2071 3754 aliorum:
2115 3693 2325 3748 Filium
2366 3695 2475 3750 hoc
2516 3697 2724 3750 habere
2763 3699 3081 3768 proprium,

1798 3767 1952 3833 quod
2003 3765 2233 3836 genitus
2289 3766 2547 3836 genitore
2599 3784 2717 3823 non
2774 3767 2850 3820 sit
2899 3773 3084 3839 poste·

1796 3837 1942 3894 rior:
1988 3837 2266 3908 Spiritum
2307 3855 2349 3889 s.
2395 3839 2502 3891 hoc
2527 3838 2737 3892 habere
2766 3841 3081 3911 proprium,

1797 3908 1951 3976 quod
2003 3925 2107 3962 nec
2151 3908 2355 3968 factus,
2395 3926 2498 3964 nec
2524 3910 2772 3978 genitus,
2800 3913 2859 3963 et
2885 3914 3080 3967 tamen

1796 3979 1871 4032 sit
1932 3997 2000 4033 ex
2076 3981 2272 4035 altem.
2337 3980 2417 4033 De
2486 3981 2878 4036 incarnatione
2945 4000 3080 4039 vero

1798 4050 2023 4106 Domini
2050 4051 2133 4104 ita
2159 4051 2401 4122 scripsit,
2431 4054 2497 4105 ut
2521 4054 2884 4108 manentibus
2923 4053 2986 4108 in
3011 4072 3080 4109 ea

1795 4122 2020 4176 duabus
2059 4122 2282 4176 naturis
2326 4138 2442 4178 una
2485 4123 2752 4178 credatur
2798 4124 2933 4179 Filii
2973 4125 3080 4181 Dei

1836 4207 2084 4248 ersona.“
2115 4194 2223 4247 Hic
2249 4195 2404 4247 Isaac
2431 4194 2791 4264 postmodum
2816 4196 3082 4251 adhaesit

1821 4265 1999 4318 Trsino
2069 4266 2511 4336 seudoepiscopo
2537 4283 2789 4328 romano,
2828 4269 3080 4324 acerbas-

1793 4353 1904 4404 que
1931 4339 2026 4390 tur
2103 4354 2128 4390 s
2155 4336 2430 4391 excitavit
2453 4337 2725 4391 adversus
2751 4339 3079 4394 Damasum.

1793 4407 1940 4461 Hinc
1964 4425 1998 4460 a
2026 4407 2299 4461 Gratiano
2326 4408 2462 4476 imp.
2488 4408 2549 4461 in
2577 4409 2837 4465 exsilium
2864 4411 2925 4466 in
2951 4410 3077 4464 His-

1791 4479 2028 4548 paniam
2055 4478 2261 4533 missus
2288 4481 2374 4532 est
2399 4487 2468 4551 (c.
2498 4485 2787 4552 378-80),
2829 4480 2932 4535 ubi
2976 4481 3077 4536 ite-

1789 4567 1916 4605 rum
1941 4551 2015 4603 ad
2034 4550 2392 4621 judaismum
2417 4551 2644 4605 defecit.
2671 4551 2941 4621 Ejusdem
2954 4569 3076 4608 esse

1791 4620 2018 4675 videtur
2080 4623 2467 4692 fragmentum
2528 4628 2869 4692 expositionis
2928 4628 3074 4692 fidei,

1791 4692 1946 4761 quod
2008 4692 2194 4747 edidit
2255 4693 2296 4747 O
2312 4710 2348 4746 a
2363 4712 2389 4747 s
2405 4712 2442 4763 p
2458 4710 2492 4746 a
2508 4712 2537 4746 r
2553 4694 2572 4747 i
2623 4694 3077 4750 Kirchenhistor.

450 4754 727 4809 tariorum
755 4757 816 4809 in
843 4775 931 4828 ep.
976 4758 1257 4824 Paulinas,
1300 4760 1401 4829 qui
1430 4761 1731 4826 Ambrosii,
1789 4763 2083 4817 Anecdota
2110 4783 2164 4834 p.
2192 4771 2420 4820 304—8.
