3505 5161
524 201 645 256 267
1186 189 1484 239 401—431.
1515 183 1568 236 S.
1594 181 1931 251 Hieronymi
1959 199 2126 253 oprra
2154 182 2470 254 supposita.
3009 199 3136 254 203

520 389 696 430 mone
725 370 1058 441 transtulit,
1088 370 1447 430 Psalterium
1478 390 1718 447 quoque
1738 372 1800 429 et
1854 369 2130 447 signatur
2176 369 2348 427 lectio
2394 369 2682 443 epistolae
2732 371 2794 426 et
2843 369 3139 444 evangelii

520 461 858 536 prophetas,
893 478 1041 534 quos
1074 478 1182 518 nos
1215 459 1287 519 de
1318 459 1568 519 hebraeo
1616 461 1682 520 in
1713 461 1799 518 la·
1855 458 2065 517 diebus
2097 458 2266 517 festis
2296 460 2360 517 et
2389 457 2737 516 dominicis:
2799 457 2955 516 illud
3004 475 3140 515 cum

518 548 716 608 tinum
766 550 1118 608 vertimus«
1184 549 1448 609 Vertisse
1497 548 1739 608 videtur
1751 545 1799 631 ¹)
1854 547 2278 624 martyrologio
2309 547 2491 605 habes
2508 548 2667 622 apud
2700 546 3138 624 Mignexxx‚

508 639 698 697 etiam
718 638 756 701 l.
779 637 851 696 de
869 637 1017 697 viris
1037 638 1277 710 illustr„
1298 640 1401 697 sed
1432 640 1628 698 versio
1649 657 1801 714 quae
1860 645 2201 700 435—531
2215 681 2228 693 .
2261 637 2599 711 Supersunt
2618 638 2678 695 et
2695 636 2965 711 epistolae
2997 654 3139 711 sup-

522 729 820 803 comparet
863 727 926 786 in
970 726 1059 787 ed.
1091 727 1347 787 Vallersi
1377 726 1453 800 11,
1491 739 1545 801 2,
1583 737 1802 792 821——
1858 726 2088 803 positae
2120 721 2278 806 (43),
2331 726 2682 802 praesertim
2713 725 2786 783 ad
2819 726 3140 784 Damasum

529 826 649 880 956
686 819 749 875 et
779 817 933 892 apud
969 817 1322 877 Harnack
1355 820 1416 874 et
1447 817 1800 877 Gebhard
1858 816 1920 878 P.
1952 818 2013 873 et
2042 815 2307 873 vicissim
2353 815 2525 872 datae
2557 811 2662 893 (ib.
2693 834 2749 891 p.
2788 812 3136 894 15—307)‚

522 905 699 964 Texte
743 905 868 963 und
913 905 1266 966 Untersuch.
1317 916 1504 971 1896,
1553 907 1704 977 XIV,
1749 918 1800 977 ι,
1858 904 2103 963 homilia
2151 904 2225 962 ad
2271 904 2587 962 monachos
2634 906 2695 961 et
2737 905 2979 980 regulae
3010 921 3140 960 mo-

523 997 802 1053 censetur
832 1012 944 1054 sec.
977 995 1129 1053 sorte
1162 994 1286 1055 VII.
1306 1029 1394 1040 —-
1414 996 1499 1053 De
1520 996 1802 1072 operibus
1857 993 2180 1052 nachorum
2225 996 2285 1051 et
2328 993 2747 1052 monacharum
2780 990 2883 1073 (ib.
2923 1002 3140 1055 319—-

524 1082 793 1142 dubiis
843 1084 940 1142 vel
990 1085 1309 1160 spuriis,
1375 1103 1530 1160 quae
1592 1085 1705 1144 sub
1757 1103 1803 1143 s.
1863 1084 2034 1156 425),
2070 1101 2320 1141 canones
2354 1081 2806 1158 poenitentiales
2840 1075 2944 1162 (ib.
2981 1090 3138 1143 425-

522 1171 866 1248 Hieronymi
930 1173 1169 1232 nomine
1218 1174 1802 1246 circumferebantur,
1860 1171 2031 1247 435).
2075 1172 2251 1230 Liber
2295 1173 2364 1229 de
2406 1171 2736 1229 ham-esibus
2768 1171 3138 1238 Graecorum,

521 1261 744 1337 passim
807 1261 933 1338 agit
994 1262 1397 1322 Fessler-J
1413 1281 1804 1340 ungmann
1859 1261 2223 1320 «Iudaeorum
2275 1266 2335 1318 et
2368 1260 2833 1318 Christianorum
2866 1259 3141 1336 supposi-

522 1346 559 1415 ἓ
602 1359 719 1413 148
758 1368 864 1419 ss,;
899 1354 1249 1425 praesertim
1283 1349 1314 1417 ἓ
1357 1362 1496 1415 150.
1559 1353 1651 1411 Ita
1680 1371 1804 1411 ser-
1859 1355 1959 1410 tus
1993 1353 2186 1408 exstat
2217 1350 2280 1408 in
2312 1350 2578 1407 indiculo
2609 1350 2945 1407 Haereseon
2982 1349 3072 1406 ed.
3105 1368 3142 1405 a

524 1457 716 1498 mones
743 1439 865 1515 ipsi
896 1440 1037 1498 olim
1071 1441 1286 1499 tributi
1320 1443 1465 1499 sunt
1494 1441 1700 1517 spurii,
1734 1445 1808 1501 ut
1860 1440 1939 1502 01.
1972 1439 2279 1498 Menard
2299 1456 2348 1508 0,
2385 1437 2629 1497 Parisiis
2668 1448 2833 1500 1617
2854 1439 3015 1505 3item
3048 1437 3140 1494 in·

525 1546 713 1588 sermo
773 1528 1039 1604 alioquin
1089 1531 1282 1589 bonus
1332 1533 1394 1589 et
1437 1549 1471 1588 a
1514 1531 1804 1607 theologis
1859 1530 1952 1587 ter
1968 1548 2100 1604 opp.
2119 1547 2163 1586 s.
2196 1528 2494 1586 Isidori
2528 1527 2680 1601 hisp.
2699 1526 3141 1588 ed.Arevalo

526 1634 698 1695 saepe
730 1617 1009 1676 laudatus
1056 1619 1124 1677 de
1169 1622 1558 1695 assumptione
1589 1621 1636 1677 b.
1672 1621 1804 1678 Ma·
1860 1616 1946 1675 III
1979 1637 2107 1693 app.
2141 1617 2208 1686 X,
2260 1624 2455 1679 520-5
2470 1625 2547 1678 34
2581 1620 2691 1678 etc.
2737 1649 2824 1659 -——
2856 1615 3142 1673 Amelli

524 1708 651 1764 riae
694 1706 757 1764 V.
799 1740 875 1752 -—
925 1706 1409 1786 Martyroloyium
1455 1728 1591 1768 cum
1637 1729 1805 1786 prae·
1862 1706 2267 1765 recentissime
2298 1706 2519 1780 reperit
2545 1707 2618 1762 tr.
2649 1708 2855 1764 contra
2885 1703 3138 1780 Orige-

523 1795 654 1854 fixis
687 1795 957 1872 epistolis
978 1796 1294 1856 chromatii
1328 1801 1389 1857 et
1408 1798 1805 1857 Heliodoriad
1861 1815 2021 1854 nem
2054 1798 2122 1853 de
2141 1797 2351 1853 visione
2383 1794 2577 1853 Isaiae
2636 1793 2942 1868 ediditque
2974 1794 3141 1852 Mon-

523 1884 954 1961 Hieronymum
987 1889 1047 1943 et-
1065 1886 1411 1963 Hieronymi
1443 1887 1518 1946 ad
1548 1889 1806 1965 eosdem,
1862 1884 2151 1943 tecassino
2199 1893 2379 1951 1901,
2413 1901 2667 1958 eumque
2701 1901 2744 1946 S.
2779 1884 3141 1958 Hieronymo

526 1974 683 2050 quod
746 1975 907 2032 inter
949 1974 1079 2049 ejus
1124 1994 1301 2051 opera
1364 1994 1536 2052 saepe
1585 1977 1810 2053 prodiit
1862 1991 2118 2032 asserere
2167 1973 2387 2031 nititur
2415 1972 2747 2031 rationibus
2780 1990 2900 2031 non
2933 1977 3026 2030 sat
3057 1972 3142 2029 ef·

527 2063 730 2140 (etiam
761 2063 824 2120 in
856 2064 1105 2128 Actes.
1141 2065 1264 2126 Oct.
1286 2066 1438 2135 XIII,
1460 2062 1806 2145 I—XLIV),
1863 2062 2159 2127 ficacibus.
2239 2062 2612 2120 Probabilem
2673 2063 2871 2120 tamen
2940 2064 3141 2119 censet

525 2169 647 2210 non
678 2155 769 2209 est
801 2152 1012 2227 ipsius,
1047 2154 1413 2213 venerandae
1458 2158 1658 2214 tamen
1703 2174 1807 2213 an·
1864 2153 2217 2228 Weyman
2279 2151 2537 2209 auctoris
2601 2150 2937 2226 opinionem
2999 2149 3140 2207 hist.

526 2238 908 2321 tiquitatis2),
971 2243 1309 2301 rudimenta
1367 2244 1519 2303 forte
1563 2245 1687 2320 jam
1738 2263 1809 2302 ex
1861 2241 2166 2299 Jahrbueh
2207 2249 2362 2302 1901
2407 2259 2464 2315 p.
2505 2248 2647 2302 795.
2686 2272 2763 2282 -
2801 2239 3043 2297 Morin
3077 2239 3141 2295 in

528 2348 638 2388 sec.
659 2330 738 2387 IV
756 2331 942 2389 initio.
969 2331 1129 2390 Illud
1147 2334 1431 2409 temporis
1463 2333 1637 2410 lapsu
1669 2351 1808 2391 auc·
1862 2330 2080 2391 Anecd.
2144 2329 2453 2391 Maredsol.
2512 2329 2616 2397 ΙΙΙ,
2678 2338 2732 2396 2,
2791 2337 3137 2391 392--308

526 2421 659 2477 tum
690 2422 749 2476 et
779 2420 1202 2495 interpolatum
1223 2422 1452 2499 ingenti
1487 2422 1807 2481 sedulitate
1861 2420 2101 2477 exhibet
2173 2420 2471 2477 homiliam
2545 2418 2975 2493 Hierosolymis
3039 2426 3142 2479 25.

527 2511 589 2566 et
618 2508 933 2585 diligentia
964 2506 1434 2569 laudabilissima
1465 2511 1537 2569 ad
1558 2512 1806 2570 formam
1863 2509 1993 2569 Dec.
2027 2508 2307 2577 habitam,
2354 2526 2532 2582 quam
2572 2525 2617 2566 S.
2650 2508 3011 2583 Hieronymo
3047 2524 3142 2563 as-

528 2603 819 2673 quantum
851 2599 975 2657 fieri
1008 2601 1208 2675 potuit
1251 2600 1597 2677 originalem
1628 2602 1806 2660 resti·
1861 2600 2022 2658 serit.

525 2689 726 2745 tutum
752 2689 937 2763 juxta
959 2705 1136 2763 quam
1167 2691 1458 2765 plurimos
1491 2690 1655 2749 codd.
1677 2690 1802 2749 edi-

526 2776 745 2835 derunt
776 2777 846 2835 de
880 2777 1103 2836 Rossi
1136 2783 1198 2837 et
1230 2780 1634 2838 Duchesne
1667 2799 1804 2839 cum
1956 2786 2094 2839 146.
2127 2775 2639 2852 Augustinus.
2689 2774 2794 2849 qui
2824 2775 2984 2831 inter
3012 2794 3136 2831 ma-

525 2865 878 2925 doctissimis
927 2868 1361 2942 prolegomenis
1411 2868 1475 2926 in
1525 2871 1652 2928 Act.
1705 2869 1804 2927 SS.
1857 2866 2047 2924 ximos
2109 2865 2467 2923 universalis
2514 2864 2806 2923 Ecclesiae
2867 2862 3140 2922 doctores

524 2954 672 3013 Nov.
704 2957 747 3017 t.
781 2956 854 3013 ΙΙ.
886 2956 1204 3032 Reperitur
1226 2960 1425 3015 autem
1445 2957 1508 3016 in
1540 2957 1805 3034 antiquis

524 3043 687 3102 codd.
720 3043 956 3119 plenius
990 3049 1050 3103 et
1070 3047 1447 3106 contractius.
1481 3047 1693 3106 Graece
1714 3047 1801 3104 vi·
1858 3036 1981 3104 ejus
2021 3034 2385 3105 potissimum
2427 3033 2655 3104 scriptis
2695 3032 3038 3086 concinnata
3079 3031 3142 3086 in

523 3133 698 3191 detur
728 3133 915 3191 fuisse
936 3135 1330 3210 compositum
1352 3135 1545 3194 medio
1569 3154 1679 3197 sec.
1700 3135 1798 3206 IV;
1857 3107 1953 3231 gli)
1966 3125 2099 3233 (lugi).
2112 3104 2499 3245 ἔίὲιᾩόῃξηῗὲἐ
2514 3106 2854 3230 ἒνῐίῑιὲθξξὲἓ
2880 3111 3141 3246 Εἶζὲξοῖζ

523 3224 583 3279 et
602 3223 846 3280 ineunte
863 3240 975 3282 sec.
998 3224 1062 3280 V.
1083 3224 1156 3281 ab
1177 3226 1418 3282 auctore
1453 3225 1596 3282 italo
1617 3225 1800 3283 latine
1857 3251 2124 3302 Anconae
2176 3253 2340 3309 1750:
2384 3249 2418 3302 S
2436 3251 2461 3301 t
2476 3247 2495 3300 i
2511 3248 2530 3301 1
2547 3248 2606 3301 ti
2623 3266 2660 3299 n
2678 3249 2818 3371 {vin
2862 3247 3003 3302 actis
3049 3248 3140 3301 gs,

2728 3336 2749 3371 1

520 3328 755 3368 versum
792 3313 853 3369 et
884 3312 1246 3387 Hieronymo
1280 3314 1678 3389 suppositum.
1712 3348 1798 3357 -—
1855 3327 1941 3377 30.
1970 3321 2125 3390 Sept.
2151 3321 2299 3384 VIII,
2327 3326 2640 3377 418—688:
2755 3320 2992 3373 llemont
3017 3319 3141 3382 XII,

522 3398 906 3475 Suppositum
924 3400 1249 3476 pariterest
1260 3402 1571 3476 antiquum
1586 3402 1797 3460 Sacra-
1860 3399 2066 3448 1—-356
2086 3414 2097 3444 ²
2125 3396 2408 3449 616—652
2428 3412 2439 3452 z
2491 3393 2557 3443 A·
2600 3392 2644 3445 T
2660 3391 2699 3444 h
2715 3390 2736 3443 i
2752 3407 2782 3444 θ
2800 3407 2827 3442 1·
2842 3408 2870 3442 1·
2884 3408 2922 3458 y
2968 3389 3020 3442 S·
3048 3390 3138 3443 «Ῐῦ-

519 3491 868 3546 mentarium
902 3507 1008 3546 seu
1039 3489 1494 3562 Lectionarium,
1529 3488 1799 3566 quodin-
1854 3467 2023 3544 'omes’
2067 3462 2375 3545 laflo‘fiffl‘&
2433 3463 2760 3544 9h¹⁶tienne
2803 3465 2836 3515 ᾗ
2878 3462 3054 3542 R⁰¹¹3⁹
3082 3467 3143 3514 “t

1853 3535 2234 3604 l’emigration
2283 3549 2539 3587 romame
2591 3551 2660 3587 en
2712 3533 2878 3587 Terre
2924 3532 3140 3598 Salute,

520 3575 803 3634 S⁰r¹b¹t¹²¹⁹
852 3577 1030 3634 Liber
1062 3575 1377 3660 Gomi²i⁸3)2
1430 3580 1492 3638 in
1541 3599 1656 3656 ‘1¹³0
1702 3599 1796 3639 ²²³·
1853 3606 2088 3659 Parisiis
2118 3609 2254 3663 1867
2282 3609 2321 3659 t.
2340 3612 2371 3660 2
2392 3606 2454 3659 in
2476 3612 2539 3664 8:
2573 3608 2706 3661 1875
2723 3605 3139 3666 ed.contracta,

1852 3679 1911 3731 et
1934 3676 1994 3730 in
2026 3685 2107 3737 12.
2136 3677 2223 3730 ed.
2240 3685 2272 3733 3
2289 3676 2380 3738 (cf.
2406 3676 2454 3729 D
2471 3693 2504 3729 a
2522 3695 2559 3730 u
2577 3694 2611 3730 x
2637 3678 2699 3729 in
2716 3676 2909 3729 Revue
2926 3675 3022 3732 des
3042 3693 3136 3745 qq.

676 3816 687 3819 θ
1850 3749 1985 3804 hist.
2003 3755 2052 3812 3,
2081 3757 2183 3806 625
2205 3741 2334 3801 coll.
2356 3754 2441 3812 21,
2465 3750 2798 3820 404-474):
2827 3747 2879 3800 N
2897 3746 2961 3801 ir
2976 3764 3001 3799 s
3017 3765 3046 3801 c
3064 3748 3140 3802 hl

488 3825 489 3828 ’
594 3819 631 3886 ¹)
661 3816 743 3869 Cf.
772 3815 836 3869 G.
862 3816 1199 3872 Wentzel
1227 3817 1329 3871 Die
1357 3818 1568 3888 griech.
1591 3820 1796 3874 Ueber-
1854 3820 2088 3887 115174
2115 3838 2214 3879 ss.;
2243 3820 2473 3872 Ebert
2497 3822 2536 3872 t.
2567 3821 2588 3871 1
2615 3819 2650 3873 1.
2681 3827 2711 3874 ·.).
2738 3836 2784 3871 c.
2803 3824 2855 3882 8,
2883 3818 3137 3886 quieum

516 3888 754 3957 setzung
780 3888 878 3942 der
905 3889 1031 3942 Viri
1056 3889 1139 3943 ill.
1167 3890 1264 3943 des
1292 3890 1523 3944 Hieron.
1549 3892 1612 3944 in
1654 3892 1795 3945 Geb-
1851 3909 1893 3943 s.
1911 3891 2209 3944 Ambrosio
2237 3891 2533 3946 conferens
2553 3891 2784 3944 scribit:
2809 3889 2979 3943 Kann
3002 3907 3136 3942 man

515 3956 659 4011 hard
700 3962 757 4012 et
796 3960 1062 4015 Harnack
1102 3961 1275 4014 Texte
1319 3981 1372 4014 u.
1406 3962 1468 4015 U.
1499 3970 1635 4019 1895
1664 3964 1796 4017 XIII
1850 3962 2184 4016 Ambrosius
2223 3962 2391 4016 einen
2430 3962 2745 4016 Charakter
2783 3976 3029 4024 neuneu,
3077 3979 3135 4015 so

513 4028 648 4085 fasc.
676 4037 724 4086 3.
1850 4034 1919 4087 H.
1946 4034 2040 4088 ein
2068 4034 2284 4089 Talent.
2314 4033 2561 4087 Vertritt
2593 4034 2675 4087 als
2703 4033 2952 4087 Priester
2969 4034 3137 4100 jener

589 4105 628 4172 ²)
654 4099 737 4155 cf.
766 4102 914 4157 Vict.
955 4102 1035 4155 De
1076 4103 1176 4157 Bu
1194 4103 1277 4159 ck
1317 4103 1672 4159 Becherches
1697 4123 1796 4159 sur
1850 4105 1959 4158 den
2003 4105 2373 4160 christlichen
2416 4106 2796 4168 Staatsmann,
2839 4121 2899 4157 so
2952 4102 3137 4156 dieser

509 4174 592 4227 les
619 4172 973 4227 Calendriers
1000 4175 1308 4234 ecclesiast,
1326 4175 1472 4228 Diss.
1490 4178 1794 4246 posthume
1850 4177 1960 4229 (len
1988 4175 2311 4240 Gelehrten‚
2354 4177 2473 4229 und
2513 4193 2661 4230 zwar
2702 4175 2813 4228 den
2839 4174 3135 4236 klassisch,

511 4243 582 4296 11.
606 4244 703 4297 111.
728 4244 1011 4300 Bruxellis
1042 4249 1177 4304 1877
1195 4269 1206 4306 ;
1256 4246 1325 4300 H.
1353 4248 1403 4300 A
1420 4264 1448 4300 c
1465 4247 1503 4300 h
1520 4265 1549 4300 e
1565 4251 1585 4303 1
1601 4248 1622 4300 i
1639 4267 1663 4301 s
1690 4248 1793 4302 Dic
1849 4248 1902 4300 d.
1921 4249 1977 4301 h.
1993 4266 2061 4300 zu
2107 4247 2256 4302 leich
2269 4248 2582 4301 {isthetisch
2594 4246 2923 4317 gebildeten
2935 4246 3135 4300 christ-

510 4314 978 4386 Martyrologien,
1018 4318 1143 4371 ihre
1173 4318 1513 4372 Geschichte
1554 4319 1674 4372 und
1702 4319 1795 4373 ihr
1850 4318 2039 4372 lichen
2097 4320 2405 4379 *elehrtem
2446 4337 2507 4373 er
2545 4319 2621 4372 ist
2659 4319 2759 4372 der
2793 4317 2989 4371 Urahn
3035 4318 3136 4370 der

508 4385 712 4441 Werth
740 4389 1095 4450 untersucht,
1135 4389 1327 4443 Berlin
1359 4396 1525 4449 1900:
1576 4390 1793 4459 lldeph.
1850 4390 2229 4444 Humanisten
2256 4390 2587 4461 gleichsam,
2614 4408 2688 4442 an
2716 4390 2808 4443 die
2836 4389 2895 4442 in
2919 4388 3135 4442 seinem

508 4457 738 4511 Veith
764 4460 1041 4514 Katholik
1069 4463 1136 4524 11,
1164 4468 1476 4518 314—324:
1518 4460 1792 4532 hist.-pol.
1848 4462 2035 4515 Leben
2065 4463 2185 4516 und
2212 4462 2407 4516 seinen
2424 4462 2709 4516 Schriften
2725 4461 2963 4516 manche
2981 4461 3055 4514 Ζὶ1
3105 4478 3134 4514 e

508 4527 593 4583 Bl.
649 4537 784 4586 1895
837 4531 1026 4596 CXVI,
1073 4539 1385 4592 629—6432
1431 4531 1795 4587 Potthast
1848 4533 2147 4588 erinnern:
2228 4532 2781 4587 Bardenhewer
2859 4532 2973 4585 ΚΒ.
3061 4480 3133 4592 ξ’,

509 4618 564 4671 p.
592 4601 712 4657 774.
1849 4609 2203 4662 2017—‘2036
2222 4627 2233 4660 :
2276 4605 2320 4658 G
2339 4624 2366 4657 r
2382 4611 2416 4658 ii
2436 4608 2502 4658 tz
2520 4624 2571 4658 m
2592 4620 2625 4657 a,
2642 4621 2669 4658 c
2687 4605 2725 4658 h
2742 4620 2771 4656 e
2787 4622 2815 4657 r
2857 4604 3137 4672 Hierony·

581 4675 623 4742 ³)
652 4671 881 4725 Praeter
905 4675 1165 4727 auctores
1185 4674 1307 4742 jani
1334 4674 1561 4742 saepius
1588 4674 1793 4731 citatos
1846 4695 1971 4730 mus
2003 4686 2046 4732 1.
2075 4677 2266 4731 Ηξὶὶῆετ
2297 4717 2308 4729 .
2339 4718 2349 4728 .
2380 4717 2391 4729 .
2421 4675 2508 4729 bis
2529 4695 2656 4729 zum
2679 4676 2727 4732 J.
2748 4683 2868 4740 385,
2896 4675 3137 4746 Leipzig·
3225 4741 3228 4746 μ

508 4742 579 4794 cf.
610 4743 946 4797 Vallarsi
995 4744 1053 4797 in
1103 4745 1222 4798 vita
1262 4762 1306 4798 s.
1345 4744 1684 4814 Hieronymi
1724 4763 1791 4799 ex
1854 4754 2003 4803 1901.
