3505 5161
371 254 496 308 809

1212 239 1437 305 AmolO,
1464 239 1780 310 Remigius,
1802 239 1997 311 Lupus
2025 244 2155 297 trec.

2868 264 2991 317 810

369 424 494 485 ΡΡ.
525 422 688 500 lugd.
720 426 763 481 t.
797 423 947 494 xlv,
979 444 1012 482 a
1043 424 1290 501 Mignc
1324 426 1431 486 PL.
1457 425 1651 498 CXVI,
1711 427 1954 487 videtur
1984 434 2191 489 auctor
2221 449 2506 489 canonum
2539 450 2639 491 sex
2669 435 2874 491 contra
2891 432 2996 491 illa

378 521 697 575 77—185.

462 736 606 789 443.
641 728 920 786 Amoloni
953 729 1302 804 subjicimus
1351 730 1482 806 ejus
1517 748 1649 788 suc·

364 833 659 874 cessorem
694 816 756 874 in
781 816 918 875 sede
937 816 1300 893 lugdunensi
1336 837 1383 882 s,
1416 819 1650 878 Remi-

369 906 595 981 gium,
659 909 835 963 antea
882 906 1032 965 sacri
1094 908 1301 983 palatii
1354 926 1650 966 summum

366 994 740 1069 capellanum

1715 518 1980 593 capitula
2012 522 2374 580 statutorum
2423 520 2486 579 in
2537 521 2762 598 synodo
2791 523 2992 580 valen-

1710 607 1858 678 tina,
1894 608 1991 667 cui
2024 610 2231 685 etipse
2251 609 2550 685 praesedit
2569 631 2616 669 a.
2643 620 2786 674 855.
2819 610 2993 670 Prae-

1711 696 1830 755 fuit
1861 697 1957 755 vel
1989 697 2269 757 interfuit
2313 698 2590 773 pluribus
2631 699 2767 758 aliis
2813 718 2990 775 syno-

1710 785 1823 857 dis,
1857 786 1921 844 in
1952 788 2174 862 quibus
2222 787 2687 847 sollicitudinem
2722 807 2889 846 suam
2922 789 2993 847 de

1712 875 1872 933 bono
1937 876 2250 947 Ecclesiae,
2315 876 2387 936 de
2445 877 2762 953 disciplina
2811 879 2993 936 eccle-

786 989 849 1077 (†
894 1002 991 1059 28·
1041 996 1166 1057 Oct·
1212 993 1383 1076 875).
1445 997 1654 1055 Exstat
1712 964 1964 1032 siastica‚
2000 966 2072 1024 de
2104 985 2336 1025 morum
2367 965 2780 1025 reformatione
2801 966 2992 1041 deque

368 1084 548 1158 hujus
565 1082 676 1141 sub
693 1084 931 1142 nomine
953 1085 1230 1144 ecclesiae
1263 1084 1653 1162 lugdunensis
1710 1071 1851 1128 9⁸⁰⁰
1881 1055 2120 1130 pablica
2150 1055 2430 1156 Osoendtt·
2479 1055 2659 1114 Edita
2689 1058 2842 1155 sunt,
2863 1057 2992 1131 ejus

365 1174 438 1229 de
500 1172 685 1230 tribus
745 1175 1001 1245 epistolis
1049 1175 1089 1232 1·
1136 1176 1219 1249 (Μ
1237 1175 1255 1232 i
1272 1194 1367 1251 gn
1383 1194 1414 1232 e
1462 1175 1651 1246 CXXI,
1711 1144 2000 1218 opuscula
2020 1163 2054 1201 a
2073 1144 2130 1201 M
2149 1163 2239 1202 au
2258 1163 2353 1221 gu
2369 1164 2389 1202 1
2405 1164 2446 1204 n
2479 1162 2572 1219 op.
2595 1163 2776 1221 supra
2795 1148 2895 1206 cit.
2916 1146 2990 1212 ΙΙ,

373 1276 405 1319 9
419 1272 452 1319 8
464 1271 495 1323 5
509 1295 587 1304 ν-
600 1272 623 1323 1
643 1271 720 1323 06
731 1258 810 1344 8).
907 1261 1279 1338 Scripserant
1368 1264 1652 1322 nimirum

370 1351 835 1409 Hincmarus
882 1354 941 1409 et
990 1349 1468 1433 Pardulus¹)‚
1521 1354 1652 1429 ejus

368 1440 429 1496 in
478 1441 879 1499 controversia
924 1460 1057 1499 cum
1106 1430 1511 1502 Gotteschalco
1559 1460 1652 1500 so·

369 1530 511 1598 eiua,
564 1528 875 1605 episcopus
924 1529 1317 1589 laudunensis
1367 1528 1440 1611 (c.
1477 1526 1650 1613 847),

364 1618 439 1676 ad
474 1619 822 1677 Amolonem
862 1620 1178 1693 epistolam
1210 1620 1510 1695 simulque
1542 1621 1651 1678 mi-

371 1710 582 1766 serunt
627 1707 681 1765 ei
726 1707 1024 1767 Rabani
1063 1708 1135 1766 ad
1169 1710 1395 1786 Noting
1427 1710 1649 1779 literas,

370 1801 439 1853 ut
472 1816 610 1854 eum
642 1796 834 1855 adhuc
866 1798 1053 1874 magis
1085 1798 1157 1855 ad
1179 1817 1315 1858 suas
1348 1799 1651 1858 traherent

366 1890 587 1961 partes,
651 1886 733 1944 Eo
768 1886 1011 1945 interim
1064 1887 1343 1947 defuncto
1377 1906 1420 1948 8.
1455 1888 1651 1945 Remi-

365 1976 507 2051 gius
540 1974 782 2033 nomine
803 1975 1082 2034 ecclesiae
1113 1977 1507 2054 lugdunensis
1528 1996 1652 2035 res·

370 2065 609 2139 pondet‚
642 2064 941 2140 triplicem
990 2066 1143 2124 hanc
1175 2067 1488 2142 epistolam
1519 2085 1653 2124 exa-

370 2154 514 2210 mini
549 2157 822 2212 accurato
857 2154 1119 2231 subjicit,
1154 2156 1326 2230 plura
1344 2156 1408 2213 in
1429 2156 1503 2214 iis
1521 2174 1650 2214 car-

368 2243 477 2317 pit,
531 2242 1011 2302 Gotteschalcum
1057 2248 1310 2314 excusat,
1355 2244 1652 2321 geminam

372 2331 966 2405 praedestinationem
1014 2350 1195 2391 sensu
1227 2352 1368 2392 sano
1402 2331 1650 2412 doeet2).

369 2420 699 2495 Subjicitur
744 2421 883 2480 huic
914 2422 951 2479 l.
984 2422 1298 2480 Absolutio
1346 2424 1649 2498 cujusdam

371 2509 737 2584 quaestionis
770 2511 839 2567 de
865 2511 1122 2588 ymcerali
1140 2514 1467 2584 persidam
1485 2512 1651 2570 dam-

372 2601 601 2657 natione
616 2602 873 2658 omm‘um
890 2602 950 2658 et
966 2600 1208 2676 speciali
1226 2621 1333 2676 per
1348 2602 1647 2661 Christum

371 2707 440 2744 ex
487 2687 692 2746 eodem
746 2689 1050 2764 ereptione
1099 2691 1439 2760 electorum,
1475 2710 1649 2768 quem

369 2781 570 2834 tamen
603 2777 641 2839 l.
676 2777 1050 2836 Schroers
1082 2780 1306 2838 auctori
1325 2783 1524 2839 nostro
1546 2780 1648 2837 ab·

358 2865 613 2941 judicat.
666 2899 751 2910 —-
803 2866 1019 2925 Contra
1068 2868 1329 2943 capitula
1391 2871 1650 2944 quatuor

371 2954 584 3030 synodi
618 2956 923 3014 carisiacae
958 2952 1161 3038 (853),
1214 2976 1466 3031 quorum
1513 2976 1648 3016 auc-

368 3047 464 3100 tor
526 3043 880 3103 Hincmarus
942 3045 1151 3116 fuerat,
1205 3046 1443 3121 scripsit
1492 3047 1532 3108 l.
1583 3048 1651 3104 de

371 3134 613 3191 tenenda
646 3134 1011 3192 immobiliter
1044 3135 1384 3210 Scripturae
1413 3137 1651 3193 veritate

366 3224 429 3278 et
466 3240 541 3279 ss,
562 3222 1019 3281 orthodoxorum
1032 3228 1274 3299 patrum
1296 3225 1650 3282 auctoritate

373 3310 629 3369 fideliter
659 3311 952 3381 sectanda,
988 3331 1173 3387 eaque
1205 3314 1373 3389 gravi
1408 3313 1652 3389 subjicit

371 3417 649 3458 censurae
670 3421 682 3457 :
717 3400 823 3459 sed
854 3420 1068 3478 magna
1089 3420 1226 3476 pars
1247 3421 1537 3460 censurae
1556 3421 1649 3460 ca-

367 3488 551 3563 pituli
584 3489 845 3560 secundi,
880 3494 941 3548 et
972 3490 1225 3548 maxima
1269 3510 1405 3566 pars
1439 3510 1649 3550 censu-

369 3597 467 3635 rae
514 3595 638 3653 cap.
697 3578 863 3636 tertii
926 3574 1226 3660 desunt3).
1292 3580 1421 3656 Ipse
1467 3581 1650 3639 etiam

451 3879 485 3940 ¹)
515 3872 701 3940 Hujus
730 3871 773 3924 P
788 3888 821 3924 a
838 3891 865 3924 r
881 3872 916 3925 d
936 3891 972 3925 u
991 3872 1065 3937 li,
1092 3873 1194 3941 qui
1216 3873 1360 3927 vixit
1375 3874 1446 3927 ad
1463 3892 1512 3930 a.
1530 3882 1652 3940 856,

368 3943 517 3997 nihil
534 3947 792 4014 superest
816 3944 923 3997 nisi
944 3949 1159 4012 epistola
1186 3945 1258 3997 ad
1281 3946 1651 4000 Hincmarum

368 4031 522 4076 rem..
550 4016 609 4067 in
638 4031 753 4083 qua
780 4015 833 4068 ei
859 4016 1187 4086 gratulatur
1223 4017 1292 4071 de
1318 4021 1654 4087 recuperata

366 4085 635 4150 sanitate,
662 4089 720 4138 et
746 4087 1071 4157 fragmenta
1106 4093 1351 4156 epistolae
1376 4089 1437 4142 in
1464 4093 1652 4144 Gotte-

370 4157 585 4212 schalci
614 4174 803 4221 causa,
846 4175 1018 4239 quam
1046 4158 1340 4229 Remigius
1385 4177 1651 4216 censurae

365 4228 607 4298 subjicit
632 4233 689 4283 et
715 4229 851 4284 hinc
880 4247 941 4284 in
970 4247 1070 4284 suo
1099 4247 1363 4301 responso
1393 4232 1654 4286 transcri-

373 4299 473 4352 bit.

445 4379 485 4442 ²)
530 4371 612 4425 Cf.
676 4371 729 4423 H
747 4387 775 4422 e
795 4372 943 4426 fele
1011 4371 1495 4444 Conciliengesch.
1558 4374 1653 4438 IV,

368 4452 396 4507 ἓ
425 4452 546 4498 451.
574 4452 680 4499 455
709 4460 782 4501 8.;
810 4444 955 4498 Hist.
984 4444 1068 4497 lit.
1097 4444 1165 4508 V,
1186 4451 1345 4501 449-
1365 4452 1498 4502 461:
1527 4446 1654 4500 Mo·

370 4513 561 4567 litor
588 4513 652 4567 O.
678 4514 730 4569 S.
758 4514 820 4572 B.
847 4515 962 4568 KL.
990 4517 1055 4578 X,
1086 4523 1222 4571 1045
1251 4533 1319 4569 ss.

444 4589 485 4654 ⁸)
514 4585 681 4638 Hunc
730 4585 941 4641 librum
983 4588 1017 4639 S
1035 4603 1064 4639 c
1079 4587 1118 4640 h
1134 4605 1162 4639 r
1178 4603 1210 4640 o
1227 4604 1256 4641 e
1273 4605 1300 4638 r
1316 4605 1339 4639 s
1381 4587 1655 4642 Hincmar

372 4654 532 4710 Erzb.
552 4675 601 4709 V.
620 4656 684 4714 R.
713 4656 992 4728 Freiburg
1013 4665 1149 4714 1883
1164 4677 1221 4728 p.
1244 4662 1347 4713 128
1373 4663 1567 4712 annot.
1592 4668 1608 4713 l
1631 4668 1644 4712 l

1716 1241 2057 1302 61-—23o;
2109 1233 2183 1291 ab
2233 1234 2471 1293 Andrea
2519 1234 2886 1293 Duvallio
2929 1235 2992 1292 in

1709 1321 1859 1384 bibl.
1894 1322 2005 1379 ΡΡ.
2037 1322 2201 1399 lugd.
2236 1322 2355 1385 XV.
2392 1332 2712 1391 sec-71&
2756 1322 2992 1400 Migne

1712 1412 1776 1468 P.
1828 1410 1892 1468 L.
1947 1411 2136 1479 CXXI,
2196 1420 2585 1474 985-1135
2640 1407 2990 1496 (mendose).

1712 1499 1878 1558 Obiit
1913 1510 2013 1563 28.
2048 1501 2173 1559 Oct.
2211 1510 2332 1563 875
2384 1503 2447 1558 et
2476 1501 2550 1559 ab
2580 1501 2824 1560 ecclesia
2856 1501 2989 1578 lug-

1711 1588 1967 1647 dunensi
1999 1590 2158 1649 inter
2187 1592 2419 1648 sanctos
2452 1590 2685 1653 colitur.

1803 1776 1946 1828 444.
1997 1768 2419 1826 Praetermisso
2466 1768 2703 1827 interim
2767 1768 2990 1827 Floro

1712 1856 1923 1915 horum
1943 1855 2196 1915 duorum
2218 1859 2561 1933 praesulum
2582 1857 2827 1915 diacono
2846 1861 2907 1915 et
2927 1857 2990 1916 in

1714 1945 1823 2003 hac
1853 1947 2256 2004 controversia
2287 1946 2461 2015 socio,
2497 1947 2569 2004 de
2589 1965 2710 2022 quo
2730 1946 2874 2004 alias
2896 1965 2988 2004 re-

1713 2034 1869 2091 dibit
1900 2052 2107 2104 serm0,
2153 2035 2224 2093 ad
2256 2036 2401 2094 alios
2435 2035 2738 2094 Hincmari
2784 2034 2988 2093 adver-

1710 2124 1899 2182 sarios
1931 2124 2256 2183 veniamus.
2319 2123 2485 2183 Inter
2515 2125 2621 2183 hos
2655 2127 2783 2182 erat
2813 2125 2989 2182 Pru-

1708 2211 1745 2269 d
1767 2213 2059 2282 entius,
2124 2214 2364 2271 natione
2423 2214 2754 2288 HispanuS,
2820 2214 2988 2287 cujus

1707 2320 1923 2360 nomen
1971 2303 2358 2360 vernaculum
2403 2303 2520 2362 fuit
2565 2303 2830 2371 Galind0‚
2883 2321 2986 2360 no-

1707 2390 1933 2449 bilibus
1982 2392 2334 2466 parentibus
2384 2395 2582 2463 natus,
2629 2392 2692 2450 in
2738 2392 2987 2450 Galliam

1709 2478 2003 2538 deductus
2036 2484 2097 2538 et
2127 2484 2199 2538 ut
2230 2480 2468 2539 videtur
2512 2481 2575 2539 in
2607 2478 2744 2539 aula
2775 2480 2988 2538 educa·

1707 2572 1830 2638 tus,
1866 2568 1970 2645 qui
2000 2569 2192 2629 sactus
2224 2574 2318 2628 est
2349 2573 2484 2630 ante
2516 2592 2582 2629 a..
2604 2579 2725 2634 847
2762 2570 2988 2645 episco-

1708 2676 1824 2730 pus
1857 2659 2161 2717 trecensis.
2224 2660 2367 2718 Tam
2408 2660 2763 2718 Hincmarus
2810 2679 2988 2734 quam

1708 2747 2002 2805 Pardulus
2035 2748 2403 2822 scripserunt
2445 2749 2517 2806 ad
2550 2767 2687 2806 eum
2719 2749 2781 2806 in
2814 2766 2990 2806 causa

1712 2836 2119 2894 Grotteschalci.
2153 2837 2374 2895 Verum
2406 2838 2533 2912 ipse
2566 2855 2698 2895 cum
2733 2837 2866 2894 aliis
2889 2856 2988 2895 ve-

1705 2924 1972 2993 ritusne
2005 2925 2067 2982 in
2088 2925 2496 2984 Gotteschalco
2527 2925 2856 2983 damnando
2877 2925 2986 2984 im-

1707 3016 2013 3088 peteretur
2045 3032 2087 3071 S.
2120 3015 2449 3090 Augustini
2483 3013 2765 3084 doctrina,
2817 3015 2988 3072 stetit

1707 3120 1813 3176 pro
1875 3101 2112 3178 gemina
2172 3103 2712 3177 praedestinatione
2761 3121 2987 3178 proque

1707 3209 1750 3251 s.
1774 3191 2100 3267 Augustini
2119 3191 2401 3250 doctrina.
2423 3192 2575 3250 Hinc
2591 3191 2835 3266 scripsit
2849 3192 2988 3250 stilo

1708 3280 1854 3337 satis
1871 3279 2173 3338 moderato
2190 3283 2485 3358 epistolam
2513 3281 2587 3338 ad
2604 3280 2989 3339 Hincmarum

1707 3371 1769 3426 et
1819 3368 2160 3439 Pardulum,
2225 3371 2297 3428 de
2346 3389 2465 3445 qua
2510 3370 2720 3428 durius
2760 3370 2989 3446 judicat

1708 3457 1986 3515 Rabanus
2022 3458 2085 3515 in
2117 3477 2205 3533 ep.
2248 3459 2321 3517 ad
2352 3451 2755 3517 Hincmarum.
2818 3460 2888 3516 In
2922 3478 2989 3516 ea

1705 3547 1836 3605 fuse
1886 3550 2096 3605 tuetur
2143 3548 2437 3623 geminam
2498 3547 2988 3624 praedestinatio-

1707 3655 1863 3704 nem,
1898 3635 1998 3694 sed
2032 3634 2234 3695 minus
2257 3637 2426 3713 plene
2454 3637 2665 3695 scribit
2684 3637 2756 3695 de
2775 3638 2988 3695 volun·

1706 3727 1831 3782 tate
1865 3725 1972 3783 Dei
2006 3726 2328 3784 salutifera.
2370 3727 2625 3802 Reperta
2655 3726 2771 3784 fuit
2802 3746 2835 3784 a
2868 3726 2988 3786 Sir-

1709 3812 1943 3883 mondo‚
1977 3832 2097 3888 quo
2130 3815 2410 3874 defuncto
2441 3815 2602 3874 edita
2645 3818 2737 3874 est
2768 3834 2802 3872 a
2834 3816 2987 3873 Oel-

1712 3902 1827 3961 lot
1858 3903 1919 3960 in
1952 3903 2202 3961 historia
2234 3904 2628 3962 Gotteschalci
2659 3904 2987 3979 praedesti-

1710 3992 1956 4062 natiani,
2010 3991 2253 4050 Parisiis
2310 4003 2467 4056 1655
2514 4012 2569 4068 p.
2607 4002 2987 4062 420—463;

1709 4081 1774 4138 in
1806 4080 1952 4143 bibl.
1970 4081 2081 4139 ΡΡ.
2103 4080 2267 4157 lugd.
2289 4080 2407 4151 XV,
2444 4091 2808 4144 598—611.
2845 4083 2985 4139 Cum

1710 4170 1803 4228 J0.
1838 4169 2050 4228 Scotus
2096 4170 2418 4228 infeliciter
2463 4187 2525 4227 se
2571 4170 2988 4228 immiscuisset

1711 4258 1851 4317 huic
1881 4259 2313 4317 controversiae
2331 4255 2427 4339 (cf.
2449 4278 2504 4333 p.
2526 4270 2556 4319 7
2571 4253 2699 4336 93),
2715 4259 2875 4316 Wen
2889 4259 2940 4315 il
2954 4277 2987 4317 o

1713 4348 2192 4423 archiepiscopus
2227 4348 2574 4406 senonensis
2619 4366 2688 4405 ex
2734 4349 2862 4423 ejus
2894 4365 2986 4423 op.

1709 4437 2000 4511 excerpsit
2074 4437 2507 4512 propositiones
2560 4436 2706 4506 XIX,
2772 4454 2988 4509 easque

1709 4525 2047 4585 transmisit
2087 4526 2412 4585 Prudentio
2453 4525 2811 4587 refutandas.
2874 4524 2987 4583 Ve-

1710 4634 1843 4673 rum
1878 4615 1971 4673 hic
2002 4615 2200 4691 ipsum
2231 4620 2442 4674 nactus
2465 4633 2612 4690 opus
2643 4614 2794 4673 illud
2827 4633 2985 4673 erro—

368 4731 561 4782 censet
587 4744 706 4782 esse
748 4727 1083 4783 Ebbonia
1122 4746 1207 4799 ep.
1245 4728 1654 4800 gratianopoli·
1713 4703 1880 4762 ribus
1912 4704 2199 4762 refertum
2231 4706 2468 4782 reperit»
2514 4704 2653 4762 hinc
2702 4702 2850 4761 lund
2884 4723 2987 4778 pe·

373 4799 495 4851 tani
525 4799 744 4868 (saltem
773 4801 847 4853 ab
872 4816 923 4852 a.
950 4804 1271 4872 855-860).

1712 4792 2000 4851 detentim
2017 4797 2285 4853 accurate
2316 4797 2376 4854 et
2407 4793 2699 4870 sagaciter
2728 4791 2989 4851 refutare
