3505 5161
481 203 604 256 479
1174 190 1469 239 501-55l.
1496 182 1808 254 Scriptores
1836 185 2116 255 polemici.
2148 182 2410 253 vigilius,
2972 199 3094 256 480

478 373 761 451 gilium
825 378 1157 449 tapsensem
1221 371 1592 447 episcopum,
1656 371 1762 447 qui
1816 390 1963 431 esse.
1997 406 2083 416 —-
2117 373 2203 431 De
2242 373 2523 431 Trinitate
2552 371 2612 429 u.
2648 369 2787 429 XII
2809 369 2915 450 (ib.
2942 379 3095 434 237·

480 461 757 521 interfuit
788 479 921 520 cum
954 461 1087 520 aliis
1131 461 1421 538 episcopis
1453 460 1759 520 collationi
1820 455 1974 543 334)
2008 461 2122 520 sub
2154 461 2393 521 nomine
2426 474 2470 519 s,
2503 459 2925 518 Athanasii
2962 460 3096 518 vul-

479 551 919 629 carthaginensi
965 568 1098 609 cum
1141 550 1380 609 Arianis
1426 569 1475 610 a.
1512 559 1637 614 484
1684 550 1759 609 ab
1813 552 1959 627 gati,
1993 550 2175 609 etiam
2208 549 2484 626 inscripti
2515 551 2584 608 de
2614 550 2783 607 unita
2806 547 3096 609 {ll-initam

479 641 775 700 Hunerico
808 639 1205 699 vandalorum
1251 658 1389 716 rege
1433 657 1542 716 pro
1575 639 1761 699 forma
1813 640 2066 698 Deitatis
2086 640 2158 698 ad
2191 639 2716 716 Theophilum.
2752 638 2929 697 Liber
2947 638 3094 697 duo-

477 733 857 789 convocatae:
904 747 1098 804 neque
1145 728 1304 787 enim
1336 729 1757 804 permitteban·
1814 728 2080 787 decimus
2112 748 2318 788 revera
2349 749 2383 787 a
2402 727 2781 787 Montfaucon
2801 727 2962 786 inter
2992 747 3093 804 ge-

476 824 579 877 tur
609 818 870 895 episcopi
902 818 1177 878 catholici
1198 818 1382 877 libere
1401 819 1586 892 loqui.
1628 820 1758 876 Mox
1814 818 2001 877 nuina
2045 836 2089 877 s.
2135 817 2555 876 Athanasii
2601 834 2778 892 opera
2820 821 3098 876 censetur

477 910 538 967 in
570 908 846 967 exsilium
892 907 1012 966 fuit
1055 908 1279 982 ejectus
1330 908 1426 966 vel
1474 906 1618 985 fuga
1665 911 1759 965 est
1813 910 1994 980 atque
2026 906 2225 966 editus
2258 907 2377 966 fuit
2411 901 2587 989 (Opp.
2613 904 2659 976 Ι,
2698 914 2953 969 773—‘7
2964 901 3093 987 83).

357 1072 362 1076 ⁴
476 999 736 1074 elapsus,
801 1015 995 1071 neque
1055 1000 1255 1055 tamen
1305 995 1538 1055 destitit
1587 995 1756 1054 libris
1816 997 2154 1055 Kiinstle
2201 996 2428 1072 priores
2459 996 2521 1054 ll.
2569 994 2828 1054 auctoris
2861 995 3091 1070 hispani

477 1087 686 1145 saltem
719 1084 895 1144 editis
927 1086 1040 1144 sub
1077 1085 1622 1145 illustrissimorum
1654 1105 1758 1161 pa·
1816 1103 1927 1145 sec.
1961 1084 2079 1153 IV„
2142 1086 2295 1144 forte
2346 1084 2712 1161 Gregorii
2760 1084 3095 1143 eliberitani

473 1181 634 1234 trum
657 1175 911 1244 nomine,
946 1174 1188 1250 proprio
1208 1192 1544 1249 suppresso,
1578 1174 1754 1232 fldem
1813 1175 2072 1249 episcopi
2110 1170 2208 1257 (cf.
2242 1193 2424 1250 supra
2454 1194 2510 1250 p.
2533 1182 2647 1237 141
2677 1169 2755 1250 a.)
2771 1191 2895 1232 esse
2909 1173 3093 1249 conji-

473 1264 633 1323 tueri
653 1263 1028 1323 catholicam:
1062 1263 1200 1322 hinc
1218 1264 1414 1322 oritur
1433 1263 1756 1322 difficultas
1812 1264 1896 1322 cit
1909 1258 1978 1344 ¹).
2011 1297 2095 1307 —
2119 1264 2326 1338 Neque
2357 1263 2574 1322 desunt
2605 1263 2710 1337 qui
2741 1261 2797 1322 ei
2828 1261 3096 1321 tribuant

476 1352 865 1430 dignoscendi
906 1354 1036 1428 ejus
1068 1352 1253 1411 libros
1285 1353 1593 1429 genuinos.
1655 1352 1755 1411 Se·
1813 1352 2142 1429 Symbolum
2162 1353 2344 1429 vulgo
2365 1353 2591 1411 dictum
2607 1352 3094 1410 athanasianum:

476 1442 627 1519 legit
656 1444 855 1500 autem
888 1441 1112 1518 dialogi
1146 1442 1411 1513 formam,
1463 1447 1534 1500 ut
1564 1440 1756 1518 magis
1814 1460 2064 1509 ,verum
2096 1442 2237 1500 haec
2270 1441 2584 1511 sententia,
2631 1440 2832 1517 inquit
2874 1440 3093 1498 Fess-

473 1531 742 1590 idoneam
775 1530 849 1588 ad
870 1530 1342 1590 adversariorum
1383 1530 1755 1606 exceptiones
1810 1530 2022 1589 lar-J
2037 1549 2427 1607 ungmann
2473 1529 2546 1588 11.
2599 1540 2746 1599 471,
2792 1546 2903 1587 nec
2947 1527 3092 1586 satis

472 1620 802 1690 solvendae,
817 1619 1588 1695 cavillationesaperiendas,
1602 1618 1755 1679 veri-
1811 1620 1997 1678 solide
2029 1619 2381 1690 adstruitur,
2414 1637 2523 1677 nec
2553 1620 2699 1678 satis
2731 1621 2865 1677 tuto
2895 1617 3090 1692 rejici-

471 1713 657 1768 tatem
706 1709 1133 1770 inculcandam.
1218 1709 1501 1786 Dialoyus
1554 1716 1755 1767 contra
1809 1710 1913 1767 tur
1945 1705 2044 1788 (cf.
2077 1727 2258 1785 supra
2284 1703 2512 1789 127)‘;
2545 1711 2605 1766 et
2634 1711 2709 1769 tr.
2729 1715 2929 1765 contra
2952 1706 3089 1765 Ful·

473 1800 734 1857 Arianos
778 1799 840 1856 ll.
883 1798 942 1855 II
990 1797 1420 1856 Athanasio
1467 1800 1529 1856 et
1573 1798 1756 1857 Ario
1807 1800 2060 1873 yentium
2110 1798 2480 1857 Donatistam
2546 1793 2822 1879 (Migne
2884 1795 3088 1865 XLIII,

473 1886 1018 1955 interlocutoribuS,
1040 1885 1265 1945 Probo
1276 1881 1754 1969 judice(Migne
1815 1897 2112 1949 763-77
2124 1881 2207 1969 4),
2260 1886 2363 1945 sed
2413 1886 2528 1945 levi
2578 1887 2933 1962 conjectura.
2996 1884 3093 1959 lp·

469 1975 647 2046 LXII,
690 1969 1084 2057 155—179),
1116 1993 1295 2051 quem
1316 1976 1455 2035 dein
1472 1978 1755 2035 retracta·
1810 1976 1936 2034 sius
1986 1976 2207 2052 pariter
2255 1993 2376 2035 non
2424 1979 2549 2035 est:
2616 1975 2927 2049 Conflidus
2987 1992 3095 2033 seu

467 2065 578 2135 vit,
602 2064 914 2140 ampliavit
932 2063 1206 2123 admissis
1226 2063 1754 2124 interlocutoribus
1810 2065 2105 2124 altercatio
2125 2065 2377 2124 Arnobii
2403 2064 2678 2124 catholici
2711 2082 2846 2123 cum
2879 2062 2918 2121 S
2934 2081 3013 2121 er
3029 2082 3092 2122 a·

473 2154 650 2212 etiam
715 2152 1064 2211 Sabellio
1124 2157 1186 2211 et
1249 2153 1584 2213 Photino
1646 2149 1754 2235 (ib.
1809 2153 2037 2230 pione
2082 2154 2359 2231 aegyptio
2405 2154 2479 2212 de
2511 2155 2633 2212 Deo
2664 2171 2785 2212 uno
2822 2155 2883 2211 et
2912 2151 3091 2222 trine,

482 2236 876 2323 179—238).
912 2275 996 2286 -
1027 2242 1209 2304 LL.V
1243 2237 1585 2323 (admodum
1618 2261 1755 2302 eru-
1811 2244 1883 2302 de
1921 2243 2153 2302 duabus
2201 2242 2434 2302 naturis
2482 2242 2706 2301 Christi
2748 2241 2815 2300 in
2859 2240 3094 2299 unitate

474 2326 615 2413 diti)
667 2338 869 2389 contra
918 2330 1283 2406 Eutychum,
1343 2332 1752 2391 Constantino·
1811 2349 2112 2408 personae,
2159 2331 2232 2390 de
2278 2332 2504 2409 gratiae
2549 2335 2612 2391 et
2655 2330 2829 2389 liberi
2861 2329 3095 2388 arbitrii

474 2420 615 2496 poli,
662 2420 767 2479 ubi
813 2437 860 2482 c.
895 2428 1019 2484 520
1068 2420 1339 2497 degebat,
1387 2420 1599 2496 scripti
1648 2416 1755 2503 (ib.
1811 2420 2139 2492 concordia,
2189 2439 2341 2495 quae
2377 2421 2632 2495 juxtaB
2650 2437 2956 2479 aeumer
3001 2422 3096 2477 sat

480 2504 830 2592 95—155),
883 2510 945 2567 in
978 2509 1199 2586 quibus
1232 2528 1458 2568 errores
1490 2509 1755 2568 Nestorii
1811 2510 2198 2586 probabiliter
2226 2511 2319 2568 est
2347 2509 2555 2568 Fausti
2585 2505 2834 2586 'rejensis
2865 2501 2962 2591 (cf.
2994 2526 3094 2567 su-

475 2599 656 2657 etiam
699 2600 1033 2675 impugnat,
1084 2599 1397 2675 epistolam
1448 2617 1492 2662 s.
1543 2599 1756 2659 Leonis
1809 2619 1916 2676 pra
1944 2620 2002 2676 p.
2037 2599 2311 2675 387).—
2337 2599 2527 2676 Opera
2557 2594 2746 2681 ejus2)
2780 2597 3097 2657 ediderunt

478 2689 552 2747 ad
583 2687 934 2747 Flavianum
978 2691 1040 2745 et
1083 2706 1243 2747 conc.
1275 2688 1756 2748 chalcedonensis
1810 2683 1970 2771 (cum
2017 2707 2109 2765 op.
2155 2689 2503 2748 Victoris
2546 2684 2678 2770 vit.)
2727 2687 2903 2746 Chif
2913 2686 3094 2758 flet,

476 2778 779 2836 decretum
811 2779 1038 2835 tuetur.
1103 2776 1260 2836 Haec
1289 2777 1407 2836 duo
1438 2795 1619 2852 opera
1664 2777 1754 2835 vi·
1814 2778 2060 2850 Divione
2098 2786 2287 2847 1664,
2336 2777 2425 2841 ed.
2466 2778 2795 2853 praeclara3
2840 2775 2937 2833 Mi
2951 2794 3094 2853 gne

476 2866 696 2926 dentur
728 2868 889 2924 certo
919 2866 1199 2942 genuina.
1233 2900 1319 2911 -——
1355 2867 1580 2925 Dubiae
1616 2884 1757 2925 auc·
1810 2866 1987 2938 LXII,
2029 2876 2351 2930 95—544.

475 2955 736 3015 toritatis
787 2956 962 3013 sunt:
1026 2955 1086 3013 L.
1137 2960 1344 3014 contra
1391 2955 1756 3014 Felicianum

475 3044 767 3103 Arianum
810 3045 880 3101 de
926 3045 1142 3102 unitate
1195 3045 1498 3103 Trinitatis
1528 3040 1755 3127 (Migne
1905 3052 2046 3108 271.
2083 3043 2154 3102 In
2184 3045 2429 3103 Italia
2464 3044 2667 3102 floruit
2712 3061 2780 3103 eo
2825 3046 3097 3119 tempore

475 3133 649 3204 LXII,
675 3128 1072 3214 333—351),
1106 3133 1252 3192 alias
1274 3134 1756 3210 &Augustino
1813 3152 1857 3191 s.
1904 3133 2157 3210 Magnus
2204 3133 2367 3191 Felix
2418 3132 2850 3204 Ennodius,
2901 3132 3096 3208 patria

476 3221 824 3298 suppositus
890 3216 1012 3302 (Mi
1029 3240 1170 3298 gne
1236 3222 1427 3293 XLII,
1500 3231 1757 3285 1157—-
1812 3222 2057 3297 quidem
2087 3222 2471 3293 Arelatensis,
2505 3241 2537 3280 e
2564 3221 2789 3281 familia
2819 3224 2988 3280 ortus
3019 3221 3095 3279 il-

480 3307 697 3390 1172),
746 3310 904 3368 sicut
941 3313 1002 3368 et
1036 3311 1275 3369 Collatio
1308 3330 1415 3370 seu
1448 3312 1756 3370 altercatio
1811 3310 1992 3369 lustri
2036 3330 2083 3369 c.
2129 3330 2182 3373 a.
2228 3320 2354 3374 473
2402 3311 2499 3369 vel
2546 3320 2692 3381 474,
2742 3310 2852 3387 qui
2902 3309 3097 3369 literis

475 3418 606 3459 cum
633 3399 1047 3457 Pascentio
1081 3397 1186 3479 (ib.
1207 3400 1465 3470 XXXIII,
1499 3410 1752 3464 1156-
1811 3399 2288 3470 humanioribus,
2330 3400 2675 3475 praesertim
2710 3399 2774 3457 in
2804 3401 2932 3459 arte
2961 3400 3097 3458 rhe-

484 3484 709 3568 1162);
755 3487 818 3544 11.
864 3505 1014 3562 quos
1045 3490 1251 3547 contra
1282 3489 1756 3548 Maribadum
1808 3488 1998 3547 torica
2043 3492 2105 3547 et
2148 3489 2395 3564 poetica,
2443 3489 2633 3548 Ticini
2682 3488 2920 3566 egregie
2975 3489 3096 3547 fuit

475 3579 537 3634 et
567 3575 1002 3634 Palladium
1048 3578 1350 3654 scripsisse
1396 3579 1523 3653 ipse
1569 3581 1754 3638 testa·
1811 3577 2102 3636 excultus.
2199 3579 2522 3653 Postquam
2583 3577 2956 3653 aliquamdiu
3031 3577 3097 3636 in

476 3668 596 3735 tur,
644 3664 892 3739 periisse
939 3665 1249 3724 videntur:
1301 3671 1547 3725 censent
1596 3667 1754 3726 enim
1809 3666 2191 3725 matrimonio
2240 3667 2423 3738 vixit,
2487 3667 2753 3742 exemplo
2811 3669 2907 3725 tot
2953 3665 3095 3724 illu-

475 3753 588 3812 viri
619 3753 838 3812 eruditi
858 3753 920 3811 ll.
941 3754 996 3812 11
1016 3762 1216 3813 contra
1236 3754 1566 3814 Palladium
1586 3756 1754 3814 Aria·
1811 3755 2029 3813 strium
2060 3756 2326 3814 virorum
2356 3774 2478 3814 una
2509 3774 2642 3815 cum
2674 3773 2859 3814 uxore
2891 3755 3091 3814 seculo

475 3862 621 3901 num
656 3838 759 3924 (ib.
797 3839 1173 3925 433—463)
1214 3864 1248 3902 a
1280 3844 1455 3901 Chif
1462 3845 1491 3901 f
1498 3845 1611 3903 let
1642 3844 1756 3903 sub
1811 3843 2095 3903 valedixit
2155 3844 2586 3920 ordinatusque
2654 3848 2750 3903 est
2808 3843 3094 3903 diaconus

477 3932 683 4009 vigilii
715 3932 954 3991 nomine
985 3933 1191 4001 editos,
1235 3950 1492 4008 quorum
1522 3933 1561 3992 l.
1593 3934 1757 4009 prior

475 4020 715 4080 exhibet
745 4021 894 4079 Acta
925 4038 1082 4079 conc.
1116 4021 1499 4096 aquilejensis
1530 4042 1578 4080 a.
1604 4032 1751 4088 381,

475 4111 625 4168 alter
658 4110 694 4173 l.
740 4112 809 4168 de
850 4111 966 4184 fide
1011 4110 1329 4168 orthodoxa
1361 4110 1756 4185 probabiliter
1890 4109 1925 4164 ¹)
1954 4104 2018 4156 In
2046 4122 2136 4173 ΟΡ·
2165 4104 2318 4172 ‘1¹10d
2348 4105 2417 4158 de
2434 4105 2543 4158 1¹00
2555 4106 2895 4174 argumenffl
2915 4108 3095 4174 parat.

477 4198 523 4256 e
540 4219 569 4256 ι·
583 4217 615 4256 0
631 4219 671 4275 g
686 4217 720 4257 0
736 4218 765 4256 r
780 4198 836 4256 ii
868 4198 1221 4267 eliberitani,
1254 4216 1482 4258 necnon
1504 4199 1755 4260 et11.111
1811 4167 1916 4301 ‘fg-¹
1942 4174 2939 4300 {itgfssrfficssevessg'fflssffiufflssff
2958 4177 3095 4303 1332}

475 4296 675 4345 mucra
721 4287 1105 4345 Van-madum
1137 4284 1556 4367 (Marivadum)
1602 4288 1752 4346 aria·
1810 4315 1929 4378 XV,
1970 4285 2150 4372 '1—10
2194 4317 2433 4387 conjicit
2476 4334 2569 4371 eos
2615 4333 2733 4371 esse
2778 4288 2925 4370 Rus·
2938 4333 2966 4370 e
2989 4317 3094 4371 bii

473 4394 619 4433 num
669 4374 982 4434 diaconum
1044 4375 1157 4434 sub
1217 4376 1457 4434 nomine
1505 4377 1755 4435 Idacii
1810 4388 2186 4442 vercellensis.

477 4462 628 4521 Clari
661 4463 950 4539 vulgatos,
1002 4464 1065 4522 in
1099 4463 1321 4540 quibus
1355 4465 1552 4523 omnia
1583 4465 1749 4523 Aria·
1881 4463 1924 4530 9)
1952 4458 2034 4512 Cf·
2080 4460 2122 4512 F
2140 4477 2170 4513 e
2185 4477 2210 4513 ⁸
2227 4477 2252 4513 Β
2269 4460 2291 4512 l
2307 4478 2337 4515 e
2353 4477 2381 4512 r
2397 4494 2413 4502 -
2431 4459 2462 4512 J
2482 4478 2520 4513 11
2537 4480 2574 4514 n
2590 4478 2629 4529 g
2645 4478 2698 4515 m
2715 4477 2750 4513 8·
2764 4481 2803 4517 n
2820 4479 2858 4514 n
2903 4469 2931 4526 5
2957 4465 3093 4520 245;

475 4569 684 4609 norum
706 4557 1055 4628 argumenta
1085 4556 1293 4611 contra
1309 4553 1447 4611 Filii
1480 4557 1540 4613 et
1566 4553 1751 4630 Spiri·
1809 4528 1903 4651 gf*
1918 4547 1946 4581 Υ
1962 4530 1998 4582 d
2015 4546 2044 4583 θ
2062 4549 2099 4583 ¹¹
2114 4533 2153 4585 h
2171 4548 2201 4584 Θ
2218 4548 2270 4611 Ὗ
2288 4548 2356 4585 ‘³²'
2417 4540 2445 4597 5
2512 4537 2613 4613 μβ
2625 4601 2637 4612 .
2676 4549 2732 4584 ¹¹·
2795 4541 2858 4590 4²
2923 4531 3091 4585 Geth·

1868 4618 1888 4653 1
1903 4619 1932 4655 c
1950 4601 1987 4653 k
2006 4617 2033 4653 e
2050 4619 2078 4654 r
2103 4602 2343 4656 Studien
2365 4620 2434 4655 zu
2456 4602 2531 4655 Vi
2575 4602 2712 4656 ilius
2728 4621 2839 4659 von
2857 4603 3094 4673 TapsuS,

415 4734 419 4738 .
476 4643 574 4697 tus
609 4658 654 4697 s.
689 4640 1062 4740 divin-itatem
1108 4660 1178 4699 ex
1211 4641 1533 4742 scripturis
1565 4644 1755 4718 petita
1806 4670 2042 4742 Leipzig
2091 4676 2255 4732 1897:
2308 4673 2528 4728 Nirsc
2598 4674 2618 4727 1
2664 4673 2760 4738 111,
2806 4685 2832 4741 ς
2871 4680 2977 4730 284
3021 4691 3093 4734 s.;

478 4728 794 4786 solvuntur
825 4726 931 4807 (lb.
968 4726 1362 4810 351—434),
1409 4749 1599 4807 ipsius
1632 4750 1752 4790 non
1807 4742 1938 4796 Kle
1959 4761 2168 4798 ssner
2195 4744 2306 4798 KL.
2336 4746 2457 4810 XII,
2487 4750 2752 4802 359—62.

1814 4015 1849 4022 —
