3505 5161
1759 1561 1879 1658 X.

765 1742 1322 1880 Scriptores
1376 1738 2026 1852 ecclesiastici
2077 1737 2392 1850 seculi
2443 1737 2871 1875 septimi.

1253 1937 1473 2034 Pars
1517 1937 1777 2056 prior
1821 1940 2407 2052 (601—636).

608 2342 750 2395 310.
782 2332 1038 2407 Imperio
1075 2350 1318 2391 romano
1363 2331 1428 2389 in
1474 2330 1798 2390 Occidente
1847 2331 2303 2390 ministrandam
2334 2330 2664 2406 susceperit
2694 2326 2928 2412 (antea.
2953 2325 3132 2412 471).

502 2423 631 2497 jam
661 2420 902 2497 penitus
948 2420 1258 2491 dissolute,
1305 2438 1647 2497 graecorum
1679 2420 1792 2478 im·
1848 2419 1960 2479 Sed
1992 2420 2187 2497 gratia
2215 2419 2419 2478 divina
2437 2419 2675 2479 afflatus
2706 2422 2877 2479 tanto
2908 2420 3137 2477 exarsit

511 2510 673 2588 perio
705 2510 1030 2587 plurimum
1063 2510 1364 2569 laborante
1403 2509 1479 2568 ob
1519 2510 1791 2587 gentium
1846 2509 2227 2586 perfectionis
2248 2508 2464 2579 studio,
2498 2512 2570 2567 ut
2595 2509 2850 2587 propriis
2871 2508 3130 2585 sumpti-

509 2600 890 2659 barbararum
934 2599 1324 2669 incursiones,
1358 2599 1434 2658 ob
1465 2599 1621 2658 bella
1655 2617 1791 2657 cum
1847 2598 1961 2658 bus
2007 2617 2109 2658 sex
2153 2598 2550 2659 aedificaverit
2592 2599 2657 2657 in
2689 2599 2892 2657 Sicilia
2921 2618 3128 2657 mona-

512 2688 707 2749 Persis
756 2688 1075 2748 infeliciter
1122 2707 1294 2764 saepe
1348 2691 1530 2765 gesta,
1593 2690 1789 2747 ortum
1847 2689 2044 2759 steria,
2077 2707 2266 2747 unum
2295 2687 2510 2747 Romae
2542 2687 2607 2747 in
2639 2687 2886 2747 aedibus
2918 2688 3048 2747 suis
3082 2706 3131 2750 s.

510 2778 798 2838 atrocium
830 2775 1449 2837 Mohammedanorum
1482 2780 1611 2852 etc,
1645 2777 1791 2836 satis
1847 2776 2118 2837 Andreae
2163 2776 2422 2836 dicatum
2464 2795 2651 2853 prope
2696 2776 3004 2836 basilicam
3049 2795 3130 2835 ss.

508 2868 705 2926 tristis
750 2867 867 2926 fuit
917 2867 1299 2926 scientiarum
1349 2866 1415 2925 in
1463 2885 1679 2944 genere
1729 2870 1791 2924 et
1846 2866 2095 2925 «Ioannis
2117 2869 2179 2926 et
2192 2865 2365 2925 Pauli
2383 2865 2457 2924 ad
2478 2865 2696 2925 clivum
2714 2864 2920 2924 Scauri
2942 2861 3135 2948 (nunc

508 2956 812 3032 speciatim
845 2956 1179 3033 theologiae
1223 2956 1330 3014 hac
1374 2955 1617 3029 periodo
1649 2972 1790 3014 con·
1846 2956 2066 3015 montis
2100 2949 2328 3036 Coelii),
2367 2955 2432 3013 in
2465 2974 2583 3030 quo
2616 2956 2741 3030 ipse
2773 2954 2957 3014 vitam
2987 2974 3129 3031 pro-

507 3045 672 3104 ditio.
752 3045 915 3103 Duos
977 3048 1217 3103 tantum
1278 3043 1634 3121 insigniores
1682 3044 1789 3103 hac
1845 3045 2039 3104 fessus
2070 3047 2162 3104 est
2208 3039 2395 3128 (inter
2424 3063 2473 3102 a.
2510 3038 2887 3125 573—577)
2921 3062 3129 3102 mona-

506 3134 748 3210 periodo
779 3133 1111 3209 reperimus
1157 3133 1498 3209 scriptores,
1543 3132 1788 3193 ultimos
1846 3133 2054 3193 sticam
2086 3135 2254 3192 tanto
2284 3132 2513 3192 fervore
2545 3135 2607 3191 et
2648 3133 2862 3208 rigore,
2911 3135 2982 3191 ut
3025 3132 3130 3192 de·

507 3222 699 3282 veluti
744 3223 939 3281 radios
985 3222 1127 3282 solis
1181 3223 1255 3281 ad
1301 3240 1570 3282 occasum
1618 3217 1788 3304 (sane
1843 3222 2198 3281 trimentum
2229 3221 2478 3280 inferret
2494 3221 2827 3281 valetudini
2850 3221 3130 3299 vitaeque

506 3306 945 3394 transeuntem)
981 3311 1281 3388 vergentis
1328 3314 1391 3370 et
1433 3311 1497 3370 in
1534 3311 1787 3370 confinio
1844 3311 2178 3388 periculum
2237 3310 2586 3371 incurreret.
2679 3310 2769 3370 Ob
2832 3311 3130 3370 virtutum

508 3402 790 3475 antiquae
832 3404 895 3459 et
939 3398 1168 3458 mediae
1199 3399 1443 3458 aetatis:
1489 3400 1649 3459 inter
1692 3418 1787 3458 ro-
1843 3399 2216 3476 splendorem
2249 3419 2283 3459 a
2310 3398 2629 3459 Benedicto
2648 3398 2713 3470 I.,
2746 3418 2891 3459 rom.
2924 3400 3129 3476 ponti-

507 3507 711 3548 manos
756 3488 1064 3564 pontifices
1077 3483 1128 3570 ¹)
1173 3489 1294 3548 scil.
1330 3488 1787 3566 Gregorium
1842 3489 1948 3548 fiee
1979 3485 2041 3568 (†
2077 3484 2253 3570 578),
2294 3489 2469 3564 juxta
2511 3488 2657 3548 alios
2693 3508 2729 3547 a
2758 3488 3000 3565 Pelagio
3033 3489 3130 3559 IL,

506 3578 582 3635 M.
628 3580 691 3637 et
734 3577 799 3636 in
844 3577 1132 3653 Hispania
1160 3578 1268 3636 Isi
1288 3578 1553 3637 dorum
1585 3577 1785 3653 hispa-
1842 3578 2068 3638 invitus
2101 3580 2164 3638 et
2197 3578 2498 3637 reluctans
2529 3577 2841 3637 ordinat-us
2874 3580 2967 3636 est
2999 3578 3129 3636 dia-

507 3668 751 3727 lensem.
798 3666 1135 3743 Gregorius,
1169 3686 1204 3725 a
1233 3670 1403 3744 grata
1435 3666 1787 3743 posteritate
1841 3685 2044 3738 conus,
2089 3669 2150 3725 et
2179 3666 2254 3725 ab
2285 3667 2395 3725 hoc
2426 3670 2669 3743 propter
2699 3668 2830 3742 ejus
2861 3668 3129 3742 pruden-

506 3755 582 3812 ob
614 3753 911 3830 praeclara
954 3755 1020 3813 in
1063 3755 1225 3813 omni
1269 3755 1474 3814 ordine
1511 3758 1682 3833 gesta
1725 3758 1788 3814 et
1840 3757 1987 3815 tiam
2036 3760 2098 3816 et
2144 3756 2210 3814 in
2264 3755 2629 3832 gravissimis
2679 3755 2861 3814 rebus
2910 3756 3127 3833 agendi

506 3843 717 3902 merita
747 3845 1103 3921 ,Magnus‘
1136 3845 1450 3914 salutatuS,
1501 3844 1787 3903 Gordiani
1841 3845 2257 3904 dexteritatem
2279 3844 2500 3904 missus
2533 3863 2580 3908 c.
2613 3865 2664 3908 a.
2689 3854 2811 3909 580
2836 3845 3127 3904 Constan-

510 3932 801 3992 senatoris
851 3935 914 3992 et
976 3952 1021 3993 s.
1073 3934 1307 4010 Sylviae
1355 3933 1518 3992 filius
1567 3933 1785 3991 Romae
1840 3934 2153 4011 tinopolim
2205 3932 2279 3990 ad
2327 3932 2630 3991 Tiberium
2693 3934 2838 4010 imp.
2888 3934 3127 4011 legatus

507 4020 984 4097 probabilissime
1037 4027 1215 4081 natus
1276 4023 1371 4081 est
1429 4040 1475 4082 c.
1536 4043 1585 4084 a.
1641 4030 1785 4086 540.
1840 4020 1913 4098 (a.
1952 4022 2134 4098 578):
2177 4040 2297 4098 qua
2327 4024 2643 4093 occasione,
2691 4026 2763 4082 ut
2783 4024 2912 4099 jam
2943 4041 3130 4099 supra

506 4111 863 4170 Adolescens
895 4111 959 4168 in
990 4111 1334 4170 liberalibus
1362 4110 1693 4187 disciplinis
1724 4115 1786 4169 et
1837 4112 2228 4181 narravimus,
2293 4110 2656 4187 Eutychium
2730 4111 3129 4187 patriarcham

505 4200 882 4276 postmodum
929 4199 992 4257 in
1030 4200 1191 4276 Juris
1224 4200 1439 4275 peritia
1467 4199 1612 4259 adeo
1645 4219 1783 4275 pro·
1811 4211 1816 4236 '
1840 4200 1995 4260 circa
2043 4218 2355 4276 corporum
2406 4202 2900 4260 resurrectionem
2948 4200 3126 4260 dubi-

502 4289 660 4359 fecit,
694 4292 766 4348 ut
796 4288 1088 4347 senatoris
1118 4288 1303 4348 fuerit
1336 4289 1628 4366 dignitate
1662 4289 1784 4347 cito
1842 4291 2067 4348 tantem
2130 4289 2204 4348 ab
2266 4307 2462 4348 errore
2524 4290 2839 4349 revocavit.
2918 4289 3125 4349 Redux

505 4381 752 4437 ornatus
785 4382 965 4454 atque
998 4381 1339 4453 praeturam
1370 4379 1658 4436 urbanam
1678 4376 1784 4436 ad·
1845 4377 2087 4436 Romam
2123 4374 2278 4461 (584
2313 4378 2410 4436 vel
2444 4373 2599 4461 585)
2647 4379 2874 4437 electus
2904 4382 3000 4438 est
3029 4379 3125 4438 sui

1841 4467 2188 4526 monasterii
2218 4465 2400 4525 abbas
2420 4485 2714 4543 saepeque
2733 4487 2768 4526 a
2793 4468 3032 4545 Pelagio
3048 4467 3125 4525 IL

1842 4555 2144 4615 adhibitus
2195 4556 2259 4615 in
2299 4555 2630 4618 consilium.
2680 4556 2827 4633 Ejus
2883 4556 3125 4615 nomine

510 4689 526 4741 l
584 4616 803 4697 ¹)1nf’e‘
844 4616 1141 4700 pontifices
1178 4618 1356 4701 bnju?
1399 4617 1623 4700 periodi
1663 4618 1787 4699 ‘¹¹²3'
1842 4643 2084 4721 scripsit
2126 4648 2248 4703 tres
2295 4645 2622 4720 praeclaras
2655 4645 2730 4703 ad
2759 4645 2968 4705 Istriae
3000 4645 3126 4721 epi-

531 4705 627 4739 um
655 4687 836 4740 allum
875 4704 1207 4758 reperimus,
1248 4707 1349 4758 qui
1382 4692 1613 4759 scriptis
1653 4706 1787 4743 emi·

511 4757 711 4810 cuerit.
745 4756 827 4810 De
854 4759 907 4811 Η
923 4776 954 4812 0
973 4778 1009 4812 n
1026 4776 1058 4812 o
1075 4760 1186 4813 rio
1218 4762 1255 4813 1.
1281 4759 1343 4813 in
1370 4761 1633 4829 sequenti
1658 4777 1787 4831 age·
1814 4807 1819 4852 Ι
1843 4751 2048 4809 500903
2069 4734 2350 4809 epifi-0¹⁸⁸
2380 4734 2446 4793 in
2478 4752 2655 4836 effus}
2684 4735 2868 4793 trium
2889 4735 3125 4835 (5.8Ρίῐῦ-

511 4844 638 4879 mus
663 4843 767 4883 sec.
798 4829 918 4894 VII,
946 4832 1124 4900 parte.
1813 4822 2056 4893 dorum,
2126 4826 2198 4881 ut
2257 4840 2354 4882 eos
2415 4823 2708 4882 Ecclesiae
2769 4823 3124 4883 conciliaret.
