3505 5161
351 214 463 267 361

1459 195 1868 252 'l'heodoretus

2843 219 2967 273 362

345 385 461 443 fert
493 386 717 443 haeret.
752 384 867 450 fab.
888 385 935 457 1,
961 393 1061 455 20,
1084 386 1253 445 libris
1286 385 1631 461 hujusmodi
1688 385 1989 444 notionem
2024 385 2295 461 mysterii
2342 386 2767 446 incarnationis
2814 387 2975 446 inter

348 492 528 550 supra
578 474 867 533 ducentos
917 475 980 533 in
1033 474 1253 533 honore
1305 474 1537 533 habitos
1568 475 1633 532 in
1689 474 1953 533 eruditos
1985 474 2466 537 controvertitur.
2532 478 2880 535 Bertram
2914 478 2975 535 in

346 564 616 623 ecclesiis
648 564 890 632 nostri8‚
925 583 1075 641 quos
1107 582 1311 623 omnes
1346 564 1410 622 in
1442 583 1631 622 unum

345 656 661 730 congestos
724 655 963 730 seposui
1012 657 1072 712 et
1110 673 1215 728 pro
1249 654 1340 712 his
1373 656 1633 729 quatuor

344 742 851 819 evangelistarum
881 743 1202 819 Evangelia
1232 742 1597 804 intro‹1uxi.‘

442 930 586 983 200.
639 919 786 978 Orta
847 920 1250 979 controversia
1294 920 1634 991 nestoriana

345 1010 455 1069 diu
488 1009 660 1067 stetit
690 1027 798 1084 pro
816 1010 1094 1068 Nestorio
1115 1028 1251 1069 cum
1270 1010 1499 1069 Joanne
1527 1028 1630 1067 an·

1690 582 1782 639 op.
1834 563 2189 623 Theodoreti
2239 564 2509 622 doctrina
2539 566 2971 643 christologica,

1689 652 2081 711 Hildeshemii
2111 662 2293 723 1883,
2326 656 2536 711 tuetur
2567 673 2701 713 eum
2735 655 2970 713 demum

1689 741 2011 800 orthodoxe
2045 742 2331 812 sensisse:
2379 742 2478 800 alii
2526 762 2644 802 non
2675 743 2974 802 immerito

1689 833 1932 889 censent
1963 850 2098 889 eum
2120 831 2457 904 fluctuasse,
2492 850 2688 906 neque
2707 851 2975 907 unquam

1690 921 1836 978 satis
1868 921 2024 978 clare
2045 922 2106 978 et
2125 923 2394 979 accurate
2418 921 2741 979 doctrinam
2773 922 2973 980 catho-

1689 1010 1863 1067 licam
1897 1008 2050 1069 circa
2096 1009 2203 1068 hoc
2246 1010 2607 1086 mysterium
2638 1010 2976 1073 enunciare.

346 1099 618 1157 tiocheno
652 1117 835 1174 seque
867 1099 1146 1174 opposuit
1178 1117 1221 1156 s,
1258 1099 1463 1175 Cyrilli
1493 1119 1632 1157 ana·
1687 1099 1801 1157 Pro
1833 1098 1963 1173 ejus
1993 1102 2193 1157 tamen
2210 1100 2547 1158 defensione
2579 1100 2718 1158 licet
2748 1102 2972 1171 notare,

347 1188 760 1257 thematismi8‚
794 1188 900 1263 qui
921 1187 1040 1264 ipsi
1069 1188 1429 1247 videbantur
1460 1207 1631 1247 reno·

1688 1206 1828 1246 eum
1859 1188 2012 1246 clare
2035 1189 2096 1245 in
2117 1189 2342 1263 synodo
2363 1189 2817 1247 chalcedonensi
2835 1208 2975 1267 ana.-

349 1296 484 1335 vare
553 1276 917 1353 Apollinaris
979 1278 1286 1349 haeresim,
1333 1282 1396 1336 et
1439 1277 1631 1353 ipsius
1687 1277 1888 1335 thema
1919 1276 2138 1334 dixisse
2169 1278 2231 1334 in
2264 1277 2607 1336 Nestorium
2633 1281 2693 1336 et
2724 1279 2786 1336 in
2819 1297 2972 1347 eum,

344 1366 586 1425 concilii
618 1365 885 1442 ephesini
932 1365 1218 1425 decretis:
1283 1366 1443 1442 quod
1488 1366 1632 1425 adeo

348 1456 572 1514 mirum
603 1473 724 1513 non
757 1455 1078 1526 videbitur,
1123 1455 1175 1513 si
1206 1456 1496 1515 rationem
1530 1456 1632 1514 ha·

348 1545 656 1603 buerimus
691 1545 820 1619 ejus
853 1545 1125 1621 magistri
1144 1545 1432 1603 Theodori
1464 1564 1631 1620 mop-

348 1634 634 1703 suesteni,
662 1634 1061 1709 praecursoris
1077 1634 1551 1706 Nestorianismi,
1574 1636 1636 1692 et

349 1722 655 1781 familiaris
689 1723 1170 1792 necessitudinis,
1222 1742 1340 1799 qua
1381 1725 1632 1799 J'unctus

346 1814 475 1870 erat
494 1812 615 1886 ipsi
638 1811 918 1870 Nestorio
938 1814 1000 1870 et
1019 1812 1056 1870 J
1061 1813 1239 1870 oanni
1261 1812 1632 1871 antiocheno.

349 1902 470 1959 Diu
501 1902 703 1960 tenuit
721 1901 863 1960 haec
893 1900 1213 1960 dissensio:
1250 1901 1490 1960 demum
1509 1920 1631 1959 me-

351 1990 501 2048 liora
532 1990 776 2049 edoctus
826 1990 1117 2067 gradatim
1164 2008 1300 2049 cum
1333 2009 1378 2053 s,
1413 1990 1633 2065 Cyrillo

349 2075 551 2159 (cujus
597 2082 800 2137 tamen
844 2079 1370 2138 anathematismos
1416 2080 1490 2138 ab
1522 2080 1630 2137 Ec·

349 2169 532 2227 clesia
562 2169 845 2243 probatos
877 2187 1186 2243 nunquam
1218 2169 1459 2227 videtur
1478 2171 1634 2228 recte

351 2258 717 2316 intellexisse
750 2260 812 2315 et
840 2253 1148 2337 probasse)
1182 2276 1381 2333 pacem
1415 2257 1556 2316 iniit
1575 2261 1636 2315 et

351 2347 843 2415 communionem,
877 2350 1058 2421 atque
1077 2347 1163 2405 ita
1180 2346 1523 2405 orthodoxis
1544 2350 1637 2405 est

350 2436 786 2495 reconciliatus
865 2435 1088 2495 Exinde
1165 2436 1451 2494 maximas
1517 2436 1633 2494 sibi

353 2525 641 2585 conscivit
672 2525 991 2584 molestia-³.
1055 2525 1206 2584 Nam
1247 2524 1494 2585 suborta
1540 2526 1634 2586 in-

349 2615 528 2673 terim
562 2615 789 2674 haeresi
823 2615 1311 2691 Eutychiana
1342 2614 1413 2673 de
1432 2616 1635 2674 unain

352 2703 587 2762 Christo
619 2707 851 2772 natura,
885 2705 1055 2779 cujus
1103 2722 1233 2762 acer
1263 2704 1636 2764 adversarius

352 2797 482 2851 erat
512 2793 938 2872 Theodoretus‚
960 2793 1281 2852 Dioscurus
1301 2795 1636 2868 patriarcha

352 2882 772 2940 alexandrinus
804 2885 1017 2957 potens
1047 2882 1214 2940 illius
1230 2882 1490 2942 haeresis
1505 2884 1633 2942 fau-

351 2974 448 3029 tor
478 2971 780 3029 machinas
813 2990 1016 3030 omnes
1062 2971 1125 3029 in
1171 2990 1309 3030 eum
1340 2973 1635 3031 convertit

354 3061 578 3135 sparsis
621 3079 729 3136 per
770 3060 1075 3120 Orientem
1120 3061 1452 3131 calumniis,
1500 3061 1633 3137 qui-

352 3150 468 3207 bus
519 3149 693 3207 illum
742 3152 815 3207 ut
862 3149 1224 3208 haereticum
1276 3152 1338 3207 et
1368 3149 1634 3209 Nestorii

350 3238 632 3296 asseclam
667 3238 1022 3313 diffamaret,
1057 3241 1119 3298 et
1149 3239 1212 3296 in
1244 3239 1634 3298 conciliabulo

351 3327 651 3403 ephesino,
686 3328 750 3385 in
782 3346 899 3403 quo
932 3328 1128 3386 omnia
1159 3347 1263 3403 per
1295 3328 1415 3387 vim
1448 3331 1508 3386 et
1538 3332 1633 3404 ty-

353 3416 645 3475 ranniden
661 3417 1005 3493 agebantur,
1022 3416 1329 3475 inauditus
1343 3420 1404 3476 et
1424 3418 1633 3477 absens

353 3506 700 3581 episcopatu
752 3506 871 3564 fuit
914 3506 1200 3580 spoliatus
1249 3509 1310 3563 et
1340 3508 1414 3564 ab
1446 3507 1631 3581 impe-

353 3597 549 3653 ratore
565 3594 627 3652 in
655 3594 929 3653 exsilium
946 3597 1178 3671 pulsus,
1211 3593 1432 3653 Verum
1448 3596 1633 3654 Theo-

352 3683 594 3743 doretus
628 3702 672 3742 s.
706 3683 960 3743 Leonem
991 3683 1316 3760 appellavit
1359 3685 1631 3760 pulcher-

355 3773 506 3831 rima
535 3772 609 3831 ad
642 3791 779 3830 eum
811 3773 947 3831 data
976 3773 1246 3848 epistola,
1299 3774 1404 3848 qui
1436 3774 1633 3848 ipsum

353 3862 532 3919 etiam
595 3880 738 3920 suae
798 3862 1069 3920 restituit
1117 3861 1257 3923 sedi.
1307 3862 1634 3920 Convocata

356 3950 625 4027 legitima
686 3950 912 4026 synodo
952 3950 1324 4009 oecumenica
1368 3951 1630 4009 calcedo-

355 4040 527 4098 nensi
559 4059 607 4097 a.
645 4049 762 4102 451
805 4041 866 4097 et
896 4040 1025 4115 ipse
1055 4040 1173 4098 fuit
1217 4039 1511 4098 admissus
1544 4044 1632 4097 at-

354 4148 469 4203 que
502 4128 743 4187 demum
789 4128 853 4186 in
887 4128 1151 4188 Nestorii
1195 4129 1633 4187 damnationem

352 4218 670 4276 consensit.
703 4217 795 4275 Ita
823 4235 932 4293 per
960 4217 1419 4276 tribulationum
1453 4218 1633 4275 cami·

1689 1366 1793 1441 qui
1828 1383 1947 1424 non
1979 1365 2125 1424 dicit
2156 1365 2398 1424 Mariam
2432 1385 2562 1425 esse
2581 1367 2686 1425 Dei
2720 1367 2974 1443 genitri-

1689 1473 1814 1513 cem
1846 1455 2071 1530 quique
2103 1455 2321 1513 Filium
2355 1456 2464 1514 Dei
2494 1455 2880 1531 unigenitum
2911 1456 2974 1514 in

1690 1544 1840 1602 duos
1874 1543 2161 1619 partitur:
2196 1547 2557 1619 quapropter
2589 1556 2678 1603 est
2711 1564 2974 1620 pronun·

1689 1633 1881 1691 ciatus
1913 1652 1947 1689 a
1978 1632 2225 1692 concilio
2275 1633 2526 1701 ‚doctor
2557 1633 2884 1693 catholicus
2917 1636 2977 1692 et

1690 1722 2072 1780 orthodoxus.
2088 1720 2134 1803 ¹)
2152 1731 2179 1760 ‘

1782 1909 1927 1963 201.
1970 1900 2233 1959 Plurima
2277 1900 2528 1974 reliquit
2577 1919 2755 1975 opera
2798 1901 2974 1976 plane

1689 1989 1944 2066 egregia.
2011 1989 2264 2048 Omissis
2310 1989 2402 2059 iis,
2454 2009 2604 2065 quae
2643 1989 2972 2048 schismatis

1688 2082 1956 2154 tempore
1986 2097 2096 2154 pro
2130 2079 2407 2138 Nestorio
2454 2081 2514 2137 et
2552 2081 2754 2138 contra
2787 2096 2832 2140 e.
2865 2079 2974 2155 Cy·

1691 2168 1897 2226 rillum
1929 2167 2184 2243 scripsit,
2234 2187 2370 2226 nam
2416 2168 2489 2226 de
2527 2168 2620 2226 his
2654 2167 2974 2226 concilium

1691 2257 2137 2315 oecumenicum
2189 2257 2254 2315 V.
2308 2257 2505 2315 collat.
2560 2257 2696 2315 VIII
2758 2256 2853 2335 (cf.
2915 2260 2977 2316 et

1690 2364 1814 2404 can.
1875 2340 1980 2427 13)
2036 2346 2282 2404 statuit:
2350 2346 2865 2415 ,Condemnamus
2915 2351 2976 2403 et

1691 2433 2275 2506 anathematizamus,
2311 2454 2462 2510 quae
2496 2435 2678 2511 impie
2710 2434 2974 2494 Theodo-

1692 2526 1859 2583 retus
1893 2524 2249 2600 conscripsit
2280 2527 2483 2583 contra
2527 2527 2749 2584 rectam
2797 2523 2976 2583 fidem

1691 2616 1750 2682 et
1803 2617 2007 2673 contra
2051 2613 2360 2672 duodecim
2395 2614 2656 2690 capitula
2689 2631 2733 2672 s·
2769 2614 2975 2690 Cyrilli

1690 2705 1752 2761 et
1783 2705 1987 2761 contra
2018 2702 2359 2778 ephesinam
2390 2704 2643 2780 primam
2679 2704 2972 2779 synodum

1690 2795 1752 2850 et
1801 2810 1952 2867 quae
2002 2792 2075 2849 ad
2127 2791 2526 2851 defensionem
2571 2792 2861 2850 Theodori
2914 2796 2975 2849 et

1689 2880 1954 2940 Nestorii
1975 2880 2196 2955 scripta
2215 2884 2359 2938 sunt
2369 2876 2421 2961 2)
2437 2888 2464 2917 ⁴
2484 2901 2496 2937 :
2518 2881 2778 2955 primum
2800 2880 2975 2938 laude

1690 2969 1874 3046 digna
1906 2971 2050 3028 sunt
2080 2971 2209 3044 ejus
2231 2986 2409 3043 opera
2440 2970 2972 3045 apologetica:

1690 3052 2070 3141 Ἑλληνικῶν
2090 3060 2498 3143 θεραπευτικὴ
2520 3059 2903 3142 παθημάτων
2934 3055 2975 3142 ἢ

1690 3142 2086 3233 εὖαγγελικῆς
2147 3143 2455 3229 ἀληθείας
2531 3143 2594 3216 ἐξ
2659 3143 2976 3232 ἑλλενικῆς

1691 3237 2060 3319 φιλοσοφίας
2095 3232 2417 3314 ,ἐπίγνωσις
2453 3236 2833 3308 Graecarum
2885 3237 2974 3316 af-

1689 3328 2000 3401 fectionum
2026 3327 2250 3383 curatio
2282 3325 2344 3382 ll.
2365 3324 2475 3382 XII
2496 3325 2785 3395 absoluta,
2820 3344 2972 3399 quae

1691 3415 2134 3491 elegantissima
2173 3417 2233 3472 et
2278 3413 2683 3494 eruditissima
2715 3417 2805 3472 est
2835 3433 2974 3490 apo·

1690 3505 1848 3580 logia
1909 3503 2219 3580 religionis
2280 3503 2632 3563 christianae
2693 3497 2814 3585 (Mi
2833 3523 2975 3580 gne

1771 3696 1806 3761 ¹)
1835 3691 1891 3743 M
1910 3690 2077 3745 ansi
2104 3692 2234 3744 coll.
2263 3707 2415 3745 conc.
2447 3691 2567 3754 VII,
2602 3697 2719 3748 189.
2760 3691 2835 3745 Er
2862 3709 2977 3744 war

1689 3762 1785 3815 ein
1808 3762 2122 3826 Gelehrter‚
2139 3762 2335 3830 inquit
2359 3762 2407 3816 K
2426 3763 2445 3815 i
2464 3764 2500 3815 h
2518 3781 2555 3814 n
2577 3763 2690 3818 KL.
2707 3764 2799 3816 XI.
2822 3770 2977 3826 1531,

1693 3833 1800 3887 wie
1829 3833 2107 3887 Eusebius
2125 3852 2236 3886 von
2256 3834 2510 3898 Cesarea,
2527 3835 2827 3888 eutbehrte
2842 3836 2978 3889 aber

1688 3905 1788 3958 der
1814 3904 2244 3974 dogmatischen
2273 3905 2429 3959 Tiefe
2456 3906 2575 3958 und
2598 3906 2696 3959 der
2717 3905 2979 3959 Einsicht

1691 3976 1754 4028 in
1819 3974 1911 4029 die
1963 3975 2281 4044 Tragweite
2345 3977 2445 4029 der
2489 3978 2975 4030 obschwebenden

1693 4046 2227 4114 Sehwierigkeiten.

1768 4125 1807 4190 ²)
1835 4119 1919 4174 Cf.
1946 4117 2107 4171 Man
2125 4117 2186 4170 si
2231 4118 2358 4171 coll.
2404 4135 2559 4172 conc.
2606 4118 2700 4182 IX,
2729 4121 2977 4174 375-76

1691 4192 1798 4244 col.
1828 4197 1948 4246 385.
2001 4191 2087 4242 Ita
2115 4192 2176 4242 et
2199 4187 2247 4240 V
2266 4188 2281 4239 i
2302 4188 2503 4258 giliu
2523 4207 2548 4241 s
2588 4190 2648 4241 in
2677 4206 2764 4257 ep.
2792 4188 2976 4242 decre-

1689 4262 1794 4314 tali
1822 4279 1924 4332 pro
1953 4258 2382 4314 confirmatione
2410 4259 2595 4314 concil
2622 4259 2641 4311 i
2667 4259 2744 4311 ib.
2763 4264 2975 4316 417—18.

354 4325 500 4364 num
563 4305 881 4383 PriStinam
929 4306 1290 4386 Pfirtinoeiass
1342 4307 1635 4365 macalam
1691 4334 1846 4386 Inter
1874 4334 2013 4387 haec
2040 4330 2251 4402 scripta
2280 4333 2499 4399 spectat
2537 4331 2711 4383 etiam
2736 4332 2858 4400 ejus
2887 4349 2975 4400 ep.

354 4395 643 4472 purgavit
673 4413 900 4470 suoque
951 4413 1195 4452 munere
1245 4395 1530 4470 pastorali
1562 4396 1633 4453 ad
1691 4407 1764 4457 ad
1788 4408 2067 4458 monachos
2086 4407 2489 4471 Euphratesiae,
2535 4418 2681 4469 quae
2727 4401 2975 4471 primum

353 4483 531 4542 finem
565 4502 754 4560 usque
803 4484 962 4543 vitae
1008 4503 1057 4544 a.
1094 4493 1218 4546 458
1269 4487 1512 4542 strenue
1544 4486 1638 4542 est
1691 4474 1916 4546 integra
1943 4475 2228 4545 reperitur
2293 4491 2336 4526 Υ·
2365 4477 2423 4527 ‘³¹⁵
2436 4473 2976 4527 lat-ed·30hul²0

354 4572 601 4631 functus
649 4572 1097 4648 scribendisque
1138 4572 1418 4649 operibus
1463 4572 1631 4630 utili·
1692 4546 1787 4610 IV‘
1821 4553 2187 4603 1291—1306.
2276 4545 2375 4614 jus
2414 4548 2774 4622 Pffl‘aw-‘ffi‘m
2817 4544 2977 4614 (qnia

1691 4618 1748 4673 ll.
1779 4628 1809 4672 5
1837 4620 2077 4688 constat)
2119 4620 2318 4671 contra
2362 4633 2517 4670 conc.
2558 4616 2894 4687 epher-unum
2920 4618 2979 4668 et

355 4661 468 4719 bus
502 4661 752 4724 VssfflVst‘·
784 4662 942 4720 Num
975 4661 1378 4720 TheOdoretus
1399 4662 1635 4720 demum
1692 4707 1735 4746 s.
1783 4688 2076 4757 Cydnum,
2128 4688 2176 4740 si
2221 4688 2541 4758 fragmenta
2584 4685 2851 4757 excipiam,
2894 4686 2975 4739 in-

353 4750 428 4808 ad
460 4753 793 4809 accuratam
845 4751 1248 4825 sinceramque
1300 4751 1637 4826 pervenerit
1693 4759 1871 4815 teriit.
