3505 5161
499 254 579 309 75
590 256 623 309 3
864 241 1160 292 801-850,
1189 235 1505 305 Theologia
1532 235 1800 306 practica..
1830 235 2173 290 Benedictus
2202 236 2414 299 anian..
2443 234 2755 298 Hildcmar,
3003 252 3126 305 754

496 424 828 484 Gothorum
858 426 1036 499 gente
1068 427 1235 481 ortus
1269 426 1364 481 est
1393 442 1440 486 c.
1474 443 1523 482 a.
1564 430 1685 487 750
1721 423 1785 480 in
1843 423 2226 483 cidentalium
2259 424 2320 481 et
2356 433 2386 484 7
2423 441 2532 497 pro
2565 421 2932 498 virginibus;
2985 423 3128 481 sub-

500 512 795 589 Sequania
855 506 1276 594 (Languedoc).
1366 513 1577 571 Adhuc
1635 531 1790 589 puer
1836 514 2135 588 ι118111111111
2183 511 2247 570 111
2306 511 2627 587 appendice
2675 511 3129 570 Exhortationes

500 604 719 661 missus
740 604 834 659 est
862 605 1081 677 apatre
1102 604 1316 660 comite
1338 601 1788 679 magnelonensi
1845 598 1985 686 (15)
2019 620 2095 662 ss.
2139 605 2379 678 patrum
2425 600 2497 658 ad
2545 600 2857 659 monachos
2904 602 2966 658 et
3010 601 3128 659 vir-

496 692 573 750 ad
596 690 794 767 Pipini
814 691 972 767 regis
1006 692 1219 761 aulam,
1255 691 1360 749 ubi
1392 710 1641 749 munere
1673 691 1786 749 mi·
1844 693 2016 769 gines
2062 691 2136 750 de
2182 690 2558 751 observantia
2603 689 2762 748 vitae
2799 689 3128 767 religiosae.

500 780 679 839 nistri
728 780 854 838 vini
905 785 999 839 est
1047 782 1309 843 functus.
1374 781 1601 838 Relicta
1650 781 1789 839 aula
1845 780 2231 841 Concinnavit
2261 783 2324 838 et
2367 778 2733 837 concordiam
2763 780 3127 857 reqularum,

500 890 552 934 a.
586 880 711 933 774
741 870 963 928 mundo
991 870 1274 928 valedixit
1304 871 1483 946 atque
1515 870 1786 928 habitum
1845 872 1909 929 in
1940 889 2059 947 qua
2080 873 2284 929 auctor
2300 869 2572 946 regulam
2598 886 2642 926 s.
2664 868 2973 927 Benedicti
2993 887 3129 927 con-

502 977 547 1018 s.
569 958 880 1018 Benedicti
909 958 1112 1017 induit
1142 959 1205 1016 in
1226 960 1586 1018 monasterio
1620 978 1665 1018 s.
1686 960 1787 1019 Se·
1846 961 1962 1019 fert
1993 977 2124 1018 cum
2155 959 2289 1017 aliis
2309 957 2602 1016 Ecclesiae
2621 976 2862 1033 graecae
2881 957 3129 1017 latinae-

498 1048 701 1124 quani.
762 1047 998 1106 Bellum
1046 1048 1247 1106 dirum
1292 1048 1513 1107 indixit
1557 1048 1789 1124 corpori
1845 1069 1962 1126 que
1993 1048 2221 1126 regulis
2253 1047 2598 1106 monasticis
2633 1042 2771 1127 (25)
2817 1065 2887 1104 ex
2931 1047 3130 1123 iisque

504 1155 644 1196 suo:
684 1138 809 1195 solo
842 1155 993 1211 pane
1025 1140 1341 1195 contentus
1374 1138 1513 1196 vino
1543 1156 1789 1214 prorsus
1846 1142 1907 1198 et
1938 1158 2008 1197 ex
2054 1142 2291 1213 patrum
2324 1136 2701 1213 quorundam
2735 1137 2973 1213 scriptis
3004 1155 3130 1195 eam

503 1226 1094 1284 abstinuittsomnus
1117 1227 1171 1284 ei
1191 1226 1603 1297 brevissimae,
1626 1228 1790 1286 nuda
1848 1228 2116 1287 illustrat
2145 1229 2323 1302 atque
2368 1225 2611 1302 supplet
2658 1228 2771 1293 ,ut
2814 1226 2985 1285 nulla
3027 1244 3130 1302 pa-

504 1316 683 1374 11111110
730 1332 902 1390 saepe
948 1334 1054 1391 pro
1102 1319 1291 1374 strato
1340 1334 1506 1375 usus.
1569 1317 1639 1375 In
1689 1316 1791 1374 ab·
1846 1322 2009 1375 trum
2070 1316 2309 1392 regula,
2387 1314 2593 1389 inquit
2655 1314 3127 1391 Sigebertus

500 1405 699 1463 batem
762 1404 986 1462 electus
1047 1405 1479 1464 monasterium
1538 1406 1792 1481 reliquit
1847 1406 2064 1483 gembl.
2104 1404 2176 1464 de
2223 1405 2424 1480 script.
2458 1404 2598 1463 eccl.
2631 1421 2678 1465 c.
2715 1413 2814 1475 62,
2863 1424 2898 1462 a
2943 1406 3130 1464 Bene-

506 1511 844 1569 novumque
865 1493 1132 1552 condidit
1163 1494 1227 1552 in
1260 1512 1369 1553 8110
1401 1494 1661 1571 praedio,
1694 1494 1790 1553 cui
1849 1495 1995 1554 dicti
2040 1495 2250 1571 regula
2294 1493 2607 1562 discordet,
2656 1494 2777 1552 imo
2822 1494 3132 1552 Benedicti

508 1583 779 1641 Anianus
811 1601 1025 1641 nomen
1059 1578 1223 1664 (hinc
1252 1601 1578 1660 cognomen
1611 1585 1790 1643 Ania·
1849 1584 2055 1662 regula
2103 1584 2330 1661 regulis
2388 1582 2655 1641 omnium
2706 1585 2945 1658 patrum
2995 1601 3132 1643 con-

505 1667 752 1754 nensis),
800 1672 864 1729 in
896 1691 1015 1747 quo
1046 1672 1389 1748 rigidiorem
1422 1674 1662 1732 vivendi
1693 1693 1789 1732 ra·
1850 1674 2126 1733 cordet‘:
2168 1676 2347 1748 atque
2378 1672 2463 1730 ita
2492 1672 2899 1731 commentarii
2931 1673 3134 1747 cujus-

502 1762 725 1820 tionem
758 1764 1199 1820 consectaretur
1220 1758 1422 1843 (780).
1474 1762 1792 1822 Paullatim
1849 1763 1986 1821 dam
2016 1762 2228 1838 optimi
2260 1763 2454 1820 instar
2481 1779 2609 1820 esse
2653 1763 2848 1836 potest
2861 1758 2928 1840 ¹).
2988 1761 3132 1821 Eam

504 1851 694 1909 crevit
735 1849 1165 1925 discipulorum
1214 1870 1445 1927 agmen,
1494 1852 1634 1910 hinc
1679 1851 1795 1910 alia
1850 1852 2104 1911 eruditis
2167 1851 2326 1910 notis
2389 1850 2752 1909 illustratam
2813 1849 3003 1909 edidit
3057 1850 3133 1909 H.

498 1939 745 1997 condita
764 1939 929 1997 fuere
961 1940 1056 1997 vel
1077 1940 1393 1999 reformata
1413 1941 1792 2011 monasteria,
1851 1940 2192 2009 Menard,
2228 1939 2469 1998 Parisiis
2511 1948 2666 2003 1631
2709 1939 2772 1998 in
2808 1949 2864 2001 4.
2927 1939 3132 1998 Alium

506 2030 570 2086 in
621 2028 840 2101 quibus
890 2028 1141 2104 rigidior
1197 2030 1327 2103 ejus
1379 2030 1617 2088 vivendi
1669 2030 1791 2088 dis·
1850 2029 2245 2089 nihilominus
2308 2048 2377 2087 ex
2449 2031 2790 2087 sanctorum
2853 2028 3133 2098 homiliis,

506 2116 724 2191 ciplina
754 2117 1000 2193 vigeret.
1051 2118 1103 2175 A
1135 2117 1337 2176 Carolo
1370 2119 1445 2177 M.
1478 2118 1542 2177 in
1576 2119 1792 2194 Hispa·
1851 2137 2002 2195 quae
2063 2118 2128 2177 in
2190 2118 2657 2177 exhortationem
2711 2118 3135 2177 monachorum

506 2206 671 2263 niam
702 2204 923 2264 missus
956 2209 1048 2263 est
1080 2225 1212 2264 cum
1245 2207 1396 2277 aliis,
1428 2211 1501 2266 ut
1530 2209 1793 2284 adoptia-
1853 2212 1997 2267 sunt
2046 2209 2326 2284 prolatae,
2376 2207 2689 2280 coniunxit
2737 2206 2969 2283 librum,
3022 2224 3131 2281 pro

506 2292 691 2352 nismi
724 2298 1045 2353 sectatores
1092 2296 1161 2353 ad
1209 2296 1515 2355 meliorem
1555 2315 1793 2356 revoca·
1852 2296 2045 2355 officio
2087 2296 2213 2356 8811.
2259 2314 2436 2354 88810.
2498 2295 2659 2354 Num
2707 2296 2758 2355 is
2803 2295 3138 2371 reperiatur

512 2386 606 2441 ret
636 2382 871 2460 frugem
893 2378 1103 2463 (799):
1138 2404 1172 2441 8
1202 2384 1500 2445 Ludovico
1534 2386 1639 2445 Pio
1670 2404 1795 2445 om·
1850 2386 1914 2444 in
1964 2386 2070 2444 illa
2118 2386 2492 2444 homiliarum
2542 2384 2904 2455 collectione,
2956 2404 3136 2461 quam

508 2473 681 2530 nium
698 2472 753 2530 ei
774 2474 1269 2532 monasteriorum
1299 2474 1534 2552 imperii
1565 2494 1706 2534 cura
1736 2477 1797 2534 et
1853 2494 1962 2533 suo
1993 2475 2180 2534 codici
2204 2474 2547 2552 regularum
2580 2493 2652 2533 ex
2682 2473 2848 2534 codd.
2870 2472 3134 2533 11188811-

509 2561 888 2637 praefectura
907 2562 1025 2622 fuit
1044 2563 1396 2635 concredita,
1431 2567 1491 2623 et
1522 2565 1595 2623 ab
1627 2568 1795 2623 utro·
1843 2565 2067 2640 junxit,
2097 2567 2191 2623 est
2209 2564 2481 2623 dubium.
2505 2597 2593 2609 —
2614 2562 2950 2639 Supersunt
2966 2582 3136 2639 prae·

500 2670 626 2725 *que
658 2651 1011 2727 imperatore
1034 2654 1280 2727 adjutus
1312 2653 1430 2712 fuit
1460 2655 1524 2713 in
1556 2671 1793 2731 promo·
1852 2659 2012 2712 terea
2051 2654 2283 2730 aliquot
2326 2654 2633 2729 opuscula,
2683 2653 2808 2713 scil.
2854 2653 3135 2712 Testimo-

509 2740 700 2799 venda
732 2741 1084 2817 disciplinae
1116 2743 1478 2802 monasticae
1510 2744 1793 2802 reforma·
1851 2743 2091 2803 niorum
2131 2743 2428 2802 nubecula
2472 2744 2542 2800 dc
2586 2744 2985 2801 incarnatione
3016 2742 3134 2800 Do-

509 2830 690 2888 tione.
755 2830 977 2889 Plenus
1029 2831 1261 2890 meritis
1311 2832 1552 2891 vivendi
1598 2833 1795 2909 rigore
1851 2835 2014 2909 mini,
2064 2835 2267 2891 sancta
2311 2835 2371 2890 et
2415 2831 2724 2890 individua
2753 2831 3044 2890 Trinitate
3074 2832 3137 2890 et

510 2918 935 2994 laboribusque
986 2923 1381 2996 consumptus
1427 2921 1796 2997 Aquisgrani
1851 2921 2109 2980 iterandi
2148 2920 2526 2997 baptismatis
2570 2920 2892 2980 devitanda
2935 2919 3133 2996 perni-

520 3008 801 3068 11.Febr.
826 3017 939 3073 821
985 3009 1058 3067 ad
1091 3013 1331 3067 aeterna
1361 3011 1600 3068 transiit
1625 3029 1795 3085 prae·
1851 3011 1970 3079 cie;
2047 3010 2379 3086 disputatio
2440 3010 2718 3068 adversus
2778 3010 3135 3068 Felicionem

510 3096 642 3154 mia.
706 3098 858 3156 Illuc
895 3098 1052 3156 enim
1085 3118 1119 3156 a
1150 3098 1449 3158 Ludovico
1482 3100 1590 3157 Pio
1622 3118 1791 3158 voca·
1851 3102 2200 3173 impietatem
2212 3119 2238 3173 ;
2300 3098 2596 3173 Confessio
2642 3100 2778 3173 fidei
2826 3098 3134 3158 Benedicti

504 3189 609 3243 tus
642 3185 835 3244 fuerat
865 3181 1071 3269 (815),
1118 3190 1189 3245 ut
1226 3187 1405 3245 Indae
1436 3188 1794 3247 monasterio
1851 3189 2089 3247 Levitae
2140 3188 2252 3246 etsi
2302 3188 2642 3262 peccatoris,
2702 3206 3134 3263 nonnunquam

508 3277 823 3348 praeesset.
906 3276 1158 3352 Collegit
1209 3277 1476 3352 undique
1532 3277 1794 3336 codicem
1851 3277 2096 3346 erronei,
2144 3281 2344 3335 tamen
2385 3276 2619 3335 foedere
2652 3277 2768 3335 isto
2798 3277 2937 3335 fidei
2968 3277 3132 3335 inex-

509 3365 846 3439 reqularum
877 3366 1341 3424 monasticarum
1391 3369 1454 3424 et
1484 3366 1792 3425 canonica·
1852 3367 2063 3425 hausto
2096 3366 2353 3424 fidentis.
2401 3366 2561 3435 Quae
2606 3384 2741 3424 cum
2775 3366 3133 3440 quibusdam

509 3471 661 3521 rum,
711 3472 857 3527 quas
905 3472 981 3515 88.
1022 3457 1221 3529 patres
1253 3455 1573 3525 monachis,
1623 3473 1795 3514 cano·
1852 3456 1985 3514 aliis
2009 3451 2230 3536 (literis
2251 3457 2313 3513 et
2331 3449 2578 3536 chartis)
2598 3456 2776 3513 habes
2796 3456 2861 3513 in
2883 3456 3132 3531 Migne

510 3541 663 3598 nicis
726 3545 789 3598 et
849 3540 1184 3618 virginibus
1237 3544 1791 3602 sanctimonialibus
1852 3545 1913 3605 P.
1946 3544 2008 3602 L.
2042 3544 2187 3616 CIII,
2226 3552 2637 3607 393—1456.
2702 3545 2785 3603 De
2816 3545 2952 3602 aliis
2984 3563 3131 3620 opu·

510 3629 825 3687 servandas
844 3632 1371 3706 praescripserunt,
1409 3652 1584 3707 quern
1606 3633 1795 3692 edidit
1852 3634 2055 3703 8811118,
2089 3652 2242 3709 quae
2263 3634 2392 3708 ejus
2412 3633 2566 3692 forte
2586 3636 2745 3704 sunt,
2779 3634 2854 3693 cs.
2871 3633 3133 3692 Histoire

509 3718 574 3775 in
594 3717 716 3776 cod.
738 3718 1079 3795 regularum
1100 3721 1287 3778 Lucas
1323 3720 1747 3780 Holsteniu
1768 3740 1794 3780 s
1852 3723 1940 3784 lit.
1975 3723 2045 3781 de
2077 3723 2137 3781 18
2169 3722 2389 3780 Franco
2420 3722 2460 3779 1.
2493 3739 2539 3781 8.

512 3807 726 3865 Romae
779 3818 976 3878 16613
1024 3810 1264 3868 Parisiis
1322 3821 1518 3878 1663;
1568 3813 1657 3873 ed.
1702 3830 1793 3869 re·

509 3914 655 3953 cusa
696 3907 858 3958 1759
896 3899 1204 3974 Augustae
1239 3899 1304 3960 V.
1351 3919 1384 3957 a
1430 3901 1570 3959 Mar.
1605 3901 1794 3958 Bro·
1945 3909 2091 3964 418.
2123 3899 2521 3959 Hildemar
2550 3899 2693 3964 O.S.
2717 3900 3132 3962 Β811.8.Β8118·

511 3985 632 4042 kie
683 3985 1203 4045 observationibus
1264 3989 1795 4047 critico-historicis
1853 3990 1999 4048 dicti
2043 3989 2381 4048 anianensis
2426 3989 2691 4065 aequalis
2737 3990 2862 4048 zelo
2906 3993 3133 4049 restau-

508 4074 827 4138 illustrata,
877 4075 1249 4134 Exhibentur
1280 4077 1341 4134 in
1376 4096 1444 4134 eo
1476 4078 1672 4135 variae
1705 4096 1796 4135 re·
1852 4079 2069 4137 randae
2101 4078 2447 4154 disciplinae
2478 4077 2794 4155 religiosae
2825 4079 3036 4148 clarus,
3069 4079 3134 4136 in

509 4164 716 4239 gulae:
759 4175 825 4226 11
870 4168 1107 4239 patrum
1142 4166 1541 4234 orientalium,
1586 4178 1658 4229 15
1699 4185 1794 4225 oc-
1854 4167 2104 4226 dioecesi
2136 4167 2564 4226 mediolanensi
2597 4186 2726 4225 eam
2756 4166 3014 4226 feliciter
3040 4186 3131 4226 re·

1855 4256 2102 4331 paravit.
2184 4256 2453 4331 Reliquit
2500 4257 2723 4315 bonum
2774 4259 3133 4317 commenta-

511 4367 750 4431 Aniane,
768 4367 917 4422 Koln
942 4376 1090 4429 1865,
1119 4368 1198 4422 De
1218 4371 1444 4424 Ardone
1466 4371 1798 4440 Smarang,
1854 4346 2075 4404 tm'ium
2107 4347 2168 4402 ’.η
2192 4347 2450 4421 “qulam
2469 4365 2514 4406 8.
2533 4345 2829 4404 Benedidi
2846 4346 3133 4405 hactenus

512 4438 613 4505 qui
676 4438 736 4492 in
797 4441 1144 4494 monasterio
1195 4441 1495 4496 ananiensi
1543 4442 1803 4512 praefuit
1858 4434 2166 4504 ineditum,
2201 4454 2377 4510 quem
2400 4436 2742 4494 Martene
2776 4435 2894 4493 fere
2912 4435 3136 4511 recepit

511 4509 1021 4578 scholiseasquead
1039 4513 1588 4582 magnumprovexit
1604 4514 1798 4568 florem
1855 4525 1918 4582 in
1952 4541 2128 4582 suum
2165 4521 2246 4602 (fl.
2272 4523 2441 4599 833).
2473 4556 2562 4567 -·
2594 4523 2648 4586 S.
2683 4523 3134 4582 Adalhssrdus

510 4581 1798 4716 ΞᾏΞῗὲξὲἷξέξᾶῗοέἔἛζξῗῖῗῗᾷῗέἳῗξὲῑιω
1857 4610 2281 4692 (Adelhardus)
2315 4632 2384 4670 ex
2419 4613 2598 4670 fratre
2616 4613 2816 4688 Pipini
2837 4614 2998 4690 regis
3029 4632 3134 4672 ne-

564 4725 627 4797 ·1)
657 4721 738 4773 Cf.
768 4723 1066 4777 Editorum
1135 4726 1508 4786 ructationes:
1556 4724 1800 4780 Fabri-
1855 4720 1977 4777 pos,
2013 4701 2213 4760 031010
2235 4703 2309 4763 Μ·
2329 4707 2614 4778 (508Πῦωὲ
2644 4705 2707 4760 0¹²
2724 4719 2862 4760 cum
2891 4721 2961 4761 ⁶⁰
2992 4702 3134 4761 edu‘

514 4805 676 4841 cius
705 4792 840 4845 bibl.
866 4794 964 4846 lat.
992 4812 1079 4847 me
1125 4838 1137 4850 .
1164 4799 1273 4848 aet.
1302 4796 1343 4862 1,
1377 4802 1667 4853 185-189.
1858 4792 2040 4861 881118,
2067 4791 2311 4865 juvenis
2339 4800 2417 4853 20
2453 4811 2500 4851 8.
2525 4791 2647 4849 Deo
2680 4790 2744 4849 in
2776 4791 3136 4850 monasterio
