3505 5161
343 262 468 315 339
815 244 1064 307 Proclus,
1092 244 1437 309 Theodotus,
1465 243 1750 310 Memnon,
1777 245 2113 309 Dalmatiae,
2142 245 2364 300 Firmus
2390 248 2495 300 etc.
2834 264 2958 319 390

339 448 540 489 coram
590 430 868 489 Nestorio
917 430 1121 489 habita
1170 430 1495 490 doctrinam
1555 431 1627 489 de
1684 449 1845 491 conc.
1867 432 2148 508 ephesino
2180 434 2240 491 et
2258 433 2320 492 in
2341 432 2580 510 quibuS‚
2618 433 2778 492 sicut
2808 436 2869 491 et
2899 433 2963 495 in

339 519 630 595 mysterio
662 519 1095 578 incarnationis
1142 520 1433 579 sinceram
1469 522 1628 579 recte
1685 539 1796 581 sua
1827 522 2193 598 expositione
2221 540 2449 581 errores
2483 522 2747 581 Nestorii
2790 522 2969 595 refel-⁴

337 608 621 684 exposuit
633 603 701 689 ¹),
753 608 849 667 cni
896 607 1207 668 Nestorius
1253 610 1457 668 statim
1505 628 1628 668 ser·
1683 605 1838 691 lit1).
1904 610 2218 670 Tribuitur
2276 611 2391 687 ipsi
2450 630 2687 687 quoque
2736 611 2966 689 prolixa

345 716 518 756 mone
539 697 926 774 extemporali
942 698 1267 773 respondit,
1302 702 1482 775 atque
1503 697 1628 757 sin·
1683 701 1873 759 oratio
1923 699 1984 757 in
2034 700 2311 759 honorem
2366 718 2409 764 s,
2462 700 2719 779 Georgii,
2785 719 2964 778 quam

337 788 517 863 ,gulas
569 786 733 845 illius
783 787 1070 845 orationis
1121 790 1319 863 partes
1372 787 1628 864 singulis
1684 788 1944 865 primum
1990 788 2182 847 edidit
2224 789 2288 849 Ε.
2330 790 2396 847 A.
2430 788 2520 851 W.
2555 786 2817 865 Budge
2847 789 2965 847 The

343 876 718 935 sermonibus
766 875 1144 935 vehementer
1174 881 1265 936 est
1297 894 1628 954 aggressus
1685 878 2050 955 martyrdom
2082 878 2198 938 and
2230 878 2500 937 miracles
2535 877 2601 937 of
2619 879 2701 941 St.
2724 879 2963 956 George,

346 965 561 1023 Postea
582 958 765 1048 (434)
799 964 988 1024 factus
1020 970 1114 1024 est
1144 965 1456 1042 episcopus
1489 984 1627 1024 con·
1686 967 1889 1043 Coptic
1933 967 2048 1025 and
2092 967 2362 1045 English,
2408 967 2659 1027 Londini
2711 975 2877 1031 1889
2910 986 2967 1044 p.

343 1053 924 1131 stantinopolitanns
987 1054 1178 1132 deque
1224 1055 1630 1133 componenda
1690 1064 2027 1125 83—172;
2079 1064 2447 1121 274—331.
2512 1055 2807 1115 Exhibent
2836 1057 2967 1130 ejus

343 1160 486 1218 pace
532 1143 693 1201 inter
735 1143 1035 1220 episcopos
1082 1144 1157 1202 ob
1203 1144 1630 1202 controversias
1686 1164 1863 1221 opera
1924 1144 2293 1204 Gallandi
2354 1144 2635 1204 Biblioth.
2695 1144 2806 1205 ΡΡ.
2869 1143 2967 1216 ΙΧ,

347 1231 714 1290 nestorianae
746 1232 987 1291 turbata
1014 1232 1330 1292 admodum
1362 1232 1483 1291 fuit
1513 1233 1628 1292 sol·
1688 1243 2071 1306 423—4783
2134 1235 2388 1311 Migne
2448 1235 2513 1293 P.
2572 1234 2637 1293 G.
2686 1233 2966 1303 LXXVII,

348 1320 551 1380 licitus
585 1315 652 1400 (†
693 1322 928 1384 12..Ju1.
955 1317 1125 1403 446).
1172 1321 1319 1399 Ejus
1351 1322 1632 1381 memoria
1700 1332 2152 1387 1313—1432.
2202 1355 2291 1367 —-
2343 1322 2572 1391 Quibus
2611 1316 2971 1406 addant-ur2)

341 1410 549 1487 agitur
571 1418 671 1472 24.
694 1409 819 1469 Oct.
867 1409 1210 1487 Supersunt
1228 1410 1458 1486 aliquot
1476 1411 1525 1486 ej
1537 1428 1631 1469 ns·
1689 1413 1748 1469 M
1764 1431 1795 1471 e
1814 1432 1868 1470 m
1886 1431 1927 1473 n
1947 1430 1980 1471 o
1997 1431 2040 1470 n
2100 1415 2364 1489 tempore
2415 1412 2649 1472 concilii
2704 1411 2970 1489 ephesini

350 1500 481 1557 dem
503 1500 794 1557 orationes
813 1500 1083 1576 egregiae
1101 1494 1239 1580 (25)
1271 1504 1332 1558 et
1364 1500 1633 1574 epistolae
1688 1502 1870 1577 hujus
1892 1501 2058 1561 urbis
2080 1502 2388 1579 episcopus
2411 1496 2470 1581 (4
2486 1495 2835 1581 31—444),
2864 1500 2970 1574 qni

349 1587 414 1645 in
443 1588 503 1645 M
521 1588 541 1645 i
559 1608 599 1665 g
615 1606 654 1645 n
670 1607 700 1646 e
720 1588 785 1650 P.
808 1588 872 1647 G.
893 1587 1060 1660 LXV,
1087 1598 1454 1659 679-890,
1474 1589 1633 1647 inter
1688 1590 1949 1651 fideliter
1968 1610 2010 1649 S.
2033 1591 2322 1667 Cyrillum
2347 1590 2511 1665 juvit
2540 1590 2603 1649 in
2624 1607 2800 1648 causa
2830 1588 2970 1647 fidei

348 1695 500 1751 quas
547 1680 639 1735 est
684 1677 937 1754 insignis
983 1680 1182 1735 tomus
1214 1678 1297 1736 ad
1324 1679 1629 1755 Armenes,
1688 1680 1911 1741 tuenda
1954 1679 2098 1738 adeo
2144 1683 2216 1738 nt
2258 1698 2293 1738 a
2329 1678 2592 1739 Nestorii
2636 1678 2969 1737 fautoribus

343 1766 412 1824 in
459 1784 579 1842 qno
610 1765 898 1825 Theodori
946 1766 1352 1844 mopsuesteni
1397 1766 1632 1844 egregie
1689 1769 1874 1828 fuerit
1905 1768 2212 1844 depositus
2245 1788 2381 1826 cum
2429 1786 2474 1829 S.
2507 1768 2743 1844 cyrillo,
2791 1786 2971 1846 quam

349 1853 572 1913 refellit
587 1859 800 1913 errata.
820 1854 970 1914 Eum
984 1856 1399 1915 transmiserat
1415 1854 1631 1914 Joanni
1688 1862 1891 1917 tamen
1922 1857 2273 1916 sententiam
2307 1857 2569 1934 synodus
2615 1876 2747 1916 mox
2793 1856 2970 1915 resci-

349 1943 700 2003 antiocheno
738 1944 1133 2020 probandum,
1170 1945 1272 2022 qui
1322 1962 1457 2004 cum
1503 1945 1632 2021 epi·
1689 1946 1812 2017 dit3
1846 1949 2036 2005 exstat
2066 1948 2195 2023 ejus
2228 1967 2317 2024 ep.
2351 1948 2421 2004 ad
2445 1946 2668 2005 clerum
2701 1948 2977 2023 constan-⁶

348 2032 541 2108 scopis
589 2032 769 2091 simul
814 2034 1186 2112 congregatis
1231 2033 1455 2109 absque
1504 2034 1634 2092 ulla
1689 2035 2151 2113 tinopolitanum
2186 2031 2466 2118 (Migne
2498 2035 2560 2092 P.
2595 2035 2658 2095 G.
2691 2032 2969 2103 LXXVII,

353 2120 744 2181 haesitatione
779 2123 970 2181 eidem
1012 2122 1385 2198 subscripsit.
1449 2123 1633 2201 Frag·
1702 2120 2199 2207 1⁴63—6e).—-
2222 2124 2660 2184 Dalmatius
2691 2142 2734 2185 s.
2762 2121 2972 2201 Cyrilli

351 2215 622 2269 mentum
654 2210 1005 2287 liturgicum
1050 2212 1118 2270 de
1148 2213 1460 2271 traditione
1487 2212 1632 2271 divi·
1691 2213 1933 2285 amicus,
1984 2213 2461 2283 archimandrita,
2525 2215 2733 2288 postea
2783 2211 2973 2288 Cyzici

351 2318 459 2374 nae
504 2301 716 2358 missae
761 2298 866 2382 (ib.
903 2308 1028 2365 849
1055 2297 1280 2383 -852)
1325 2320 1440 2361 non
1477 2303 1637 2361 caret
1690 2302 2015 2380 episcopus,
2063 2304 2234 2380 cujus
2265 2304 2585 2379 supersunt
2616 2321 2701 2378 ep.
2732 2302 2882 2359 duae
2913 2304 2974 2358 et

349 2389 559 2465 preti0‚
594 2389 698 2447 sed
732 2389 950 2449 dubiae
971 2389 1210 2448 omnino
1242 2393 1335 2449 est
1365 2390 1632 2467 originis.
1689 2393 1958 2468 apoloyia
1973 2391 2233 2471 &Migne
2256 2390 2528 2461 LXXXV,
2551 2385 2974 2472 1797-1802).

350 2477 435 2536 De
480 2496 615 2554 opp.
665 2477 931 2552 ejusdem
977 2478 1246 2539 versione
1292 2478 1521 2556 syriaca
1565 2478 1633 2537 cf.
1692 2514 1778 2524 —
1846 2481 2145 2540 Firmus
2209 2480 2519 2541 Caesareae
2580 2477 2975 2557 Cappadociae

351 2565 597 2626 Duval
658 2567 743 2627 La
793 2567 904 2629 Lit.
955 2587 1069 2646 syr.
1120 2588 1178 2645 p.
1232 2575 1376 2633 316.
1460 2569 1637 2628 Deest
1692 2570 2007 2649 episcopus
2056 2567 2116 2651 (†
2150 2563 2324 2654 438),
2372 2571 2542 2643 cujus
2589 2569 2843 2648 epistolis
2891 2569 2972 2626 45

353 2656 637 2715 hactenus
683 2656 772 2719 ed.
821 2657 1026 2716 critica
1073 2676 1319 2734 operum
1350 2658 1636 2733 ejusdem,
1691 2659 1975 2718 brevibus
2007 2660 2263 2719 fruimur
2296 2655 2479 2737 (apud
2513 2657 2975 2726 Gallandi1X3

352 2763 546 2823 neque
596 2746 951 2817 orationum,
1005 2765 1156 2822 quae
1205 2748 1336 2822 ejus
1385 2765 1522 2822 prae
1574 2765 1635 2807 se
1689 2749 1788 2806 Mi
1804 2767 1947 2826 gne
1979 2744 2977 2824 P.G.LXXV11,1481-1514).—-

353 2832 554 2892 ferunt
583 2835 975 2906 nomen‚satis
995 2837 1154 2894 certa
1169 2844 1261 2894 est
1276 2835 1633 2914 genuinitas.
1691 2838 1790 2896 Ac
1809 2836 2026 2896 acius
2058 2836 2452 2895 melitinensis
2485 2835 2794 2912 episcopus
2838 2852 2973 2912 pro-

931 2937 934 2940 ’
1691 2928 1829 3001 pter
1871 2929 2117 3002 partem,
2166 2945 2341 3003 quam
2387 2924 2602 2983 habuit
2646 2924 2709 2983 in
2754 2921 2979 2981 tuenda

446 3019 593 3071 217.
640 3010 1089 3071 Theodotus
1121 3015 1394 3088 Ancyrae
1425 3013 1489 3071 in
1524 3013 1635 3072 Ga·
1691 3033 1868 3073 causa
1904 3013 2209 3085 catholica,
2258 3034 2292 3071 a
2333 3012 2597 3072 Nestorii
2642 3010 2977 3070 fautoribus

356 3099 500 3158 latia
530 3100 846 3176 episcopus
879 3097 942 3182 (†
961 3107 1099 3160 ante
1129 3122 1178 3164 a.
1205 3111 1282 3164 44
1295 3098 1359 3182 6)
1392 3105 1635 3160 strenue
1694 3102 2023 3162 sacerdotio
2086 3106 2149 3161 et
2207 3101 2621 3161 communione
2687 3100 2976 3177 privatus,

353 3205 487 3246 cum
537 3206 583 3250 s.
630 3187 849 3264 Cyrillo
882 3189 1206 3250 doctrinam
1252 3190 1636 3251 orthodoxam
1695 3192 1800 3266 qui
1846 3191 2154 3253 homiliam
2200 3190 2412 3249 habuit
2446 3190 2666 3266 Ephesi
2699 3185 2978 3271 (Migne

356 3279 558 3335 contra
575 3276 923 3338 Nestorium
950 3297 1128 3338 snum
1159 3278 1457 3358 quondam
1489 3278 1636 3336 ami·
1694 3281 1773 3338 ib.
1833 3275 2204 3361 1467—72)
2267 3282 2329 3339 et
2375 3277 2978 3355 Amphilochius

351 3383 489 3423 cum
521 3364 805 3429 defendit.
856 3369 1194 3444 Supersunt
1224 3386 1293 3426 ex
1326 3369 1456 3446 ejus
1491 3367 1637 3426 scri-
1694 3369 1955 3428 sidensis
1975 3388 2081 3428 seu
2106 3368 2348 3430 sidenus
2369 3367 2472 3447 (ib.
2497 3378 2785 3431 1515—1
2807 3361 2977 3447 516),

356 3454 477 3529 ptis
498 3454 804 3530 Expositio
825 3455 1076 3535 Symbola·
1095 3458 1324 3516 nicaeni
1334 3479 1360 3532 ,·
1388 3456 1639 3535 insuper
1696 3458 1793 3517 cui
1838 3461 2039 3516 tamen
2080 3458 2416 3518 constantia
2445 3457 2640 3516 defuit
2685 3456 2748 3515 in
2793 3455 2978 3516 latro-

353 3543 622 3601 homiliae
664 3562 782 3622 sex,
838 3564 1093 3621 quarum
1141 3549 1264 3604 tres
1314 3545 1526 3604 habuit
1575 3545 1639 3604 in
1695 3547 1853 3606 cinio
1899 3547 2181 3623 ephesino
2228 3565 2362 3605 cum
2406 3546 2696 3608 Dioscuro
2747 3544 2979 3624 conspi-

1695 3655 1869 3707 rans;
1921 3637 2210 3710 maculam
2257 3639 2458 3694 tamen
2490 3635 2711 3694 eluisse
2741 3633 2983 3693 videtur

438 3735 470 3802 ⁸)
499 3731 653 3786 Haec
704 3735 790 3786 est
832 3732 1016 3788 oratio
1058 3733 1316 3787 omnium
1368 3732 1641 3787 laudibus
1698 3725 2083 3784 subscribens
2146 3725 2412 3802 ejusdem
2476 3722 2841 3783 damnationi
2918 3722 2981 3781 in

355 3801 658 3868 celebrata,
687 3803 858 3872 quam
880 3804 1165 3858 edidimus
1192 3822 1322 3859 cum
1347 3804 1464 3880 alia
1491 3803 1645 3857 1⁸⁶0?
1698 3813 1948 3872 concilio
1982 3812 2431 3872 chalcedonensi
2462 3814 2741 3890 prolatae.
2762 3847 2849 3854 -—-
2880 3811 2979 3871 In-

358 3874 636 3945 opuscula
676 3876 883 3929 selecta
922 3892 992 3928 ss.
1033 3875 1141 3928 ΡΡ.
1182 3879 1221 3930 t.
1249 3877 1370 3939 XII,
1417 3882 1640 3933 12-39,

358 3943 431 3999 Cf
467 3945 761 4001 Ehrhar
776 3946 813 4000 d
859 3946 956 4000 ΚΒ
1003 3947 1048 4001 Χ
1097 3955 1197 4004 451
1245 3981 1313 3990 —
1341 3949 1406 4001 In
1435 3948 1642 4000 Aucta·
1697 3905 1792 3961 ter
1823 3903 2109 3961 Joannem
2144 3903 2559 3961 antiochenum
2607 3905 2667 3960 et
2715 3919 2760 3963 s,
2793 3900 2979 3977 Cyril-

356 4015 441 4071 rio
467 4017 515 4069 D
538 4035 570 4069 u
589 4034 618 4070 c
634 4034 668 4070 a
683 4016 744 4070 ei
771 4021 811 4070 t.
840 4017 908 4082 Il,
937 4017 1170 4072 Parisiis
1192 4026 1342 4082 1624,
1358 4016 1642 4089 reperitur
1697 4026 2014 4035 ——·

357 4087 598 4143 homilia
624 4091 687 4142 de
709 4108 751 4142 s.
777 4091 1020 4158 Deae‘para
1061 4089 1477 4161 Chrysippi
1504 4088 1640 4159 Cap·
1794 4094 1827 4160 Ι)
1855 4089 2039 4143 Zeck
2089 4087 2201 4141 KL.
2258 4097 2381 4151 11.⁰,
2438 4090 2604 4147 1547;
2668 4086 2979 4139 Barden·

356 4159 590 4228 padocis
631 4159 692 4216 in
718 4159 1064 4217 monasterio
1094 4162 1311 4215 Laurae
1347 4158 1642 4216 oeconomi
1697 4163 1737 4215 h
1757 4177 1787 4215 e
1804 4177 1901 4214 we
1919 4179 1948 4214 r
1973 4162 2043 4218 77
2068 4178 2123 4213 n.
2156 4163 2236 4214 12.

355 4246 409 4282 a.
435 4239 558 4296 455,
604 4230 923 4301 presbyteri
968 4234 1027 4285 et
1111 4231 1345 4286 raefecti
1372 4231 1642 4286 ecclesiae
1773 4236 1814 4303 ἲ)
1841 4232 1970 4286 Huc
1990 4232 2137 4285 forte
2163 4228 2364 4284 referri
2404 4229 2581 4309 etiam
2604 4229 2845 4308 possunt
2870 4225 2981 4278 Ba·

358 4301 787 4358 resurrectionis
813 4305 872 4356 et
897 4306 1057 4358 custo
1102 4304 1149 4359 is
1177 4321 1219 4356 s.
1245 4302 1429 4359 crucis
1448 4302 1642 4356 Hiero·
1699 4303 1835 4359 sili
1851 4323 1890 4357 u
1908 4321 1933 4358 s
1982 4302 2260 4359 diaconus
2309 4303 2367 4355 et
2426 4297 2877 4354 archimandrita
2927 4301 2985 4352 et

361 4373 594 4441 solymis
619 4375 668 4444 (ψ
695 4377 944 4457 478s79):
989 4378 1046 4428 et
1071 4374 1324 4446 ejusdem
1349 4379 1643 4430 encomium
1698 4374 1744 4427 Τ
1763 4377 1800 4429 h
1816 4376 1935 4430 ala
1953 4374 2110 4429 ssiu
2128 4393 2153 4428 s
2190 4374 2385 4433 lector,
2427 4370 2529 4441 qui
2572 4369 2983 4449 monachorum

358 4463 398 4498 s.
425 4446 658 4500 Joannis
674 4449 738 4501 B.
767 4443 829 4498 in
852 4446 987 4507 bibl,
1006 4446 1431 4502 concionatoria
1459 4444 1499 4501 C
1517 4462 1549 4500 o
1568 4463 1643 4498 m·
1699 4445 1805 4499 CP.
1856 4446 2188 4516 degentium
2240 4442 2470 4498 nomine
2522 4441 2593 4494 ob
2656 4442 2984 4522 vexationes

363 4515 398 4567 b
412 4531 442 4568 e
460 4515 487 4567 f
497 4516 517 4568 i
538 4533 564 4570 s
579 4515 600 4568 i
617 4515 654 4578 i,
696 4515 930 4572 Parisiis
961 4524 1097 4575 1662
1124 4520 1163 4572 t.
1189 4518 1314 4573 Vll.
1363 4517 1428 4570 In
1456 4519 1642 4570 vetere
1700 4516 1814 4570 sibi
1834 4534 1867 4570 a
1884 4517 2149 4573 Nestorio
2174 4515 2367 4571 illatas
2383 4531 2430 4569 c.
2447 4530 2497 4566 a.
2516 4516 2619 4568 430
2636 4515 2985 4582 scnpserunt

361 4585 483 4638 cod.
510 4586 563 4638 ei
590 4586 1010 4651 tribuebantur,
1049 4592 1191 4643 teste
1220 4589 1263 4642 P
1280 4588 1316 4641 h
1335 4605 1367 4642 o
1386 4587 1493 4642 tio
1521 4587 1643 4643 cod.
1697 4589 1773 4641 ad
1799 4588 2183 4642 Theodosium
2225 4587 2365 4657 imp.
2408 4589 2583 4652 atque
2623 4581 2851 4637 concilii
2896 4598 2983 4635 oe-

367 4660 457 4712 171
503 4657 621 4730 (Mi
636 4678 676 4729 g
694 4676 731 4710 n
748 4675 778 4712 e
819 4659 959 4723 CIII,
1000 4668 1106 4717 499
1134 4665 1223 4730 ss.)
1269 4663 1496 4715 historia
1539 4663 1642 4713 Ga·
1700 4659 1984 4715 cumenici
1995 4659 2432 4715 celebrationem
2445 4674 2513 4710 ex
2556 4658 2773 4711 oscunt.
2796 4653 2984 4709 Habes

363 4732 586 4784 malo'elis
611 4728 874 4800 magistri
901 4750 941 4787 s.
963 4730 1130 4785 Pauli
1157 4735 1214 4784 et
1233 4731 1288 4786 N
1291 4729 1550 4795 icodemi,
1589 4733 1648 4784 et
1701 4747 1796 4785 eas
1821 4731 2015 4786 literas
2042 4732 2102 4785 in
2143 4730 2291 4803 Mig
2310 4746 2391 4784 ne
2420 4728 2482 4786 P.
2561 4770 2574 4785 .
2606 4725 2745 4790 XCI,
2778 4727 2984 4783 1471-

361 4801 601 4855 Iaudute‘o
634 4803 893 4857 Theodori
918 4806 989 4857 M.
1707 4809 1860 4860 1480.

2559 4890 2651 4943 13·
