3505 5161
2981 277 3066 334 IX

450 456 821 517 recensendo
865 457 1108 519 Scholae
1134 456 1186 516 'a
1231 454 1273 518 s.
1308 458 1589 517 Anselmo
1625 452 1687 538 (†
1728 452 1920 539 1109)
1968 457 2042 516 ad
2086 456 2401 516 concilium
2447 474 2637 532 usque
2667 454 3065 514 tridentinum

442 564 771 642 theologos.
833 566 918 624 De
950 583 1069 640 quo
1098 568 1301 624 tamen
1332 563 1575 624 consilio
1607 565 1783 623 liceat
1812 565 2094 624 lectorem
2122 582 2380 634 monere,
2414 566 2486 623 ut
2514 563 2764 639 aequius
2797 562 3068 621 efformet

436 670 756 748 judicium,
777 672 1126 733 intentionis
1147 676 1384 733 nostrae
1403 691 1524 732 non
1556 672 1760 744 fuisse,
1793 690 1997 732 omnes
2030 676 2331 749 quotquot
2360 671 2553 731 medio
2586 690 2730 731 aevo
2762 671 3068 732 doctrinae

445 779 599 838 fama
627 780 1018 840 inclaruerint
1044 799 1348 840 recensere
1379 780 1717 857 theologos:
1754 781 1863 840 hoc
1889 781 2048 839 enim
2079 780 2298 839 infiniti
2331 779 2550 838 fuisset
2579 778 2798 838 laboris
2830 779 3064 838 minus-

447 903 564 960 que
593 889 666 946 nt
696 886 867 946 nobis
897 885 1138 947 videtur
1166 885 1371 946 utilis:
1418 886 1523 946 sed
1552 905 1652 946 eos
1683 906 1823 963 prae
1856 888 2081 965 primis,
2134 905 2390 963 quorum
2422 886 2656 945 labores
2689 885 2763 944 ad
2794 887 3065 961 posteros

444 993 608 1069 typis
638 993 888 1052 fuerunt
917 993 1265 1053 transmissi.
1329 992 1498 1061 Quod
1544 994 1597 1053 si
1641 995 2017 1071 quorundam
2062 993 2314 1053 aliorum
2362 992 2825 1066 meminerimus,
2857 1011 3063 1051 eorum

443 1101 646 1158 tamen
676 1096 917 1160 nomina
946 1101 1011 1160 in
1039 1100 1277 1161 tabellis
1309 1119 1430 1159 non
1461 1081 1911 1178 comparebunt,
1959 1121 2152 1178 neque
2200 1119 2403 1160 eorum
2449 1117 2627 1176 opera
2658 1099 3069 1175 manuscripta

446 1205 511 1263 in
540 1225 740 1265 rerum
770 1221 879 1266 seu
910 1209 1285 1267 materiarum
1319 1207 1532 1271 indice.
1593 1210 1920 1267 Auctorum
1967 1226 2124 1279 vero,
2173 1226 2429 1285 quorum
2475 1206 2836 1265 mentionem
2885 1205 3060 1265 facie-

447 1332 596 1384 mus,
628 1333 703 1374 ne
734 1315 1033 1393 integrum
1064 1320 1368 1393 exspectes
1401 1332 1647 1394 operum
1681 1316 2067 1395 (ineditorum
2101 1310 2473 1397 praesertim)
2492 1314 2848 1392 catalogum,
2870 1333 3068 1390 neque

446 1438 681 1480 omnem
711 1421 784 1481 de
814 1422 960 1499 ipsis
990 1423 1392 1483 literaturam:
1442 1425 1591 1484 hanc
1642 1424 1802 1483 enim
1851 1424 2022 1483 facile
2070 1423 2329 1499 reperies
2381 1423 2616 1498 copiose
2666 1421 2971 1480 collectam
3001 1420 3062 1479 in

446 1528 589 1587 Che
608 1529 860 1588 valier
903 1530 1242 1605 Repertoire
1270 1533 1370 1591 des
1401 1533 1646 1592 Sources
1675 1533 2019 1610 historiques
2047 1532 2129 1590 du
2162 1530 2367 1608 Moyen
2398 1532 2539 1608 Aqe,
2574 1528 2765 1589 Pariis
2807 1538 3058 1593 1877—

455 1645 618 1700 1886
671 1638 732 1695 et
779 1637 841 1695 in
890 1639 1157 1714 ejusdem
1187 1640 1574 1717 Suppldment,
1627 1640 1707 1698 ib.
1748 1647 1933 1703 1888.
1994 1639 2204 1697 Fateor
2247 1657 2483 1714 quoque
2527 1656 2621 1695 me
2668 1636 2880 1712 majori
2910 1636 3066 1695 forte

447 1742 762 1821 diligentia
793 1744 865 1804 de
897 1746 1041 1806 viris
1074 1747 1265 1807 doctis
1296 1748 1488 1825 egisse
1520 1748 1795 1807 ordinum
1826 1745 2191 1822 regularium
2227 1765 2406 1821 quam
2427 1745 2570 1805 cleri
2592 1743 2888 1815 secularia,
2922 1761 3062 1803 sane

445 1868 566 1909 non
595 1850 859 1927 partium
893 1852 1110 1925 studio,
1147 1853 1250 1913 sed
1282 1854 1441 1930 quod
1473 1854 1544 1913 de
1576 1853 1924 1913 illis-fontes
1957 1852 2209 1911 literarii
2241 1851 2487 1912 uberius
2534 1852 2724 1909 fluant
2766 1868 2942 1924 quam
2990 1850 3065 1909 de

445 1955 558 2026 his,
591 1957 696 2031 qui
728 1957 973 2016 seorsim
1005 1961 1067 2017 et
1095 1978 1217 2019 non
1247 1960 1439 2019 veluti
1473 1961 1537 2019 in
1568 1960 1794 2019 familia
1824 1959 2095 2019 viventes
2128 1959 2365 2018 facilius
2400 1958 2524 2017 dati
2557 1958 2723 2017 fuere
2756 1956 3059 2017 oblivioni.

444 2062 589 2121 Cum
622 2065 683 2121 et
712 2063 862 2122 hanc
891 2064 1362 2127 Nomenclatoris
1393 2071 1641 2144 partem,
1674 2069 1797 2126 Deo
1827 2068 2107 2144 propitio,
2141 2070 2449 2143 utcunque
2481 2066 2910 2125 absolverimus
2956 2065 3064 2124 ad·

442 2170 597 2242 jecto
628 2169 930 2245 prioribus
961 2172 1160 2232 tribus
1204 2174 1385 2233 tomis
1417 2177 1631 2251 quarto
1676 2175 1848 2251 isque
1895 2175 2053 2234 haud
2098 2175 2304 2251 paucis
2348 2193 2470 2234 non
2513 2192 2721 2249 parum
2774 2173 3060 2242 arriserit,

444 2277 637 2335 multa
658 2277 786 2352 jam
817 2297 922 2337 nos
953 2259 1264 2357 urgebant,
1314 2284 1387 2341 ut
1415 2282 1702 2342 ultimum
1735 2283 2151 2342 adhiberemus
2185 2284 2481 2351 conatum,
2534 2299 2653 2356 quo
2686 2280 2925 2340 demum
2957 2280 3060 2339 ab·

442 2385 807 2446 solveremus
821 2405 992 2462 opuS,
1026 2388 1336 2449 elenchum
1369 2388 1493 2451 scil.
1526 2390 1791 2448 omnium
1811 2390 2225 2467 theologorum
2244 2388 2667 2447 catholicorum
2687 2388 2873 2446 totius
2893 2407 3063 2446 aerae

445 2490 819 2555 christianae.
871 2493 1062 2563 Quare
1093 2512 1307 2553 novam
1330 2495 1457 2584 jam
1490 2495 1874 2573 aggredimur
1904 2495 2242 2564 editionem,
2277 2496 2450 2570 cujus
2484 2497 2527 2552 t.
2559 2493 2606 2556 I.
2639 2494 3065 2570 complectatur

442 2597 753 2675 theologos
785 2619 819 2658 a
849 2603 1117 2677 tempore
1149 2601 1556 2679 apostolorum
1587 2621 1782 2678 usque
1812 2603 1885 2662 ad
1919 2622 1966 2662 s.
1999 2602 2369 2673 Anselmum,
2404 2620 2538 2659 cum
2571 2600 2633 2658 hi
2666 2601 2858 2660 adhuc
2890 2600 3059 2659 dees-

444 2707 597 2766 sent.
657 2703 876 2764 Verum
926 2706 1083 2792 hunc
1129 2707 1387 2766 laborem
1432 2697 1759 2768 reddebant
1788 2709 2209 2769 difficillimum
2254 2712 2316 2767 et
2345 2726 2441 2766 ars
2474 2707 2692 2777 critica,
2726 2724 2877 2781 quae
2909 2707 3088 2765 circa>

442 2812 794 2873 celebriores
826 2787 1096 2873 auctores
1128 2815 1407 2890 antiquos
1441 2815 1560 2874 fere
1592 2835 1795 2875 omnes
1830 2817 2144 2875 innumera
2175 2819 2374 2875 movet
2404 2815 2589 2874 dubia
2622 2809 2891 2895 (consule
2925 2832 3058 2889 spe·

443 2919 678 2978 ciminis
711 2921 905 2998 gratia
948 2921 1149 2980 Ehrh
1166 2921 1294 2980 ard
1339 2922 1448 2981 Die
1492 2923 1803 2982 altchristl.
1835 2922 2138 2981 Literatur
2182 2922 2308 2980 und
2353 2921 2479 2979 ihre
2510 2919 2916 2994 Erforschung
2950 2919 3064 2977 seit

450 3035 635 3097 1880,
683 3028 972 3106 Freiburg
1021 3029 1082 3087 in
1114 3030 1213 3087 Br.
1256 3038 1453 3101 1894;
1494 3048 1612 3089 von
1654 3039 2107 3101 1884-1900,
2153 3028 2233 3088 ib.
2285 3024 2499 3109 1900),
2547 3029 2609 3085 et
2657 3027 2869 3102 ingens
2923 3025 3062 3083 inde

443 3134 639 3211 pelagi
680 3136 871 3194 instar
916 3136 1251 3195 inexhausti
1283 3139 1457 3195 enata
1486 3138 1558 3196 de
1588 3154 1950 3212 unoquoque
1995 3135 2282 3211 scriptore
2327 3134 2656 3203 literatura,
2704 3135 2765 3191 et
2796 3131 3059 3207 rigidum

444 3245 647 3302 nostra
678 3245 870 3303 aetate
904 3244 1166 3302 virorum
1198 3244 1572 3303 eruditorum
1603 3243 1676 3302 de
1707 3243 1879 3302 libris
1911 3241 2392 3319 bibliographicis
2416 3240 2732 3316 judicium.
2778 3238 2935 3296 Hinc
2966 3256 3058 3297 co·

444 3352 623 3409 natus
653 3350 1008 3428 magnitudo
1057 3353 1118 3410 et
1166 3351 1487 3411 difficultas
1537 3352 1854 3429 exigebant
1902 3351 2182 3411 editionis
2234 3350 2580 3409 dilationem
2633 3347 2695 3406 in
2741 3364 2944 3415 annos,
2991 3350 3062 3403 ut

443 3455 836 3517 bibliothecae
868 3459 1204 3518 accuratius
1236 3459 1477 3518 interim
1511 3461 1946 3529 excuterentur,
1991 3458 2182 3517 fontes
2213 3458 2406 3516 adhuc
2435 3456 2640 3532 plures
2674 3454 3061 3514 consuleren-

443 3568 565 3635 tur,
600 3568 911 3625 auctorum
955 3569 1243 3638 veterum,
1291 3566 1396 3641 qui
1442 3566 1514 3625 de
1560 3567 1657 3625 die
1701 3567 1763 3626 in
1807 3567 1961 3626 diem
2010 3586 2040 3625 e
2087 3564 2349 3624 tenebris
2400 3566 2716 3633 eruuntur,
2765 3560 3062 3620 editiones

443 3674 955 3748 exspectarentur:
986 3691 1196 3731 verum
1229 3674 1504 3731 senectus
1536 3676 1875 3748 exspectare
1893 3672 2121 3747 nequit,
2154 3690 2263 3730 nec
2292 3690 2580 3730 annorum
2613 3667 2898 3728 decennia
2930 3668 3060 3742 pol-

443 3779 608 3838 liceri
640 3778 755 3837 sibi
787 3780 1001 3855 potest.
1065 3778 1288 3838 Solatio
1320 3780 1499 3837 etiam
1546 3780 1715 3838 nobis
1762 3779 1896 3850 fuit,
1930 3780 2190 3838 laborem
2241 3778 2567 3853 plurimum
2603 3776 2814 3844 minui,
2849 3775 3060 3834 saltem

442 3903 635 3961 usque
667 3885 742 3944 ad
773 3887 1041 3945 seculum
1073 3886 1410 3962 septimum,
1456 3886 1719 3945 virorum
1766 3886 2137 3962 quorundam
2170 3885 2651 3944 doctissimorum
2704 3883 2923 3942 studiis
2957 3883 3062 3941 ad-

442 3991 685 4050 modum
717 3992 1026 4062 accuratiS,
1062 3992 1302 4067 quibua,
1334 3997 1407 4050 ut
1436 3993 1594 4069 grati
1627 3993 1900 4064 fatemur,
1935 3991 2254 4067 diligenter
2284 4010 2491 4050 sumus
2523 3991 2637 4058 usi,
2688 3990 2846 4066 quod
2878 3990 3066 4047 lector

443 4118 516 4157 ex
548 4098 845 4175 frequenti
891 4116 1095 4157 eorum
1143 4099 1498 4175 allegatione
1542 4099 1712 4157 facile
1760 4101 2057 4176 agnoscet.
2123 4097 2314 4167 Quare
2345 4098 2419 4156 ab
2451 4116 2659 4156 eorum
2709 4094 3058 4154 nominibus

442 4204 821 4264 recensendis
853 4205 947 4263 hic
978 4205 1451 4280 supersedemus

625 4314 906 4388 Superest
935 4312 1100 4371 utin
1133 4312 1311 4388 hujus
1356 4313 1739 4386 praefationis
1786 4313 1900 4372 fine
1945 4313 2234 4372 nonnulla
2282 4311 2651 4379 adnotemuS,
2701 4307 2922 4383 quibus
2968 4327 3062 4366 re-

443 4420 837 4495 spondeamus
868 4419 1248 4493 quorundum
1296 4419 1556 4478 virorum
1603 4420 1911 4480 doctorum
1959 4420 2228 4479 censuris
2274 4421 2477 4476 contra
2509 4418 2705 4492 ipsum
2739 4434 2889 4490 opus
2923 4433 3059 4491 pro·

442 4525 605 4583 latis.
664 4525 996 4601 Displicent
1027 4525 1334 4583 nonnullis
1376 4535 1426 4586 1.
1460 4525 1653 4583 cordis
1686 4528 1879 4584 nostri
1910 4525 2241 4603 angustiae,
2295 4541 2446 4598 quae
2479 4524 2791 4579 auctorum
2825 4520 3059 4578 acatho-

442 4633 697 4692 licorum
730 4650 835 4691 seu
867 4632 1294 4691 haereticorum
1339 4632 1465 4690 fieri
1511 4632 1872 4691 mentionem
1919 4651 2037 4690 non
2079 4630 2400 4707 patiantur.
2465 4629 2573 4689 Sed
2609 4628 2714 4703 qui
2747 4627 3061 4704 profitetur

444 4740 961 4799 Nomenclatorem
980 4758 1041 4797 se
1060 4739 1340 4797 daturum
1362 4739 1692 4816 theologiae
1726 4758 1757 4798 c
1772 4760 1805 4798 a
1823 4743 1851 4797 t
1867 4739 1903 4796 h
1921 4739 1986 4797 ol
2002 4738 2023 4794 i
2040 4756 2070 4797 c
2085 4758 2118 4795 a
2132 4757 2181 4810 e,
2213 4740 2284 4795 ut
2314 4737 2441 4812 ipse
2473 4755 2611 4811 prae
2647 4755 2707 4794 se
2727 4735 2843 4793 fert
2865 4734 3061 4809 operis

442 4845 681 4916 titulus,
713 4844 1005 4921 quomodo
1037 4845 1409 4903 enumerabit
1453 4849 1514 4904 et
1558 4844 1828 4903 laudabit
1873 4843 2135 4920 ejusdem
2185 4842 2594 4900 adversarios?
2657 4841 2801 4909 Quis
2837 4840 2900 4897 in
2931 4840 3061 4899 bfo-
