3505 5161
379 270 412 321 7
423 269 456 322 4
470 271 495 322 1
1194 253 1227 307 J
1232 272 1281 308 o.
1306 255 1606 324 Skylitzes‚
1635 257 1886 328 Sergius,
1913 256 2189 313 Einhard.
2875 277 2908 332 7
2919 278 2953 331 4
2966 278 2999 331 2

368 439 745 514 prodierunt.
761 441 924 500 Duae
941 460 1081 501 vero
1101 461 1192 518 ep.
1213 443 1288 501 ad
1308 445 1665 504 monachum
1724 457 1804 511 80
1817 455 2074 511 7·-868
2097 467 2110 516 ;
2144 444 2410 503 Venetiis
2453 457 2472 507 1
2493 454 2524 508 7
2539 454 2614 509 29
2636 467 2648 515 ;
2701 449 2764 504 et
2794 465 2914 505 cur.
2947 447 2988 506 J

372 529 672 603 quendam
705 529 751 587 Τ
768 530 806 587 h
822 549 854 588 e
869 549 903 589 o
920 531 955 588 d
973 549 1007 587 o
1024 550 1051 590 s
1068 532 1144 590 iu
1159 551 1220 589 m
1266 535 1328 591 et
1359 533 1664 592 inclusum
1720 538 1768 595 B
1785 555 1817 595 e
1834 536 1874 594 k
1890 535 1931 594 k
1946 555 1978 595 e
1994 555 2026 593 r
2055 554 2192 593 cum
2224 533 2501 605 Cedren0‚
2543 535 2782 593 Bonnae
2823 546 2939 599 183
2952 546 3007 599 9·

370 618 659 690 Corinthi,
691 638 947 694 quarum
961 640 1082 679 una
1096 622 1366 680 continet
1398 642 1662 698 quarun-
1718 626 1794 695 11,
1834 634 1914 688 64
1930 635 2091 688 1-7
2102 632 2183 686 44
2204 645 2217 695 ;
2264 625 2320 681 M
2338 623 2357 681 i
2374 644 2415 700 g
2430 643 2469 681 n
2485 643 2516 682 e
2561 625 2624 682 P.
2672 624 2736 682 G.
2784 624 3004 693 CXXII,

362 707 507 765 dam
559 708 978 783 quaestionum
1031 711 1412 783 solutionem,
1476 713 1665 771 altera
1723 724 1849 778 367
1856 723 2094 777 -478,
2121 745 2207 761 —w-
2226 713 2562 771 Plurimum
2593 712 2800 771 laudat
2829 715 3015 774 Pho-

362 796 501 871 agit
546 798 617 856 de
666 797 892 874 ligandi
944 799 1333 874 solvendique
1366 804 1664 877 potestate
1720 805 1887 863 tius
1920 803 2043 867 cod.
2081 812 2159 866 67
2198 802 2553 878 Sergium
2598 805 2671 860 ut
2711 804 3017 879 exemplar

368 883 497 965 (Mi
511 904 656 963 gne
688 887 745 957 C,
790 883 1274 972 1061-1068),
1324 893 1472 949 sunt
1514 892 1662 950 alte-
1720 891 2206 969 historiographi,
2260 890 2367 966 qui
2411 890 2792 967 descripserit
2822 892 3015 952 histo-

372 974 1013 1052 rius'3Nicephori,
1079 979 1185 1053 qui
1245 978 1363 1037 fuit
1415 980 1660 1039 Charto-

371 1062 610 1140 phylax.
673 1065 893 1142 Aliqua
923 1066 978 1125 ei
1009 1066 1176 1126 fuere
1208 1069 1543 1145 supposita,
1591 1072 1665 1128 ut

368 1155 490 1210 vita
523 1154 809 1230 Dionysii,
864 1174 1017 1230 quae
1062 1160 1156 1216 est
1198 1161 1547 1233 excerptum
1591 1177 1662 1217 ex

369 1241 623 1301 historia
671 1244 1068 1304 ecclesiastica
1117 1246 1437 1322 Nicephori
1491 1248 1659 1306 Cal-

370 1331 552 1389 listi
594 1336 705 1391 ete.
766 1333 853 1391 Ex
900 1334 993 1392 his
1039 1335 1241 1394 tribus
1270 1336 1658 1413 historiogra-

373 1419 511 1495 phis
555 1422 782 1498 graecis
830 1422 1082 1501 Georgio
1130 1424 1419 1501 syncello,
1474 1425 1660 1484 Theo-

372 1510 568 1586 phane
599 1513 661 1568 et
687 1511 1021 1586 Nicephoro
1053 1514 1431 1572 concinnavit
1462 1516 1513 1572 A
1531 1534 1659 1574 na-

372 1599 677 1658 stasius
723 1600 1222 1661 Bibliothecarius
1270 1621 1436 1661 suam
1485 1605 1659 1662 histo-

373 1690 529 1746 riam
559 1690 943 1764 tripartitam,
979 1690 1054 1748 de
1086 1710 1204 1766 qua
1234 1691 1389 1750 infra
1403 1688 1466 1775 ¹).

465 1876 611 1930 403.
644 1867 1021 1943 Theophanis
1037 1869 1351 1929 historiam
1382 1870 1660 1929 continu-

372 1956 498 2015 avit
557 1956 820 2016 «Ioannes
887 1957 1293 2034 Skylitzes
1368 1959 1659 2018 oriundus

364 2064 443 2103 ex
482 2045 626 2104 Asia
669 2046 904 2118 minori,
951 2047 1315 2123 Kuropalata
1358 2053 1421 2106 et
1450 2049 1659 2107 Proto-

373 2134 713 2206 vestiarius,
763 2136 927 2214 aba.
965 2144 1357 2202 811-1057
1409 2157 1476 2196 ac
1522 2138 1661 2196 dein

376 2222 451 2281 ad
495 2243 545 2281 a·
596 2234 759 2288 1079
808 2225 904 2284 vel
953 2235 1139 2289 1081.
1201 2223 1657 2308 Prosequitur2)

373 2310 437 2370 in
484 2331 593 2371 suo
639 2331 817 2389 opere
847 2314 1278 2389 imperatorum
1309 2316 1659 2392 praesertim

374 2404 560 2477 gesta.
621 2402 854 2462 Prodiit
896 2422 1037 2463 vero
1081 2403 1263 2463 latine
1297 2423 1536 2464 versum
1568 2405 1659 2463 in-

374 2494 633 2566 terprete
650 2490 744 2550 Jo.
765 2494 831 2551 B.
866 2492 907 2551 G
929 2493 1132 2564 abio,
1167 2493 1431 2553 Venetiis
1461 2505 1660 2564 1570;

373 2584 574 2638 textus
626 2600 874 2658 graecus
925 2584 1068 2659 quia
1111 2584 1233 2643 fere
1280 2584 1516 2662 integer
1566 2603 1660 2643 re-

375 2673 586 2746 ceptus
620 2672 713 2728 est
752 2691 786 2729 a
827 2672 1166 2732 Cedreno
1198 2674 1272 2732 ad
1305 2693 1352 2737 a.
1397 2684 1559 2736 1057
1596 2674 1662 2732 in

376 2776 551 2817 suum
585 2759 929 2831 Chronicon,
963 2780 1084 2821 non
1116 2763 1359 2838 prodiit,
1394 2762 1496 2821 sed
1527 2766 1660 2821 tan-

373 2851 508 2906 tum
539 2849 910 2909 continuatio
943 2851 1017 2909 ab
1050 2872 1101 2910 a.
1141 2862 1559 2915 ]057-1079
1596 2852 1661 2910 in

366 2937 540 3014 corp.
605 2939 807 3014 script.
870 2940 997 3015 byz.
1064 2941 1303 2999 Parisiis
1367 2951 1527 3003 1647
1583 2941 1659 3011 ΙΙ,

454 3112 488 3180 ¹)
516 3108 689 3162 Plura
719 3108 787 3161 de
805 3127 846 3161 s.
865 3109 1190 3180 Nicephoro
1218 3112 1287 3168 cf.
1310 3111 1373 3165 in
1397 3110 1665 3178 Ignatii

373 3178 617 3242 diaconi,
645 3180 749 3248 qui
783 3179 899 3234 fuit
936 3182 1120 3250 ipsius
1161 3186 1220 3237 et
1252 3182 1473 3237 Tarasii
1500 3182 1664 3237 disci-

373 3251 562 3320 pulus,
589 3251 985 3320 skeuophylax
1002 3256 1061 3307 et
1076 3257 1274 3323 postea
1289 3255 1664 3324 archiepisco-

371 3339 483 3445 pfus
544 3322 819 3377 nicaenus
871 3327 1036 3396 (711),
1094 3332 1205 3380 vita
1252 3325 1315 3378 in
1363 3325 1506 3379 actis
1569 3325 1663 3379 SS.

433 3393 570 3447 artii
599 3395 664 3458 11,
705 3401 811 3451 294
836 3413 904 3448 sa.
946 3395 1142 3460 latine,
1184 3403 1292 3452 704
1316 3416 1405 3462 sa„
1445 3413 1663 3467 graece.

373 3464 622 3536 Migne
650 3466 708 3528 C,
736 3472 963 3527 41-160;
991 3467 1143 3520 inter
1170 3485 1363 3539 opusc.
1390 3464 1665 3523 historica

1720 983 1869 1042 riam
1887 982 2192 1058 profanam
2226 983 2289 1038 et
2320 979 2773 1039 ecclesiasticam
2807 1000 2843 1039 a
2863 981 3014 1040 Con-

1718 1072 1985 1131 stantino
2005 1070 2372 1145 Copronymo
2395 1066 2725 1145 (741-77
2738 1064 2800 1153 5)
2823 1089 3015 1146 usque

1720 1162 1792 1219 ad
1826 1160 2173 1219 Michaelem
2205 1158 2346 1234 imP.
2382 1152 2824 1240 (820—829):
2860 1178 3015 1234 quae

1719 1253 1918 1309 tamen
1981 1247 2305 1307 intercidit.
2391 1248 2619 1306 Auctor
2678 1267 2712 1306 a
2773 1248 3014 1307 Graecis

1728 1350 1825 1403 13.
1855 1339 1989 1413 Maj.
2020 1337 2181 1396 inter
2212 1332 2549 1419 sanctosJut
2577 1336 2884 1395 Confessor
2914 1356 3011 1396 co-

1718 1428 1871 1487 litur
1885 1423 1953 1508 ¹).
2011 1427 2162 1485 Nam
2195 1425 2270 1483 ob
2303 1426 2535 1484 cultum
2567 1442 2644 1484 ss,
2677 1426 3010 1502 imaginum

1720 1517 2112 1586 excruciatus,
2158 1514 2415 1573 fortunis
2458 1516 2673 1572 exutus
2717 1517 2899 1589 atque
2946 1515 3010 1574 in

1718 1606 1914 1665 exsilii
1946 1603 2247 1663 aerumnis
2279 1605 2552 1662 mortuus
2582 1606 2689 1661 est.

1823 1845 1970 1900 404.
2022 1836 2447 1894 convertamus
2497 1852 2606 1893 nos
2656 1833 2730 1894 ad
2784 1834 3006 1894 Occi-

1720 1926 2045 1984 dentem.
2095 1923 2437 1983 Einhard
2471 1920 2828 2004 (Eynardus,
2863 1923 3009 1983 Ein-

1719 2016 1872 2085 hart,
1923 2013 2245 2087 Eginhard,
2297 2010 2692 2090 AeginarduS,
2742 2012 3010 2090 Agenar-

1719 2105 1848 2175 dus,
1910 2102 2354 2179 EguinharduS,
2419 2101 2810 2172 Einchardus,
2873 2102 3011 2160 Em-

1719 2192 1992 2264 ehardus,
2027 2191 2380 2260 Heinardus,
2414 2190 2709 2267 Eginerus
2738 2185 2873 2274 etc.)
2906 2209 3013 2249 na-

1719 2282 1884 2341 tione
1902 2282 2246 2350 Germanus,
2261 2279 2455 2354 patria
2467 2278 3010 2351 Oedenwaldensis,

1719 2373 2115 2449 cognomento
2167 2369 2413 2444 Sapiens
2475 2389 2533 2427 n.
2595 2372 2690 2427 est
2750 2388 2794 2433 c.
2865 2377 3006 2433 770.

1718 2459 1973 2538 Egregie
2012 2459 2332 2517 institutus
2378 2456 2441 2516 in
2486 2457 2843 2517 monasterio
2887 2459 3006 2517 ful-

1720 2550 1888 2609 densi
1918 2548 2137 2609 missus
2168 2549 2261 2608 est
2292 2567 2326 2606 a
2351 2546 2654 2625 Baugulfo
2684 2547 2900 2607 abbate
2932 2547 3007 2608 ad

1718 2641 1917 2699 aulam
1950 2639 2191 2715 regiam.
2256 2637 2325 2695 In
2358 2637 2558 2695 schola
2588 2638 2853 2713 palatina
2884 2658 3006 2695 ma-

1719 2729 1980 2806 gistrum
2030 2727 2245 2786 habuit
2293 2726 2617 2785 Alcuinum
2678 2730 2857 2801 atque
2920 2726 3007 2785 ita

1719 2817 2016 2887 excelluit,
2049 2815 2396 2891 praesertim
2427 2815 2491 2874 in
2522 2817 2664 2885 arte,
2699 2817 2771 2872 ut
2789 2833 3004 2891 cogno-

1719 2907 2053 2965 minaretur
2082 2904 2361 2964 Beseleel.
2407 2905 2554 2962 Prae
2585 2903 2836 2978 reliquis
2866 2921 3003 2980 gra-

1719 2997 1807 3055 tia
1837 2995 2150 3054 fruebatur
2181 2993 2367 3051 Caroli
2400 2993 2493 3062 M„
2528 2992 2626 3051 cui
2658 2995 2787 3051 erat
2817 2992 3005 3051 archi-

1720 3085 2081 3161 capellanus,
2129 3082 2517 3141 cancellarius
2564 3084 2629 3139 et
2671 3082 2880 3157 palatii
2912 3100 3005 3140 re-

1719 3173 1873 3252 galis
1924 3172 2212 3243 notarius,
2280 3169 2661 3229 exstruendis
2722 3169 3006 3229 aedificiis

1720 3262 2096 3340 praepositus
2172 3263 2417 3337 ejusque
2493 3259 2733 3319 nomine
2809 3259 3004 3335 ipsius

1720 3354 2146 3412 testamentum
2208 3369 2315 3408 seu
2375 3349 2635 3407 chartam
2694 3348 3006 3408 divisionis

1721 3440 1955 3516 imperii
2006 3441 2247 3499 Romam
2300 3437 2522 3497 detulit
2573 3434 2777 3519 (806),
2842 3440 2913 3496 ut
2974 3457 3008 3496 a

372 3535 687 3607 Nicephori
737 3537 825 3591 ed.
876 3538 945 3591 de
994 3538 1181 3594 Boor
1247 3539 1313 3593 Li
1357 3539 1472 3593 siae
1529 3546 1665 3595 1880
1722 3532 1912 3589 Leone
1946 3530 2050 3588 111.
2096 3528 2542 3604 approbaretur.
2622 3528 2756 3586 Non
2800 3525 3003 3585 minus

371 3624 429 3676 p.
461 3609 758 3670 139-217,
786 3625 854 3662 ex
882 3625 997 3677 qua
1025 3609 1066 3665 C
1083 3628 1114 3664 o
1132 3630 1187 3664 m
1204 3610 1242 3662 b
1259 3629 1287 3665 e
1349 3611 1504 3664 isiu
1522 3628 1548 3664 s
1574 3610 1665 3663 de·

375 3679 590 3733 rivavit
663 3683 1096 3749 Disputationem
1160 3683 1209 3734 N
1216 3681 1473 3754 icephori
1534 3699 1663 3737 cum

374 3750 559 3804 Leone
580 3752 647 3803 A.
676 3751 738 3803 in
765 3767 868 3804 sua
896 3752 1042 3806 Hist.
1069 3755 1221 3807 haer.
1250 3754 1528 3818 monoth.,
1566 3754 1665 3806 Pa-

1720 3619 1915 3697 gratia
1958 3619 2153 3677 valuit
2195 3617 2354 3693 apud
2396 3616 2762 3675 Ludovicum
2810 3615 3003 3688 Pium,

1722 3708 1825 3784 qui
1869 3707 1923 3765 ei
1966 3707 2316 3766 Lotharium
2346 3706 2537 3764 filium
2567 3704 3006 3764 instituendum

371 3820 524 3875 risiig
568 3829 705 3878 1648
751 3840 805 3892 p,
843 3829 947 3879 603
973 3841 1073 3880 33„
1121 3829 1308 3880 Oratio
1351 3825 1421 3878 de
1467 3824 1664 3879 exsilio
1720 3796 1975 3856 tradidit
2004 3797 2402 3871 pluribusque
2441 3795 2741 3854 beneficiis
2775 3793 3006 3852 ditavit.

372 3911 413 3946 s.
443 3892 752 3963 Nicephori
792 3895 850 3947 et
874 3896 1247 3951 translatione
1285 3897 1665 3964 reliquiarum
1721 3886 1909 3944 Aulae
1936 3887 2243 3962 pertaesus
2277 3880 2459 3965 (830)
2493 3901 2627 3942 cum
2671 3902 2854 3943 uxore
2899 3901 3008 3942 sua

373 3967 538 4035 (842),
564 3967 795 4019 auctore
838 3965 1294 4037 Theophane
1329 3969 1515 4036 presb·
1560 3967 1664 4021 ΟΡ·
1722 3977 1909 4033 Imma
1943 3976 2060 4032 Deo
2099 3991 2159 4032 se
2192 3990 2531 4032 consecrare
2563 3972 2882 4032 constituit
2914 3990 3005 4031 se-

373 4039 432 4088 et
479 4036 806 4106 praeposito
853 4037 928 4106 (fl.
974 4056 1019 4092 c.
1064 4043 1206 4106 840),
1261 4041 1323 4092 in
1370 4039 1527 4092 Actis
1574 4039 1664 4093 SS.

370 4106 445 4159 ad
488 4114 569 4162 13.
610 4107 808 4168 Mart:
846 4107 910 4163 in
962 4109 1313 4178 Theophilos
1371 4110 1663 4165 Joannu

371 4179 611 4254 Μνημεῖα
634 4181 936 4251 ἁγιολογικά
962 4180 1220 4235 Venetiis
1252 4189 1387 4238 1884
1410 4202 1466 4252 p.
1496 4189 1661 4237 115-

1721 4084 1838 4138 que
1859 4063 2084 4140 recepit
2110 4064 2173 4121 in
2203 4062 2629 4120 monasterium
2649 4060 3006 4120 Mulinheim

1719 4147 2105 4235 (Mfihlheim)
2126 4154 2334 4227 postea
2353 4150 2582 4209 dictum
2603 4148 3008 4225 Seligenstadt

378 4256 495 4305 128.
511 4249 593 4302 De
618 4250 899 4320 Ignatio
928 4269 1060 4305 vero
1088 4253 1159 4306 cf.
1186 4253 1391 4306 Krum
1411 4253 1666 4307 bacher
1721 4264 1756 4300 a
1800 4262 1861 4301 se
1900 4241 2224 4310 conditum,
2269 4239 2476 4315 ibique
2510 4241 2628 4297 Deo
2661 4243 2843 4312 atque
2876 4241 3006 4296 stu-

371 4338 430 4389 P·
457 4325 528 4378 7-3
552 4339 609 4374 n.
636 4329 668 4378 6
694 4322 782 4375 ed·
813 4331 874 4384 2³
914 4324 983 4376 de
1024 4323 1147 4391 ejus
1187 4324 1547 4394 poematibus
1588 4324 1665 4378 ib·
1723 4332 1838 4390 diis
1871 4349 2085 4391 vacans
2118 4329 2272 4388 obiit
2310 4338 2406 4391 14.
2429 4328 2599 4386 Mart.
2636 4337 2779 4390 840.
2842 4326 3007 4384 Inter

374 4410 430 4460 p.
457 4393 562 4449 716
590 4409 649 4456 s.,
676 4393 828 4447 inter
868 4411 1015 4463 quae
1056 4394 1204 4448 illud
1247 4398 1334 4448 est
1372 4395 1664 4449 mentione

372 4461 619 4545 dignum
669 4470 729 4518 in
773 4470 950 4520 Adam
997 4483 1094 4520 seu
1143 4467 1349 4521 Drama
1393 4467 1461 4519 de
1497 4467 1663 4535 lapsu

374 4535 546 4603 primi
602 4535 853 4589 hominis
894 4538 980 4590 ed.
1020 4554 1055 4590 a
1096 4538 1155 4594 F.
1196 4537 1665 4592 Boissonade

1722 4441 1902 4496 opera
1962 4421 2094 4496 eJus
2157 4419 2377 4477 eminet
2441 4434 2564 4475 non
2625 4415 3006 4475 obstantibus

1720 4511 1879 4569 haud
1911 4510 2115 4586 paucis
2149 4509 2358 4566 erratis
2386 4505 2704 4574 historiciS,
2739 4522 2890 4579 quae
2922 4504 3004 4560 ir-

374 4606 585 4660 Anecd.
634 4624 715 4676 gr.
769 4615 905 4664 1829
957 4609 999 4672 1,
1050 4616 1362 4671 436--444;
1414 4609 1664 4680 Migne
1721 4603 2058 4675 repserunt,
2123 4599 2493 4674 argumento,
2564 4594 2882 4653 veracitate
2946 4597 3007 4651 et

374 4675 435 4729 P.
464 4677 529 4733 G.
557 4677 776 4742 CXVII,
809 4683 1127 4737 1164-1174.

444 4752 488 4820 ²)
518 4748 602 4802 cf.
627 4748 848 4802 Krum
870 4752 1143 4805 bacher
1187 4751 1386 4806 Gesch.
1414 4752 1514 4806 der
1540 4753 1663 4820 byz.

375 4817 482 4878 Lit.
511 4840 564 4890 p.
595 4825 909 4883 365—368;
938 4823 1296 4877 Potthast
1320 4842 1379 4892 p.
1404 4832 1555 4880 1004.

1805 4828 1839 4892 ι)
1869 4822 1951 4877 of.
1979 4820 2322 4876 Ehrhard
2350 4819 2583 4883 KL.X1‚
2616 4824 2731 4875 193.

2596 4910 2688 4964 24·
