3505 5161
461 234 583 288 447
1161 222 1458 273 431—500.
1488 216 1694 270 Poetae
1722 216 2041 274 christiani.
2069 214 2352 280 Sidonius,

2947 231 3069 284 448

459 404 674 463 Romae
725 404 924 462 statua
977 403 1217 478 publica
1277 404 1434 462 inter
1482 403 1742 462 celebres
1798 404 2041 463 illorum
2062 408 2396 479 temporum
2430 406 2491 461 et
2509 404 2666 462 vitae
2688 403 3072 475 consuetudo,

460 495 664 567 poetas
711 492 765 550 ei
812 496 1153 567 poneretur.
1216 492 1539 569 conjugem
1572 492 1744 551 duxit
1799 496 1994 552 status
2025 492 2333 552 literarum
2379 496 2441 550 et
2471 492 2752 568 antiquae
2782 491 3075 551 Ecclesiae

461 581 848 656 Papianillam
880 580 1064 649 Aviti,
1117 586 1326 658 postea
1369 582 1743 657 imperatoris
1799 574 2112 658 disciplina
2142 582 2282 640 inde
2303 600 2424 640 non
2442 600 2652 657 parum
2673 582 3075 644 illustrantur:

457 667 717 741 romani,
737 669 936 731 filiam.
984 669 1250 729 Honores
1271 670 1537 729 ambiens
1569 689 1741 729 mun·
1798 671 1995 730 Dictio
2017 674 2149 745 ejus
2168 672 2430 730 mascula
2448 673 2510 728 et
2529 671 2779 746 copiosa,
2813 662 3075 746 plerum-

458 759 642 817 danos
688 778 757 817 ex
804 759 1000 817 favore
1033 758 1370 835 principum
1415 761 1607 819 sactus
1650 764 1744 819 est
1798 779 1913 835 que
1946 765 2144 819 tamen
2177 761 2355 819 nimis
2388 759 2633 837 turgida
2670 764 2732 818 et
2763 758 3077 818 artificiose

458 848 788 924 praefectus
832 848 1005 906 Urbis
1050 850 1112 906 et
1155 852 1434 925 princeps
1481 852 1739 920 sennua,
1799 849 2085 924 quaesita,
2119 854 2299 924 atque
2331 849 2510 908 etiam
2543 850 2619 907 ob
2651 849 3075 924 amplissimam

460 936 596 995 dein
643 940 705 995 et
748 937 1036 1012 patricius
1070 956 1119 995 a.
1161 946 1306 1001 468.
1378 938 1627 998 Rediens
1679 939 1742 997 in
1797 939 2193 997 eruditionem
2214 938 2477 997 difficilis
2497 937 2809 997 intellectu
2839 940 2901 996 et
2930 957 3078 997 non-

457 1026 711 1102 patriam
746 1026 818 1084 ab
863 1026 1193 1085 honoribus
1227 1027 1544 1086 mundanis
1577 1030 1741 1085 tran·
1796 1046 2123 1103 numquam
2186 1028 2494 1087 obseura.‘
2575 1028 2712 1086 Alia.
2771 1027 3077 1102 quaedam,

459 1115 561 1173 siit
592 1114 665 1173 ad
714 1114 1152 1185 ecclesiasticos,
1199 1133 1336 1173 nam
1383 1117 1603 1175 electus
1649 1120 1743 1175 est
1797 1136 1949 1193 quae
2011 1117 2411 1192 composuisse
2472 1116 2694 1175 dicitur
2752 1117 3078 1193 perierunt.

458 1205 522 1262 in
573 1204 915 1280 episcopum
966 1222 1348 1264 avernensem
1399 1224 1504 1264 seu
1556 1207 1739 1264 claro·
1798 1206 1990 1281 Opera
2011 1206 2385 1282 collegerunt
2417 1225 2484 1265 ac
2517 1205 2953 1265 commentariis
2972 1220 3077 1262 noa

457 1296 806 1351 montanum
824 1288 896 1374 (c.
918 1290 1155 1376 a.47l).
1185 1294 1410 1353 Exinde
1430 1294 1741 1353 renuncia·
1797 1295 2000 1370 tisque
2047 1295 2299 1355 eruditis
2344 1298 2406 1354 et
2455 1294 2647 1354 doctis
2692 1294 3081 1354 illustrarunt

459 1383 549 1439 vit
570 1381 1059 1440 vitaemundanae
1079 1401 1392 1457 moresque
1408 1384 1741 1443 mutavitin
1799 1384 2115 1453 Savaro,
2164 1384 2409 1444 Parisiis
2450 1393 2649 1454 1599'3
2706 1394 2869 1448 1609
2918 1384 2983 1442 in
3022 1394 3079 1446 4.

459 1471 674 1529 melius
697 1473 875 1546 atque
895 1471 1153 1531 virtutes
1173 1472 1414 1530 induxit
1445 1492 1581 1531 vere
1613 1472 1739 1548 epi·
1800 1469 1913 1551 (ed.
1936 1468 2291 1557 praeclara);
2314 1473 2352 1531 S
2372 1476 2511 1533 irm
2527 1493 2561 1531 ο
2577 1491 2619 1531 n
2635 1473 2691 1541 d,
2714 1473 2902 1548 quiet
2919 1474 3077 1548 ejus-

461 1558 750 1635 scopales'3
807 1561 1180 1620 renunciavit
1228 1565 1290 1620 et
1338 1562 1523 1637 poesi,
1588 1579 1740 1637 quae
1797 1561 1931 1620 dem
1951 1564 2137 1621 vitam
2158 1563 2414 1638 scripsit,
2449 1562 2527 1620 ib.
2557 1572 2740 1625 1614.
2773 1565 2836 1620 et
2866 1561 3081 1619 melius

459 1668 671 1725 parum
703 1649 951 1724 spiritus
972 1650 1280 1709 christiani
1315 1669 1454 1726 prae
1487 1669 1551 1709 se
1583 1651 1739 1709 tule·
1806 1660 1971 1713 1652
2022 1651 2085 1708 in
2121 1662 2176 1712 4.
2239 1648 2355 1731 (ed.
2387 1651 2942 1731 praestantissima),
2989 1669 3080 1708 re-

457 1741 552 1797 rat
583 1741 644 1797 et
687 1738 751 1796 in
791 1738 969 1797 rebus
1000 1739 1261 1814 profanis
1294 1740 1573 1798 canendis
1608 1758 1740 1798 ver·
1799 1757 1941 1799 cusa
1971 1740 2129 1798 inter
2147 1740 2445 1800 Sirmondi
2465 1759 2598 1817 opp.
2624 1750 2790 1802 1696
2815 1742 2875 1797 et
2893 1738 3081 1799 Vene-

461 1827 720 1896 sabatur,
755 1845 936 1903 seque
958 1827 1123 1886 dedit
1141 1828 1331 1905 magis
1357 1847 1564 1904 prosae
1598 1828 1741 1887 scri·
1798 1828 1903 1888 tiis
1962 1838 2125 1893 1728
2178 1831 2222 1891 t.
2282 1840 2300 1890 l
2333 1850 2346 1899 ;
2406 1830 2553 1887 item
2601 1829 2667 1887 in
2717 1828 3081 1887 Gallandi

458 1916 786 1990 bendisque
836 1917 1112 1992 epistolis,
1181 1936 1330 1992 quas
1379 1914 1442 1976 11.
1498 1928 1533 1980 9
1586 1935 1740 1975 com·
1797 1917 1941 1980 bibl.
1962 1918 2030 1987 X,
2057 1928 2403 1981 461-626
2423 1941 2436 1988 ;
2459 1919 2698 1994 Migne
2718 1918 2780 1976 P.
2800 1916 3079 1988 L.LV111,

457 2006 666 2080 plexus
699 2008 791 2064 est
806 2003 870 2082 ι).
919 2006 1358 2066 Posterioribus
1389 2007 1485 2065 sui
1516 2007 1743 2083 episco-
1803 2016 2188 2077 435—7523
2238 2008 2303 2066 E.
2341 2008 2569 2066 Baret
2599 2006 2843 2065 Parisiis
2886 2016 3080 2076 18793

459 2097 634 2168 patus
680 2095 851 2153 annis
897 2099 1108 2169 captus
1156 2114 1191 2153 a
1230 2095 1434 2154 Gothis
1471 2097 1741 2168 AverniS,
1802 2096 1932 2156 Chr.
1964 2097 2461 2172 Luetjohann
2498 2097 2564 2155 in
2595 2097 2767 2172 cujus
2800 2094 2889 2154 ed.
2921 2113 3079 2153 acce-

458 2201 667 2258 graves
730 2201 943 2259 passus
1018 2188 1112 2242 est
1161 2185 1540 2254 calamitateS,
1605 2184 1743 2242 hinc
1802 2185 1957 2243 dunt
1985 2185 2260 2244 Fausti
2312 2195 2344 2249 5
2398 2185 2770 2259 aliorumque
2817 2186 3085 2258 epistolae

460 2273 640 2330 etiam
671 2273 913 2331 civitate
952 2273 1323 2347 aliquamdiu
1356 2275 1619 2334 exsulare
1651 2278 1745 2332 est

461 2365 712 2420 coactus.
779 2362 956 2420 Gravi
990 2380 1226 2436 quoque
1258 2362 1460 2422 dolore
1492 2361 1611 2422 fuit
1658 2362 1741 2421 af-

461 2450 656 2508 flictus
687 2450 762 2508 ob
796 2450 1152 2509 seditionem
1173 2451 1427 2510 <luorum
1450 2470 1590 2511 suae
1610 2471 1741 2528 gre-

461 2539 553 2616 gis
603 2539 1089 2616 presbyterorum
1133 2540 1196 2598 in
1242 2540 1441 2617 ipsum
1489 2559 1741 2601 commo-

459 2632 600 2688 tam.
667 2629 832 2687 Obiit
880 2640 980 2691 21.
1026 2632 1178 2707 Aug.
1226 2633 1382 2690 intra
1427 2649 1477 2689 a.
1526 2639 1742 2694 482—

465 2728 609 2780 490.
679 2718 1010 2794 ,Dogmata
1057 2717 1214 2790 fidei,
1274 2719 1475 2793 inquit
1522 2721 1744 2778 Fess-

461 2806 1076 2883 ler-Jungmann
1124 2804 1156 2873 ἓ
1208 2817 1352 2880 232,
1402 2811 1463 2866 et
1512 2828 1745 2870 morum

461 2916 529 2954 ex
564 2895 791 2954 Sidonii
824 2896 1064 2972 scriptis
1096 2897 1248 2955 nihil
1279 2897 1460 2956 ferme
1501 2897 1653 2956 lucis
1685 2901 1748 2957 et

462 2983 924 3044 confirmationis
974 2985 1325 3059 acquirunt:
1388 2989 1451 3045 at
1495 2986 1748 3045 historia

544 3211 578 3289 ¹)
607 3208 690 3260 cf.
716 3206 1271 3262 Bardenhewer
1297 3217 1324 3275 ἓ
1349 3214 1448 3264 112
1476 3226 1529 3261 n.
1554 3217 1615 3264 2:
1644 3207 1746 3262 Die

463 3283 701 3332 meisten
724 3278 908 3333 dieser
924 3278 1199 3334 Gediohte
1221 3280 1567 3333 entnehmen
1584 3280 1748 3333 ihren

539 3365 680 3403 nzen
731 3350 964 3404 Aufbau
1023 3351 1123 3404 der
1183 3351 1747 3406 antik-heidnischen

465 3463 482 3471 -
522 3420 847 3490 ythologiez
899 3422 1009 3475 alle
1060 3423 1195 3475 aber
1235 3422 1362 3475 sind
1405 3422 1513 3476 mit
1562 3422 1745 3476 einem

463 3491 1090 3545 verschwenderischen
1154 3493 1345 3546 Luxus
1405 3494 1748 3564 mythologi-

464 3563 626 3614 scher
651 3561 846 3615 Bilder
871 3565 1251 3633 ausgestattet
1278 3605 1289 3616 .
1318 3605 1329 3617 .
1361 3605 1372 3616 .
1423 3565 1747 3619 Wortreich

464 3633 583 3686 und
611 3633 1037 3702 gedankenarm
1066 3634 1172 3688 wie
1199 3635 1292 3689 die
1320 3636 1597 3690 Gedichte
1620 3635 1747 3689 sind

464 3704 616 3757 diese
645 3703 849 3766 Briefe‚
889 3705 1232 3776 gleichwohl
1273 3706 1359 3760 als
1397 3707 1491 3760 ein
1530 3707 1749 3761 reiches

464 3776 1132 3844 culturgeschichtliohes
1190 3778 1572 3849 Zeitgemalde
1635 3795 1748 3832 von

463 3863 713 3915 grossem
751 3849 868 3900 und
921 3849 1296 3918 vielseitigem
1325 3850 1611 3905 Interesse.
1664 3851 1748 3903 Of.

467 3917 611 3970 Hist.
662 3917 750 3971 lit.
801 3920 870 3985 II,
924 3927 1186 3976 550-72.
1239 3928 1360 3977 765.
1435 3922 1470 3975 S
1486 3939 1518 3973 a
1536 3937 1565 3973 e
1581 3921 1617 3974 d
1634 3939 1662 3973 r
1679 3938 1708 3976 e
1725 3924 1751 3974 t

465 3989 657 4042 Revue
684 3990 781 4043 des
809 4009 901 4058 qq.
920 3990 1052 4046 hist.
1070 3994 1270 4074 (1882.)
1287 3993 1512 4055 XXXII,
1535 3999 1747 4048 210-24.

464 4061 601 4114 L.A.
627 4061 715 4114 Ch
730 4062 842 4115 aix
867 4064 918 4117 S.
935 4062 1550 4133 Sidoine-Apollinaire
1571 4067 1628 4118 et
1649 4081 1749 4119 son

465 4132 649 4196 siecle,
678 4133 1212 4188 Clermont·Ferand
1245 4137 1474 4191 1867-68
1499 4137 1540 4188 t.
1557 4140 1589 4187 2
1605 4135 1667 4188 in
1684 4143 1746 4191 8:

465 4203 870 4258 Fabricius
922 4206 1015 4268 ΙΙΙ,
1068 4213 1175 4262 464
1225 4224 1323 4259 ss..
1389 4206 1750 4260 Potthast

465 4295 519 4344 p.
545 4282 709 4336 1014:
742 4275 971 4330 Ebert
996 4279 1032 4333 1.
1063 4284 1169 4334 3'e.
1201 4285 1294 4335 10:
1323 4277 1748 4346 Baumgart.

465 4365 498 4398 n
520 4363 593 4399 er
625 4347 714 4410 IV,
748 4351 1042 4405 195-197.
1095 4347 1357 4402 Ceterum
1399 4350 1474 4402 ab
1499 4350 1746 4415 aequali-

469 4420 571 4470 bus
618 4418 852 4471 summis
898 4420 1113 4473 efertur
1157 4419 1445 4481 encomiis,
1491 4422 1560 4472 ut
1601 4420 1746 4473 Hist.

466 4489 548 4542 lit.
577 4489 645 4541 de
673 4505 737 4542 eo
766 4489 979 4544 scribat
1016 4511 1070 4560 p.
1101 4497 1235 4546 568:
1275 4491 1326 4542 S.
1355 4491 1586 4545 Sidoine
1627 4507 1749 4562 pas-

465 4560 578 4613 soit
602 4576 844 4629 presque
884 4578 1014 4615 sans
1055 4562 1475 4617 contradiction
1517 4565 1578 4615 et
1604 4579 1749 4632 pour

465 4631 520 4686 la
547 4634 741 4701 plume
768 4632 823 4684 la
850 4633 981 4702 plus
1008 4634 1330 4704 eloquente,
1359 4637 1418 4686 et
1442 4650 1590 4703 pour
1629 4634 1747 4687 l'es-

466 4704 586 4770 prit
609 4701 663 4754 le
691 4703 822 4771 plus
841 4704 1141 4771 judicieux
1164 4709 1222 4757 et
1239 4706 1291 4759 le
1313 4705 1444 4775 plus
1472 4705 1630 4757 eleve
1648 4704 1749 4772 qui

469 4776 559 4826 fut
583 4775 734 4826 alors
762 4773 900 4829 dans
928 4775 1010 4826 les
1036 4775 1261 4830 Gaules.

1801 2273 1875 2332 ad
1908 2274 2212 2333 Ruricium
2226 2270 2277 2356 ¹)
2311 2275 2594 2349 aliosque,
2642 2273 2943 2333 Ruricii
2972 2292 3081 2349 ep„

1800 2382 1978 2438 quam
2010 2364 2099 2426 ed.
2128 2364 2517 2422 absolverunt
2547 2365 2680 2439 post
2710 2361 2929 2438 prioris
2960 2362 3083 2421 edi·

1800 2453 1951 2510 toris
1999 2455 2249 2511 mortem
2302 2448 2531 2535 (1884)
2580 2452 2671 2510 Fr.
2704 2442 2849 2510 Leo
2886 2453 2949 2509 et
2976 2450 3080 2509 Th.

1802 2543 2208 2601 Mommsen
2248 2542 2313 2601 in
2344 2544 2497 2601 Mon.
2532 2541 2723 2602 Germ.
2754 2541 2896 2600 hist.
2928 2544 3081 2599 auct.

1802 2640 1923 2690 ant.
1973 2635 2016 2694 t.
2068 2631 2224 2700 VIII,
2291 2631 2553 2691 Berolini
2611 2640 2813 2701 18873
2877 2630 2983 2687 Mo
3002 2631 3083 2687 hr

1802 2720 2034 2796 Lipsiae
2062 2727 2223 2783 1895
2259 2721 2323 2779 in
2358 2731 2427 2791 43
2462 2720 2803 2797 Gregoire
2834 2723 2897 2777 et
2928 2718 3082 2777 Col-

1801 2809 2004 2867 lomb
2024 2828 2055 2868 e
2073 2814 2099 2866 t
2144 2827 2281 2867 cum
2326 2809 2597 2869 versione
2643 2808 2876 2885 gallica,
2927 2807 3081 2883 Lug-

1801 2897 1949 2956 duni
1990 2908 2151 2961 1836
2187 2902 2230 2956 t.
2269 2908 2303 2961 3
2337 2898 2402 2957 in
2440 2909 2495 2961 8.
2556 2977 2557 2980 ¹
3003 2926 3006 2930 ’

1896 3084 1929 3137 2
1941 3086 1974 3139 5
1987 3085 2043 3140 2.
2070 3076 2611 3134 Praetermittimus
2632 3075 2942 3135 Claudium
2961 3073 3082 3131 Ma-

1801 3165 1958 3222 rium
1978 3164 2203 3223 Victo
2217 3184 2248 3222 r
2263 3185 2294 3223 e
2310 3185 2367 3222 m
2392 3159 2444 3245 Β)
2478 3165 2710 3235 laicum,
2733 3164 2839 3239 qui
2857 3163 2930 3222 ab
2950 3161 3084 3221 aliis

1881 3355 1918 3423 ¹)
1948 3351 2053 3405 Hic
2099 3352 2146 3405 R
2166 3371 2200 3405 u
2219 3351 2365 3407 rici
2386 3370 2423 3404 u
2443 3369 2467 3404 s
2507 3368 2574 3405 ex
2611 3350 2822 3406 illustri
2868 3349 3083 3404 Galliae

1804 3422 2026 3477 familia
2052 3427 2229 3488 ortus,
2257 3422 2483 3477 Sidonii
2510 3423 2747 3487 amicus,
2792 3423 2978 3475 factus
3001 3423 3089 3474 est

1804 3493 2106 3565 episcopus
2133 3495 2530 3548 lemovicensis
2547 3511 2593 3547 c.
2610 3502 2717 3550 484
2730 3495 2862 3564 post
2877 3493 3087 3546 multos

1804 3583 1984 3620 annos
2010 3566 2072 3618 in
2098 3565 2463 3621 matrimonio
2491 3570 2733 3628 exactOS,
2821 3564 2993 3618 ietate
3020 3581 3087 3618 ac

1804 3637 2135 3690 humilitate
2187 3637 2430 3707 insignis
2483 3641 2528 3708 (ψ
2571 3639 2673 3694 507
2717 3583 2816 3689 vei,
2850 3637 3084 3706 postea).

1805 3708 2065 3776 Reliquit
2089 3713 2337 3777 epistolas
2363 3712 2472 3778 (82)
2510 3710 2847 3778 plerumque
2875 3705 3085 3760 officio·

1804 3796 1893 3833 sas
1918 3782 2010 3835 vel
2036 3779 2209 3833 etiam
2236 3779 2507 3833 asceticae
2551 3778 2682 3833 stilo
2727 3777 2899 3831 nimis
2925 3778 3087 3833 affec-

1804 3854 1943 3915 tato,
1972 3868 2114 3919 quas
2140 3851 2209 3904 cf.
2238 3851 2393 3921 apud
2434 3850 2683 3920 Migne
2719 3850 2912 3912 LVIII,
2949 3857 3086 3904 6?—

1810 3928 1938 3979 124:
1994 3922 2508 3993 Engelbrecht
2558 3927 2707 3993 (cum
2761 3919 2957 3974 Fausti
3008 3936 3087 3972 re-

1804 3994 2019 4117 {imm
2045 3993 2293 4064 scriptis)
2320 3994 2381 4045 in
2410 4009 2563 4063 corp.
2591 3992 2785 4063 script.
2812 3991 2946 4046 eccl.
2985 3991 3084 4044 lat.

1830 4065 1949 4128 ⁷X1,
1980 4071 2279 4129 248—490‚
2306 4067 2364 4117 et
2387 4064 2450 4116 in
2477 4064 2564 4118 ed.
2584 4063 2646 4117 in
2668 4066 2829 4119 textu
2857 4063 2953 4117 cit.
3004 4061 3085 4116 Cf.

1805 4136 1951 4189 Hist.
1979 4136 2067 4189 lit.
2094 4137 2163 4192 de
2190 4136 2279 4188 Fr.
2307 4136 2403 4198 III,
2429 4142 2661 4191 49—56.

1879 4211 1918 4278 ²)
1948 4207 2053 4260 Hic
2115 4206 2401 4276 distingui
2463 4207 2633 4260 debet
2692 4223 2727 4259 a
2779 4203 3089 4259 Victore

1805 4282 1989 4352 poeta,
2036 4278 2259 4333 Sidonii
2294 4278 2491 4342 ami00‚
2538 4278 2641 4346 qui
2678 4278 2849 4347 juxta
2889 4275 3087 4330 Sido-

1804 4349 2001 4403 nium
2029 4366 2117 4420 ep.
2146 4350 2210 4402 V.
2241 4356 2326 4414 21,
2370 4367 2532 4411 „cum
2577 4353 2763 4403 cetera
2807 4351 3088 4418 potenter,

1805 4424 1928 4474 tum
1958 4421 2356 4488 potentissime
2387 4419 2650 4475 condidit
2678 4431 2922 4473 versus.“
2957 4416 3088 4471 Obi-

1804 4493 1912 4546 isse
1941 4492 2195 4545 creditur
2239 4495 2370 4563 post
2411 4508 2463 4544 a.
2489 4494 2611 4549 470.
2658 4491 2922 4559 nihilque
2961 4506 3088 4543 suo·

1805 4581 1932 4616 rum
1984 4563 2303 4617 carminum
2355 4578 2646 4633 superesse
2693 4561 2938 4615 videtur.
3003 4560 3087 4614 Cf.

1806 4634 1951 4687 Hist.
1979 4633 2062 4687 lit.
2094 4636 2158 4694 ΙΙ,
2187 4643 2307 4691 419.
2338 4668 2404 4674 ——
2431 4633 2729 4703 Distingui
2755 4632 2968 4704 pariter
2995 4631 3087 4685 de·

1806 4707 1903 4758 bet
1926 4723 1958 4756 a
1989 4705 2124 4774 Cajo
2166 4706 2345 4761 Mario
2388 4705 2686 4760 Victori
2707 4722 2810 4765 no.
2857 4705 2926 4756 de
2971 4719 3086 4771 quo

1807 4793 1976 4846 supra
2006 4777 2227 4846 egimus
2253 4798 2310 4848 p.
2340 4786 2458 4834 190.
