3505 5161
448 252 609 308 1017
847 235 1104 300 Rufinus,
1131 235 1381 290 Joannes
1405 237 1513 301 ab„
1540 234 1812 306 Ellinger,
1840 236 2206 301 Wimundus,
2236 236 2505 308 Arnallus
2531 240 2641 294 etc.
2893 257 3064 311 1018

440 424 641 482 verbia
659 423 723 481 in
737 424 1031 498 juvenum
1052 423 1441 493 commodum,
1463 422 1719 485 ib.4s5-
1777 422 1893 481 alia
1939 422 2080 482 salso
2125 422 2244 499 ipsi
2289 424 2647 484 tribuuntur
2695 421 2794 504 (ut
2843 427 2964 484 vita
3012 443 3066 484 s.

442 521 601 583 536;
648 513 848 571 Sermo
891 512 954 571 in
994 512 1178 570 natali
1211 512 1632 588 apostolorum,
1680 512 1718 569 l.
1777 511 2095 591 Pirminii).
2140 545 2229 555 —
2273 512 2545 572 Rufini
2590 513 2917 588 cujusdam,
2963 514 3058 572 in-

439 604 721 661 visionum
751 605 881 660 tum
914 619 1159 660 suarum
1187 604 1317 659 tum
1340 601 1611 669 aliorum,
1644 599 1719 659 ad
1776 604 1968 660 certae
2014 601 2169 660 sedis
2211 602 2472 679 episcopi
2506 601 2587 681 (fl.
2622 620 2735 665 sec.
2768 599 2875 684 XI)
2908 603 3065 662 duos

437 691 793 750 revocandos
826 709 940 761 eos,
973 690 1079 766 qui
1115 690 1296 749 nimis
1329 689 1592 748 immersi
1625 708 1718 748 es·
1775 690 2002 748 debono
2005 693 2176 766 pacis
2189 692 2252 750 ll.
2274 691 2420 749 satis
2439 692 2645 761 bonos,
2663 691 2879 751 stiloin
2910 711 3059 751 non-

440 783 575 840 sent
594 799 797 838 rerum
815 780 1233 855 temporalium
1267 779 1442 849 curis,
1475 778 1550 837 ad
1581 797 1719 837 con·
1776 779 1964 838 nullis
2009 780 2152 840 locis
2198 780 2447 839 obscuro
2493 784 2555 839 et
2598 781 2873 839 involuto
2920 800 3064 841 con-

439 870 859 929 siderationem
898 868 1150 927 alterius
1196 868 1352 926 vitae
1397 886 1717 944 curamque
1776 868 2051 945 scriptOS,
2090 887 2241 944 quos
2272 869 2572 929 dicaverat
2600 870 2775 929 Petro
2808 870 2899 931 ab.
2934 890 3061 930 oas-

440 958 672 1028 salutis,
694 958 774 1016 ib.
802 967 1174 1027 537—613;
1207 956 1606 1033 fragmentum
1624 976 1718 1015 re·
1775 958 2000 1018 sinensi
2028 952 2276 1041 (1056),
2328 958 2517 1018 edidit
2566 959 2701 1018 Pez
2752 959 2896 1023 bibl,
2943 979 3064 1022 asc.

438 1047 680 1106 lationis
729 1047 798 1105 de
845 1048 1229 1106 translatione
1275 1066 1321 1105 s.
1372 1047 1641 1123 Dionysii
1687 1065 1718 1104 e
1775 1047 1874 1120 IX,
1917 1059 1969 1116 1,
2004 1051 2068 1105 et
2088 1047 2227 1107 inde
2248 1047 2499 1125 Migne
2521 1047 2623 1118 eL,
2667 1056 3058 1113 1593-1638.

437 1136 683 1195 Francia
713 1136 776 1194 in
797 1136 1170 1194 Germaniam
1198 1135 1273 1193 ad
1294 1135 1718 1194 monasterium
1775 1169 1862 1179 —
1895 1135 1935 1194 J
1949 1136 2224 1195 oannis
2270 1137 2500 1195 abbatis
2538 1155 2584 1195 c.
2616 1157 2665 1200 a.
2707 1148 2873 1200 1070
2913 1158 3064 1214 pro·

440 1245 484 1288 s,
534 1225 968 1295 Emmerammi‚
1020 1225 1099 1283 ib.
1148 1245 1205 1300 p.
1261 1234 1418 1294 3993
1492 1220 1627 1283 Vita
1674 1244 1718 1283 s.
1775 1226 1966 1302 loqum
1995 1225 2066 1284 ad
2100 1226 2534 1302 imperatricem
2555 1226 2796 1285 viduam
2816 1226 3064 1286 Henrici·

453 1315 778 1391 Wolfqanyi
821 1332 912 1389 ep,
957 1313 1389 1373 ratisbonensis
1434 1310 1497 1395 (†
1545 1310 1717 1391 994),
1774 1314 1840 1373 in
1885 1314 2150 1374 libellum
2192 1333 2435 1391 precum
2467 1315 2769 1374 variarum
2801 1316 2872 1374 de
2906 1316 3061 1375 Sori-

439 1405 502 1463 in
550 1422 671 1479 qna
735 1403 992 1462 fideliter
1039 1403 1141 1462 sed
1201 1421 1321 1462 non
1383 1403 1510 1462 sine
1550 1403 1716 1478 judi·
1777 1403 1976 1478 pturis
2027 1408 2090 1463 et
2134 1403 2335 1464 verbis
2383 1403 2694 1464 collectum
2740 1405 2803 1462 in
2853 1423 3063 1463 eorum

438 1494 527 1553 oio
566 1493 771 1551 critico
808 1492 1083 1568 sequitur
1127 1511 1211 1562 ea,
1257 1510 1411 1568 quae
1441 1492 1718 1550 Arnol-
1773 1493 2127 1568 praesertim
2175 1492 2520 1564 utilitatem,
2568 1492 2675 1569 qui
2719 1493 2877 1553 vitae
2922 1512 3063 1552 con-

439 1583 578 1641 dus
625 1582 688 1641 in
729 1582 771 1639 l.
804 1581 877 1640 de
908 1581 1190 1640 memoria
1221 1600 1268 1643 s,
1299 1581 1718 1641 Emmerammi
1774 1583 2155 1658 templativae
2178 1584 2323 1640 sunt
2346 1585 2655 1651 amatores,
2676 1599 2906 1641 necnon
2927 1602 3062 1659 spe-

440 1667 537 1752 (cf.
574 1667 729 1752 966)
775 1671 1047 1746 aliusque
1094 1689 1422 1746 anonymus
1467 1670 1720 1746 scriptor
1775 1670 1991 1729 cimina
2020 1690 2089 1730 ex
2120 1670 2324 1730 eodem
2358 1673 2418 1730 et
2447 1690 2515 1730 ex
2547 1672 2734 1730 altero
2755 1671 2959 1730 libello
2991 1673 3064 1730 de

432 1762 556 1837 jam
575 1760 951 1835 scripserant,
985 1779 1053 1818 ea
1082 1762 1317 1818 tantum
1330 1760 1507 1834 juxta
1524 1777 1719 1836 gram-
1776 1760 1978 1818 divina
2026 1761 2494 1836 contemplatione
2542 1760 2732 1819 edidit
2779 1760 3063 1819 Mabil-

438 1850 684 1908 maticae
713 1849 952 1925 regulas
983 1848 1320 1918 emendans,
1368 1849 1572 1924 aliqua
1608 1848 1718 1905 mi·
1775 1848 1903 1907 lon
1933 1849 1998 1907 in
2028 1850 2197 1908 Anal.
2240 1861 2291 1920 1,
2331 1859 2451 1913 133
2490 1844 2603 1932 (ed.
2640 1858 2694 1911 2.
2728 1848 2774 1921 I,
2816 1846 2983 1929 120).

439 1938 599 1998 noris
619 1938 904 1996 momenti
925 1936 1224 2007 omittens,
1249 1938 1604 2013 plerumque
1622 1936 1720 1995 vix

442 2027 687 2085 verbum
720 2026 793 2085 de
824 2045 934 2086 sno
967 2026 1209 2098 addenS,
1251 2026 1409 2101 apud
1440 2025 1718 2084 Mabil-
1868 2038 2012 2090 570.
2049 2027 2388 2104 Supersunt
2418 2026 2646 2103 aliquot
2688 2027 2896 2086 breves
2943 2030 3062 2103 epi-

446 2116 733 2174 lonium
765 2115 827 2175 in
849 2117 974 2178 Act.
996 2114 1091 2175 88.
1112 2115 1180 2184 V,
1219 2123 1567 2179 812—833
1591 2115 1721 2173 sine
1775 2118 1953 2176 stolae
1982 2116 2206 2192 piisimi
2237 2116 2599 2193 Ellinger
2631 2116 2695 2175 O.
2726 2117 2781 2179 S.
2802 2117 2944 2175 Ben.
2967 2117 3058 2175 bis

447 2205 697 2264 auctoris
726 2205 983 2276 nomine,
1016 2205 1079 2262 in
1110 2204 1236 2265 ΜΘ.
1270 2204 1366 2267 88.
1386 2204 1484 2274 IV,
1524 2212 1718 2267 525-
1776 2205 2007 2264 abbatis
2043 2201 2546 2287 (1017—10263
2593 2201 3064 2286 1032—1041)

449 2303 568 2357 542
600 2313 720 2353 cur.
756 2293 1026 2365 Wait23
1072 2294 1136 2351 in
1168 2295 1297 2357 Act.
1331 2294 1428 2353 SS.
1457 2293 1608 2352 Nov.
1643 2293 1718 2362 ΙΙ,
1775 2297 1836 2353 et
1867 2294 2271 2354 reformatoria
2300 2295 2645 2354 monasterii
2675 2298 3056 2371 tegernseen-

450 2395 501 2455 1,
544 2391 912 2446 565-583.
976 2382 1132 2441 Haec
1175 2382 1301 2440 vita
1347 2385 1618 2441 accurata
1660 2384 1722 2440 et
1777 2383 1874 2453 sis,
1920 2382 1986 2442 in
2031 2384 2157 2442 vita
2201 2386 2262 2443 et
2304 2387 2444 2460 post
2485 2388 2738 2442 mortem
2773 2377 2856 2465 (5.
2891 2383 3064 2445 Febr.

441 2471 635 2532 fidelis
667 2476 776 2543 est,
810 2472 905 2530 cui
939 2472 1372 2547 subsequentes
1403 2471 1718 2549 hagiogra-
1785 2468 1976 2553 1056)
2010 2472 2314 2532 miraculis
2356 2472 2498 2532 olari
2514 2468 2579 2554 ¹),
2627 2491 2774 2549 quas
2820 2472 3062 2531 exhibet

438 2561 542 2638 phi
562 2561 860 2621 nituntur.
895 2561 1051 2621 Haec
1068 2560 1267 2620 omnia
1286 2555 1448 2644 (cum
1468 2560 1717 2637 quibus·
1779 2562 1914 2622 Pez
1954 2562 2017 2620 in
2048 2562 2195 2621 theS.
2227 2562 2429 2622 anecd.
2461 2561 2528 2634 V,
2588 2573 2637 2632 1,
2694 2571 3064 2633 151—156.

440 2651 575 2709 dam
608 2649 768 2728 aliis)
802 2651 1048 2709 collecta
1065 2653 1340 2727 prostant
1370 2651 1436 2709 in
1467 2651 1721 2727 Migne
1777 2652 1871 2710 Mi
1890 2669 2031 2728 gne
2064 2651 2250 2722 CXLI,
2306 2661 2769 2721 1317—-13223
2816 2652 3060 2727 Episto-

441 2741 502 2800 P.
523 2741 584 2802 L.
606 2739 843 2811 CXLVI,
881 2747 1214 2803 27—434:
1249 2740 1469 2814 quibus
1502 2741 1720 2798 addan-

441 2835 544 2887 tur
556 2825 605 2909 ¹)
645 2831 762 2886 υἱέα
801 2848 847 2890 s.
883 2829 1173 2902 Bonifatii
1205 2829 1548 2887 Germaniae
1579 2847 1718 2904 apo-

442 2919 601 2989 stoli,
634 2918 699 2976 in
719 2936 839 2993 qua
856 2917 1262 2993 componenda
1279 2936 1427 2976 usus
1443 2920 1534 2976 est
1551 2936 1720 2993 prae—

442 3007 592 3065 sulis
634 3006 846 3078 literis,
892 3025 1039 3082 quas
1085 3006 1307 3066 Fuldae
1344 3006 1569 3082 reperit
1620 3002 1717 3086 (cf.

443 3114 624 3171 supra
652 3116 709 3171 p.
746 3104 863 3159 687
902 3091 1009 3176 a.);
1060 3096 1193 3154 Vita
1236 3115 1281 3153 s.
1314 3096 1545 3155 Alconis
1586 3095 1721 3153 fun—

442 3183 663 3243 datoris
712 3185 1055 3243 monasterii
1105 3203 1149 3247 s.
1200 3185 1438 3243 Altonis
1485 3179 1719 3265 (Alten-

442 3279 712 3332 miinster
760 3273 822 3331 in
866 3274 1112 3332 Bavaria
1161 3269 1499 3354 superiori),
1549 3273 1719 3349 cujus

442 3373 671 3439 partem
716 3362 973 3437 priorem
1020 3363 1199 3422 habes
1246 3364 1309 3421 in
1353 3364 1484 3426 Act,
1530 3362 1627 3422 SS.
1665 3372 1719 3424 9.

442 3452 611 3510 Febr.
644 3451 720 3521 Π,
758 3452 1239 3522 359—361;in
1270 3450 1722 3510 Mabillonii

442 3544 573 3604 Act.
621 3541 853 3610 SS.111,
906 3551 961 3610 2,
1014 3549 1380 3610 217—-2‘20‚
1426 3539 1720 3616 integram

444 3631 531 3693 ed.
564 3630 809 3689 Waitz
841 3629 905 3693 in
937 3631 1062 3692 Μῦν.
1098 3630 1192 3689 88.
1226 3629 1345 3699 XV,
1397 3638 1452 3699 2,
1503 3637 1719 3692 843—-

448 3729 606 3788 846;
666 3720 797 3777 Vita
842 3739 889 3780 s.
939 3720 1141 3796 Mayni
1170 3719 1234 3777 in
1265 3720 1395 3776 Act.
1430 3717 1527 3776 SS.
1562 3718 1719 3793 Sept.

446 3808 517 3878 ΙΙ,
556 3820 698 3872 701.
747 3808 1045 3880 Quaedam
1066 3809 1374 3884 perierunt
1403 3812 1474 3865 ut
1506 3807 1544 3865 l.
1576 3824 1714 3883 quo-

446 3899 609 3957 modo
639 3899 933 3973 leyendum
964 3899 1039 3955 sit
1070 3900 1133 3955 in
1164 3898 1332 3954 rebus
1362 3896 1675 3954 visibilibus
1693 3915 1721 3966 ‚-

444 3988 625 4045 vitas.
649 3988 878 4045 Nicolai
909 4006 995 4061 ep.
1018 3986 1310 4062 myrensis
1342 3988 1437 4044 est
1466 3984 1721 4053 inedita3

526 4232 561 4298 ¹)
589 4227 670 4284 Cf.
700 4229 832 4282 Pez
872 4228 933 4281 in
974 4227 1103 4281 diss
1146 4229 1287 4296 isag.
1328 4227 1431 4282 int.
1477 4227 1555 4280 111
1581 4228 1722 4280 thes.

444 4299 640 4353 anecd.
694 4319 747 4370 p.
797 4301 843 4352 X
890 4298 1157 4370 (Migne
1210 4299 1443 4364 CXLVI,
1496 4303 1723 4368 9¹—25);

446 4371 661 4424 Pertz
705 4373 765 4425 in
812 4370 1099 4440 prooemio
1140 4371 1210 4423 ad
1242 4370 1433 4424 Vitam
1478 4387 1519 4422 s.
1546 4370 1722 4424 Wolf.

1776 2742 1866 2798 las
1909 2740 2037 2798 VII
2071 2740 2400 2799 Conradi
2431 2742 2478 2804 Ι.
2523 2742 2654 2816 ejus
2701 2741 3056 2799 successoris

1778 2824 1838 2911 (†
1874 2839 1974 2891 29.
2010 2828 2151 2888 Jun.
2189 2825 2388 2912 1155)
2417 2830 2496 2892 ib.
2527 2829 2786 2905 reperies
2818 2849 2875 2905 p.
2899 2839 3062 2893 369·

1781 2928 1925 2987 373,
1975 2921 2036 2977 et
2067 2918 2103 2976 S
2122 2937 2207 2996 ey
2224 2919 2326 2977 fri
2346 2919 2423 2976 di
2456 2918 2680 2994 pariter
2711 2918 2791 2975 ib.
2823 2918 3062 2976 abbatis

1780 3002 1849 3090 (†
1897 3017 1952 3068 s.
1997 3008 2163 3070 Mart.
2217 3005 2412 3087 loss)
2460 3027 2519 3083 p.
2568 3016 2931 3071 236—242.
2972 3042 3056 3050 —

1778 3096 2043 3170 Epistola
2076 3096 2459 3155 Wimundi
2493 3097 2555 3156 O.
2579 3098 2632 3155 S.
2655 3097 2795 3155 Ben.
2829 3115 2899 3153 ex
2932 3114 3057 3154 mo-

1776 3185 1962 3243 nacho
2012 3185 2440 3262 archiepiscopi
2490 3185 2753 3245 aversani
2807 3180 3063 3268 (1056),

1778 3293 1898 3349 qua
1939 3274 2262 3349 respondet
2297 3276 2530 3334 Erfasto
2576 3275 2648 3334 de
2692 3293 2812 3333 uno
2845 3274 2964 3332 Deo
2998 3279 3062 3333 et

1776 3363 1935 3421 trino
1965 3363 2314 3437 inquirenti,
2367 3367 2561 3423 exstat
2590 3364 2655 3421 in
2686 3364 2907 3421 d'Ach
2925 3382 3055 3440 ery

1779 3452 1979 3528 Spicil.
2010 3450 2116 3523 III,
2173 3463 2316 3515 401.
2367 3488 2453 3496 -
2503 3454 2687 3512 Lectu
2736 3451 2918 3528 digna
2965 3458 3059 3510 est

1776 3539 2015 3614 epistola
2028 3537 2078 3622 ²)
2126 3542 2519 3616 probabiliter
2548 3540 2884 3617 Raymundi
2919 3543 2967 3598 A
2984 3560 3014 3597 r
3031 3573 3061 3584 -·

1776 3650 1817 3688 n
1833 3630 1978 3688 alli
2011 3631 2283 3690 monachi
2314 3630 2388 3689 ad
2420 3649 2595 3689 suum
2620 3630 2894 3688 abbatem
2914 3630 3057 3686 Ber—

1777 3719 2028 3777 nardum
2052 3716 2125 3799 (e.
2154 3716 2364 3798 1065),
2398 3738 2516 3795 qua
2534 3718 2819 3778 describit
2838 3718 3059 3775 mirum

1778 3808 2105 3867 multorum
2155 3828 2262 3885 per
2311 3809 2544 3867 Italiam
2593 3807 2882 3866 fervorem
2929 3809 3056 3865 stu-

1778 3897 1958 3955 dendi
1996 3898 2157 3972 J'uris
2218 3896 2566 3973 prudentiae
2616 3897 3058 3971 licentiamque,

1778 3986 1947 4062 petit,
1978 3991 2050 4046 ut
2075 3989 2136 4046 et
2166 3987 2281 4062 ipsi
2313 3987 2464 4045 sicut
2497 3990 2558 4044 et
2587 3986 2722 4045 aliis
2755 3985 3058 4043 monachis

1778 4079 2038 4151 potestas
2071 4075 2173 4134 fiat
2202 4076 2369 4134 illius
2416 4076 2618 4144 studii,
2666 4075 2826 4150 apud
2859 4075 3055 4132 Mar-

1778 4168 1956 4224 tene
1986 4165 2180 4241 Ampl.
2215 4165 2344 4223 coll.
2385 4176 2437 4235 1,
2474 4174 2841 4227 469—471.

1875 4353 2016 4406 571.
2061 4343 2145 4401 Ex
2193 4341 2513 4402 Oriente
2557 4342 2837 4400 memoria
2868 4340 3060 4399 adhuc

444 4441 684 4522 gangra
710 4458 767 4495 se
794 4443 1007 4495 editam
1036 4442 1130 4506 (ib.
1156 4459 1212 4510 p.
1231 4445 1442 4512 25·28);
1470 4440 1725 4495 Diimm·
1782 4437 1925 4491 sunt
1957 4432 2155 4509 digni:
2208 4433 2466 4490 Joannes
2497 4431 2754 4489 Mauro
2773 4450 2867 4506 pu
2886 4450 2912 4487 s
2944 4431 3054 4487 Pa-

444 4515 554 4568 ler
594 4515 977 4583 Sitzungsber.
1018 4513 1117 4567 der
1156 4514 1211 4568 k.
1238 4531 1462 4582 preuss,
1492 4513 1599 4565 Ak.
1627 4513 1726 4566 der
1781 4577 1794 4580 -

445 4584 616 4638 ivise.
664 4584 723 4637 in
775 4584 964 4638 Berlin
1024 4592 1157 4640 1895
1221 4603 1276 4652 p.
1343 4589 1723 4642 lon—1102:

448 4655 661 4709 Esset
686 4655 796 4710 KL.
826 4657 916 4720 IX,
950 4659 1113 4712 1147:
1156 4655 1461 4709 Werner
1489 4655 1727 4708 Gerbert

1861 4662 1895 4726 ¹)
1924 4654 2004 4707 Cf.
2034 4654 2166 4707 Lin
2184 4654 2218 4707 d
2237 4672 2273 4707 n
2291 4672 2362 4707 er
2408 4653 2646 4708 Familia
2672 4671 2712 4707 S.
2742 4652 2967 4719 Quirini
2993 4652 3055 4706 in

526 4726 659 4780 ssim
710 4726 1037 4796 praesertim
1090 4745 1144 4796 p.
1198 4733 1300 4783 236
1346 4745 1417 4782 s.:
1482 4732 1580 4782 241
1625 4744 1723 4784 ss.;
1781 4726 2094 4795 Tegernsee
2122 4745 2175 4796 p.
2209 4730 2271 4781 16
2301 4744 2369 4779 ss.

446 4744 747 4850 &atten
772 4798 951 4852 bach
981 4799 1075 4862 11⁵,
1109 4799 1178 4850 [V
1207 4809 1233 4864 ξ
1261 4807 1309 4858 9.

1856 4807 1895 4868 ⁸³)
1925 4797 2005 4851 Cf.
2037 4797 2181 4851 Hist.
2209 4797 2291 4853 lit.
2323 4798 2441 4862 Vn,
2471 4801 2572 4854 570
2600 4815 2639 4850 s.
