3505 5161
448 236 570 289 649

444 406 589 463 bibl.
622 405 734 461 PP.
768 404 932 480 lugd.
964 403 1090 472 XII,
1132 413 1208 466 37
1247 421 1351 471 ss.;
1399 403 1462 461 in
1497 403 1728 479 Migne

939 215 1260 280 Aileranus,
1289 215 1676 279 Adamnanus‚
1704 216 2073 288 Hippolytu3‚
2103 216 2375 281 Heddius‚
2407 216 2578 272 Felix.

2939 237 3061 289 650

1882 417 2025 468 359.
2046 407 2254 481 Neque
2282 406 2320 461 h
2337 405 2356 462 i
2372 407 2486 463 sto
2502 405 2613 462 ric
2629 423 2661 462 ο
2680 422 2705 461 s
2738 403 3063 480 insignoris

442 495 504 552 P.
537 495 599 551 L.
633 493 852 563 LXXX,
892 502 1257 555 :327—342.
1325 492 1501 551 Gesta
1531 511 1576 553 3.
1610 493 1727 549 Pa·
1784 496 2159 554 auctoritatis
2193 496 2300 553 hac
2330 493 2573 570 periodo
2603 493 2936 568 reperimus.
2973 494 3063 552 Ad

394 631 401 637 .
443 580 604 642 tricii
641 583 716 640 ab
763 601 833 641 eo
878 583 1125 641 collecta
1175 581 1414 640 exhibet
1446 582 1727 658 Colgan
1785 585 1931 643 hanc
1982 588 2243 660 spectare
2291 584 2531 641 videtur
2575 582 3061 658 Hippolytus

442 673 506 730 in
556 692 647 748 op.
710 673 883 730 Trias
932 672 1342 747 thaumaturya
1390 670 1725 744 Hiberniae,
1782 674 2095 732 Thebanus
2151 674 2389 732 natione
2453 673 2725 741 GraecuS,
2790 672 2894 746 qui
2958 671 3063 729 diu

441 762 688 820 Lovanii
730 771 891 823 1647
930 782 984 836 p.
1022 771 1297 823 35—50.
1363 760 1523 819 Obiit
1552 761 1726 834 juxta
1782 763 1961 821 torsit
1991 764 2150 821 viros
2190 761 2470 821 eruditos.
2533 761 2684 819 Nam
2730 760 3062 837 fragmenta

444 850 851 909 Chevalier
901 860 999 911 29.
1048 851 1179 908 Dec.
1230 852 1497 921 ‹364l653
1553 850 1725 922 juxta
1780 854 1909 927 ejus
1930 854 2188 910 chronici
2207 869 2411 925 sparsa
2431 850 3058 925 passimreperiebant‚

442 940 917 997 Bellesheim
964 959 1013 998 a.
1066 948 1209 1001 703.
1241 973 1328 980 —
1362 938 1416 995 S.
1451 938 1720 996 Adam-

442 1048 480 1086 n
496 1049 583 1087 an
598 1048 642 1086 u
659 1048 685 1087 s
721 1026 1105 1107 (Adamanus,
1128 1030 1404 1103 corrupte
1424 1027 1718 1085 Adaman-

442 1117 578 1195 dus)
600 1118 783 1175 abbas
800 1119 861 1175 in
881 1118 1239 1175 monasterio
1259 1117 1451 1174 hiensi
1472 1112 1536 1195 (6
1551 1127 1580 1176 7
1593 1128 1716 1178 9-

446 1204 614 1285 704),
650 1208 743 1264 vir
762 1208 954 1265 bonus
975 1209 1036 1264 et
1054 1206 1287 1281 sapiens
1301 1204 1347 1285 l)
1380 1209 1441 1264 et
1472 1206 1722 1264 scientia

440 1296 885 1371 Scripturarum
933 1299 1087 1353 teste
1134 1294 1333 1352 Beda
1369 1294 1509 1353 hist.
1543 1296 1717 1371 Angl.

438 1385 503 1454 V,
547 1396 639 1454 16,
675 1385 1047 1442 nobilissime
1078 1385 1410 1466 instructus
1445 1379 1505 1463 (Τ
1537 1402 1719 1458 prope

437 1475 850 1549 octogenarius
906 1483 1006 1536 23.
1060 1472 1219 1548 Sept.
1279 1472 1427 1548 704)
1487 1476 1721 1548 praeter

439 1563 737 1639 egregiam
774 1565 948 1620 vitam
979 1582 1024 1620 s.
1050 1563 1353 1620 Columbae
1373 1562 1718 1620 monasterii

436 1651 770 1710 fundatoris
805 1648 904 1733 (cf.
938 1670 1119 1727 supra
1138 1672 1193 1727 p.
1220 1663 1339 1715 585
1366 1648 1462 1731 a.),
1482 1670 1548 1709 ex
1565 1652 1715 1709 rela-

435 1741 598 1798 tione
631 1742 974 1815 praesertim
1022 1760 1068 1799 s.
1100 1742 1378 1798 Arculf
1390 1741 1407 1797 i
1455 1740 1716 1816 episcopi

435 1833 612 1905 gente
645 1830 805 1905 galli,
861 1830 965 1905 qui
998 1830 1103 1887 diu
1134 1834 1406 1888 versatus
1439 1830 1714 1889 Hieroso-

435 1918 613 1994 lymis
635 1920 820 1977 redux
857 1921 914 1977 vi
942 1921 1315 1995 tempestatis
1349 1919 1411 1977 in
1444 1918 1712 1976 occiden-

435 2008 579 2066 talia
622 2008 801 2066 litora
835 2009 1177 2066 Britanniae
1224 2010 1457 2067 delatus
1501 2008 1711 2078 fuerat,

433 2102 494 2153 et
538 2096 788 2156 aliorum
824 2093 1142 2175 (Eucherii,
1185 2091 1536 2178 Hegesippi)
1569 2098 1710 2154 scri·

431 2185 555 2259 ptis
588 2186 915 2261 composuit
945 2187 1004 2244 ll.
1042 2196 1076 2248 3
1112 2188 1180 2243 de
1210 2188 1346 2244 locis
1373 2189 1587 2243 sanctis
1618 2187 1711 2244 vel

433 2274 504 2331 de
566 2274 690 2332 situ
751 2278 942 2333 terrae
992 2278 1245 2344 sanctae,
1310 2293 1457 2350 quos
1522 2274 1714 2333 edidit

431 2363 753 2421 Gretser
792 2363 1147 2440 Ingolstadii
1188 2374 1386 2431 16193
1435 2364 1710 2422 Mabil-

429 2452 557 2510 lon
603 2452 726 2514 Sec.
756 2453 843 2510 111
889 2457 1016 2513 Act.
1065 2453 1162 2510 SS.
1196 2474 1253 2529 p.
1291 2463 1344 2514 2.
1378 2472 1511 2528 pag.
1551 2462 1707 2523 5023

427 2544 489 2599 et
520 2542 764 2618 Geyer
810 2542 967 2601 inter
1011 2542 1226 2600 itinera
1272 2543 1543 2601 hierosol.
1576 2561 1707 2617 pag.

433 2640 778 2693 220—-297
832 2627 923 2710 (in
968 2650 1123 2706 corp.
1172 2632 1382 2707 Script.
1430 2633 1566 2691 eccl.
1606 2633 1707 2689 lat.

431 2723 474 2778 t.
508 2717 767 2800 XXXIX)
802 2721 1063 2779 Viennae
1104 2731 1301 2790 18983
1350 2722 1599 2798 Migne
1645 2722 1706 2778 P.

427 2808 491 2865 L.
512 2809 867 2878 LXXXVIII,
906 2821 937 2872 7
952 2819 1271 2873 79—814.
1322 2811 1518 2885 HuJus
1552 2829 1706 2868 com-

426 2897 714 2972 pendium
776 2899 1076 2979 exhibet2)
1139 2901 1186 2957 B
1206 2901 1288 2958 ed
1308 2919 1341 2957 a
1403 2918 1538 2974 opp.
1601 2899 1704 2967 III,

431 2996 770 3049 363—371
831 2988 1103 3047 Coloniae
1163 2999 1347 3058 1688,
1417 2992 1597 3062 atque
1643 2988 1706 3045 in

423 3075 562 3133 aliis
639 3094 771 3150 opp.
834 3077 1098 3150 ejusdem
1163 3077 1559 3144 editionibus;
1642 3077 1705 3134 in

426 3164 677 3241 Migne
710 3164 903 3237 XCIV,
949 3176 1415 3236 1179—11903
1466 3167 1707 3239 Geyer

425 3253 650 3311 Itinera
681 3253 893 3312 hieros.
939 3255 1004 3312 in
1050 3273 1205 3329 corp.
1254 3255 1372 3312 Scr.
1414 3254 1549 3312 eccl.
1582 3256 1702 3322 lat..

424 3341 686 3400 Viennae
726 3351 889 3406 1898
926 3343 1175 3411 XXXIX,
1214 3352 1560 3406 300-323
1596 3347 1704 3404 etc.

425 3465 510 3474 -
561 3432 685 3491 Sub
743 3431 1171 3490 Adomnani
1220 3432 1460 3492 nomine
1520 3432 1707 3491 edidit

424 3521 1116 3580 Wasserschleben
1144 3522 1249 3579 Die
1277 3522 1703 3580 Bussordnun-

422 3627 540 3683 geu
573 3609 679 3668 der
710 3610 1247 3669 abendlandischen
1268 3611 1498 3681 Kirche,
1532 3610 1704 3669 Halle

433 3707 590 3760 1851
645 3718 700 3773 p.
742 3707 862 3760 120
899 3716 978 3756 se.
1045 3700 1324 3773 Canama,
1370 3700 1435 3757 in
1480 3700 1701 3773 quibus

422 3786 626 3861 agitur
685 3785 757 3844 de
819 3787 964 3845 cibis
1013 3788 1195 3846 licitis
1253 3792 1312 3845 et
1364 3788 1701 3862 prohibitis,

421 3876 606 3934 Porro
638 3875 732 3933 hic
764 3876 1148 3934 Adomnanus
1180 3895 1299 3935 non
1345 3881 1437 3934 est
1482 3878 1636 3936 alius
1670 3899 1704 3936 a

421 3967 626 4022 nostro
658 3964 1019 4026 AdamnanO.

502 4207 535 4274 ¹)
564 4204 648 4258 Cf.
700 4205 937 4273 Geyer
999 4206 1371 4259 Adamnanus
1425 4209 1542 4261 Abt
1594 4226 1705 4262 von

419 4273 452 4327 J
459 4291 585 4328 ona.
607 4274 738 4328 Sein
756 4275 958 4330 Leben.
984 4276 1148 4330 Seine
1167 4277 1392 4332 W'erke.
1420 4279 1553 4332 Sein
1570 4278 1704 4333 Ver-

419 4345 639 4399 haltnis
660 4364 727 4399 zu
748 4346 1308 4402 Pseudo-Eucherius
1330 4354 1393 4403 cle
1411 4354 1535 4404 locis
1552 4370 1704 4405 sanc-

330 4448 334 4450 *
420 4422 504 4471 tie.
533 4417 699 4472 Scine
724 4418 989 4499 Sprache,
1016 4420 1079 4473 in
1099 4437 1309 4490 progr-a
1333 4425 1521 4475 umato
1549 4441 1703 4490 gym-

420 4488 570 4542 nasii
622 4489 847 4542 Annaei
897 4492 1209 4561 augustani
1267 4499 1429 4551 1895:
1494 4493 1545 4545 H
1562 4509 1595 4544 a
1614 4495 1649 4545 h
1667 4512 1701 4546 n

421 4558 682 4618 Realeno.
714 4561 779 4625 1⁸,
814 4567 928 4619 166.

493 4634 535 4703 ²)
566 4629 649 4684 Cf.
676 4630 1039 4686 Potthast
1064 4652 1118 4702 p.
1153 4641 1216 4690 10
1242 4636 1300 4686 et
1324 4640 1455 4689 139:
1487 4634 1704 4688 Roeh-

416 4719 446 4754 r
466 4700 486 4753 i
503 4718 532 4755 c
549 4704 585 4755 h
602 4704 629 4755 t
677 4702 1033 4758 Bibliotheca.
1084 4721 1275 4775 geogr.
1328 4704 1702 4760 Palaestinae.

418 4771 613 4827 Berlin
646 4780 798 4831 1890.

1779 943 1878 999 sed
1913 960 2201 1016 quaenam
2235 944 2434 998 essent
2478 940 2752 1015 genuina,
2799 959 2919 1013 qua
2969 939 3057 997 vi-

1781 1031 1933 1088 xerit
1952 1034 2143 1089 aetate
2165 1033 2386 1098 auctor,
2409 1029 2583 1104 plane
2604 1028 2896 1087 incertum
2917 1031 3059 1086 erat.

1780 1121 2030 1177 Demum
2059 1124 2260 1177 nostra
2287 1120 2478 1177 aetate
2498 1118 2699 1178 Franc.
2722 1117 3057 1191 Diekanip

1777 1210 1842 1266 in
1889 1210 1926 1266 l.
1971 1209 2330 1284 Hyppolitos
2383 1226 2500 1265 von
2547 1207 2802 1264 Theben.
2877 1207 3058 1264 Texte

1774 1298 1900 1356 und
1951 1298 2504 1372 Untersuchungen,
2567 1297 2832 1354 Miinster
2889 1305 3053 1358 1898

1777 1387 2109 1445 incredibili
2143 1386 2460 1445 sedulitate
2497 1388 2559 1443 et
2591 1385 2911 1461 sagacitate
2945 1385 3054 1441 cri-

1776 1477 1891 1534 tica
1921 1496 1989 1535 ex
2022 1476 2354 1534 innumeris
2389 1475 2549 1532 codd.
2571 1491 2738 1535 mser.
2763 1475 3054 1548 quantum

1775 1564 1901 1623 fieri
1947 1566 2166 1639 potuit,
2217 1565 2383 1622 illius
2430 1563 2741 1621 chronicon
2787 1562 3055 1620 restituit

1774 1654 2097 1728 ediditque,
2154 1656 2215 1711 et
2264 1653 2515 1711 eruditis
2567 1650 3052 1709 annotationibus

1772 1744 2100 1802 illustravit
2132 1762 2199 1801 ex
2223 1741 2580 1816 antiquitate
2601 1760 2668 1798 ea
2688 1739 3050 1815 praesertim,

1772 1851 1924 1906 quae
1956 1832 2059 1891 ille
2091 1832 2268 1890 habet
2300 1831 2372 1890 de
2392 1831 2515 1888 vita
2535 1830 2749 1887 Christi
2771 1832 2834 1887 et
2853 1829 3050 1889 Maria.

1771 1922 1853 1979 De
1886 1926 2122 1980 auctore
2156 1940 2291 1979 vero
2325 1920 2385 1977 id
2419 1938 2606 1981 unum
2627 1918 2910 1993 expiscari
2944 1936 3050 1991 po-

1769 2012 1908 2077 tuit,
1943 2030 2079 2068 eum
2100 2010 2409 2085 scripsisse
2429 2009 2589 2066 inter
2608 2028 2655 2064 a.
2681 2018 2713 2067 6
2727 2017 2758 2068 5
2770 2022 2802 2067 0
2817 2039 2890 2049 —
2905 2016 2935 2068 7
2948 2017 2979 2068 5
2992 2018 3046 2076 0,

1769 2099 2135 2174 probabilius
2196 2098 2509 2174 posteriori
2575 2097 2756 2171 hujus
2819 2095 3048 2170 periodi

1770 2202 1956 2262 parte.
2022 2188 2387 2263 Hippolytus
2421 2203 2528 2244 suo
2562 2185 2853 2253 chronicO,
2889 2184 3047 2258 quod

1768 2297 1887 2336 non
1918 2281 2011 2337 est
2042 2278 2195 2336 tanti
2229 2277 2421 2351 pretii,
2472 2275 2709 2332 videtur
2741 2274 3048 2331 historiam

1770 2367 2024 2425 voluisse
2065 2366 2460 2425 universalem
2508 2364 2798 2426 exhibere.
2865 2362 3046 2437 Frag-

1767 2459 1965 2525 menta
2001 2458 2126 2530 jam
2172 2458 2345 2512 antea
2389 2454 2698 2512 ediderant
2729 2453 3049 2509 Gretser

1767 2544 2119 2621 Ingolstadii
2159 2553 2323 2607 1603
2360 2541 2424 2602 in
2458 2552 2527 2614 4;
2576 2542 2936 2601 Canisius
2983 2540 3047 2599 in

1765 2635 1900 2693 lect.
1942 2639 2063 2696 ant.
2095 2635 2182 2691 III
2227 2653 2282 2707 p.
2338 2644 2404 2702 13
2458 2633 2950 2692 Schelstrate
2982 2631 3045 2688 in

1764 2743 1855 2799 op.
1877 2725 2078 2797 Antiq.
2101 2724 2235 2784 eccl.
2257 2722 2585 2780 illustrat-ae
2606 2722 2820 2779 Romae
2849 2732 2920 2782 16
2934 2729 3040 2788 92;

1764 2813 2133 2870 Gallandi
2164 2812 2308 2869 bibl.
2341 2810 2384 2871 1.
2420 2810 2550 2868 XIV
2583 2812 2691 2867 etc.

1857 3022 2575 3100 3ss‹).Hagiog1-aphi
2617 3025 2760 3079 sunt
2793 3021 3039 3096 Stepha-

1763 3131 1879 3171 nus
1943 3113 2248 3171 Heddiu
2268 3131 2295 3170 s
2347 3107 2628 3193 (Eddius)
2680 3110 2745 3174 Ο,
2796 3111 2848 3168 S.
2901 3112 3041 3168 Ben.

1764 3202 2082 3261 monachus
2129 3205 2188 3260 et
2233 3201 2545 3277 presbyter
2590 3199 3040 3269 cantuariensiS,

1761 3293 1952 3350 Bedae
1987 3310 2174 3362 carus,
2229 3291 2334 3365 qui
2382 3290 2621 3364 scripsit
2653 3307 2826 3363 saepe
2859 3307 3038 3362 pane·

1761 3381 2025 3456 gyristae
2057 3380 2121 3437 in
2153 3381 2393 3437 modum
2427 3381 2598 3436 vitam
2629 3398 2674 3436 8.
2715 3379 2790 3434 W
2785 3378 2977 3451 ilfi-idi
2993 3371 3038 3456 ¹)

1762 3469 2183 3545 archiepiscopi
2233 3469 2598 3527 eboracensis
2648 3465 2722 3544 (†.
2778 3476 2873 3528 12.
2914 3466 3039 3523 Oct.

1767 3555 1935 3637 709),
1971 3559 2066 3615 eui
2081 3560 2208 3616 erat
2231 3557 2551 3626 familiaris,
2574 3556 2731 3632 apud
2755 3555 3037 3613 Mabillon

1760 3646 1823 3704 in
1859 3647 2023 3704 Actis
2060 3647 2155 3704 SS.
2191 3646 2270 3703 IV
2302 3668 2357 3723 p.
2393 3647 2416 3703 1
2452 3667 2585 3723 pag.
2623 3656 2736 3708 671
2782 3665 2856 3707 ss.
2905 3664 3041 3702 cum

1761 3737 2178 3812 supplemento
2209 3757 2266 3811 p.
2304 3745 2336 3798 2
2373 3756 2504 3811 pag.
2543 3747 2791 3798 55o.—
2824 3734 3036 3791 Felix

1762 3824 2222 3900 croylandensis
2241 3825 2363 3883 sive
2385 3824 2712 3881 Gerwensis
2736 3824 2798 3883 Ο.
2823 3823 2875 3881 S.
2899 3823 3039 3880 Ben.

1762 3912 2510 3988 scripsitadEthelbaldum
2522 3911 3038 3987 anglorumorien-

1760 4003 1970 4060 talium
2033 4020 2229 4077 regem
2291 3996 2696 4080 (720—749)
2772 4002 2944 4057 vitam
2990 4019 3034 4059 8.

1764 4091 2074 4149 Gunthlaci
2134 4091 2513 4148 anachoretae
2576 4090 2639 4146 in
2690 4087 3038 4162 Croylandia

1762 4176 1822 4260 (†
1859 4177 2026 4259 714),
2072 4198 2248 4253 quam
2295 4179 2472 4236 habes
2518 4178 2581 4234 in
2621 4179 2746 4235 Act.
2781 4176 2878 4234 SS.
2913 4176 3058 4249 Ma-⁴

1759 4270 1994 4328 billonii
2026 4270 2126 4338 III,
2167 4277 2289 4330 263
2325 4273 2384 4325 et
2417 4267 2481 4324 in
2501 4268 2628 4325 Act.
2651 4265 2748 4323 SS.
2777 4276 2870 4326 11.
2897 4266 3036 4339 Apr.

1762 4360 1833 4424 11,
1875 4368 1952 4420 :38
1978 4376 2206 4419 escum
2241 4355 2716 4414 Henschenii
2749 4355 3036 4412 notis,—

1841 4568 1874 4622 ¹5
1905 4565 2034 4618 Non
2075 4565 2212 4619 satis
2252 4580 2432 4630 acque
2473 4562 2542 4615 de
2569 4563 2676 4616 hac
2702 4562 2821 4614 vita
2848 4563 3041 4613 censet

1762 4636 1834 4688 M.
1861 4631 1924 4692 B.
1952 4637 2040 4691 W.
2070 4636 2141 4688 W
2159 4636 2304 4690 ells
2350 4635 2544 4688 Eddi's
2571 4633 2691 4686 Life
2721 4633 2784 4684 of
2803 4630 3041 4685 Wilfrid

1762 4707 1822 4757 iu
1872 4707 1990 4759 The
2038 4707 2275 4778 English
2325 4705 2632 4760 Historical
2659 4704 2870 4757 Revieu
2907 4709 3038 4760 1891

1762 4778 1808 4828 V
1822 4779 1856 4838 I,
1888 4775 2184 4832 535·-·5.*›I).
