<?xml version="1.0" encoding="UTF-8"?>
<!DOCTYPE html PUBLIC "-//W3C//DTD XHTML 1.0 Transitional//EN"
    "http://www.w3.org/TR/xhtml1/DTD/xhtml1-transitional.dtd">
<html xmlns="http://www.w3.org/1999/xhtml" xml:lang="en" lang="en">
 <head>
  <title>
</title>
<meta http-equiv="Content-Type" content="text/html;charset=utf-8" />
  <meta name='ocr-system' content='tesseract 3.04.00' />
  <meta name='ocr-capabilities' content='ocr_page ocr_carea ocr_par ocr_line ocrx_word'/>
</head>
<body>
  <div class='ocr_page' id='page_1' title='image "./nomenclatorlite09hurtgoog_0232.png"; bbox 0 0 3505 5161; ppageno 0'>
   <div class='ocr_carea' id='block_1_1' title="bbox 494 210 3124 1097">
    <p class='ocr_par' dir='ltr' id='par_1_1' title="bbox 494 210 3124 1097">
     <span class='ocr_line' id='line_1_1' title="bbox 504 210 3122 285; baseline -0.004 -15"><span class='ocrx_word' id='word_1_1' title='bbox 504 231 628 285; x_wconf 85' lang='lat'><strong>423</strong></span> <span class='ocrx_word' id='word_1_2' title='bbox 1160 218 1458 269; x_wconf 77' lang='lat'>431-500,</span> <span class='ocrx_word' id='word_1_3' title='bbox 1487 210 2099 283; x_wconf 75' lang='lat' dir='ltr'><strong>Hagiologi.&#39;Hilarius</strong></span> <span class='ocrx_word' id='word_1_4' title='bbox 2124 211 2276 275; x_wconf 64' lang='lat' dir='ltr'><strong>arel„</strong></span> <span class='ocrx_word' id='word_1_5' title='bbox 2308 210 2487 263; x_wconf 86' lang='lat' dir='ltr'><strong>Verus</strong></span> <span class='ocrx_word' id='word_1_6' title='bbox 2991 225 3122 279; x_wconf 77' lang='lat'><strong>424</strong></span> 
     </span>
     <span class='ocr_line' id='line_1_2' title="bbox 499 392 3124 478; baseline -0.003 -19"><span class='ocrx_word' id='word_1_7' title='bbox 499 398 648 459; x_wconf 87' lang='lat' dir='ltr'><strong>illuc</strong></span> <span class='ocrx_word' id='word_1_8' title='bbox 692 399 1033 469; x_wconf 80' lang='lat' dir='ltr'><strong>destinavit,</strong></span> <span class='ocrx_word' id='word_1_9' title='bbox 1093 417 1244 472; x_wconf 84' lang='lat' dir='ltr'><strong>quae</strong></span> <span class='ocrx_word' id='word_1_10' title='bbox 1295 399 1513 475; x_wconf 87' lang='lat' dir='ltr'><strong>legatio</strong></span> <span class='ocrx_word' id='word_1_11' title='bbox 1562 398 1780 457; x_wconf 84' lang='lat' dir='ltr'><strong>effectu</strong></span> <span class='ocrx_word' id='word_1_12' title='bbox 1838 395 2145 455; x_wconf 87' lang='lat' dir='ltr'><strong>Vincentio</strong></span> <span class='ocrx_word' id='word_1_13' title='bbox 2188 392 2311 478; x_wconf 92' lang='lat' dir='ltr'><strong>lir.)</strong></span> <span class='ocrx_word' id='word_1_14' title='bbox 2360 395 2573 454; x_wconf 84' lang='lat' dir='ltr'><strong>Romae</strong></span> <span class='ocrx_word' id='word_1_15' title='bbox 2619 404 2818 465; x_wconf 78' lang='lat'><strong>17313</strong></span> <span class='ocrx_word' id='word_1_16' title='bbox 2865 394 3124 470; x_wconf 83' lang='lat' dir='ltr'><strong>Migne</strong></span> 
     </span>
     <span class='ocr_line' id='line_1_3' title="bbox 499 478 3123 563; baseline -0.003 -15"><span class='ocrx_word' id='word_1_17' title='bbox 499 489 657 550; x_wconf 90' lang='lat' dir='ltr'><strong>haud</strong></span> <span class='ocrx_word' id='word_1_18' title='bbox 692 488 897 547; x_wconf 90' lang='lat' dir='ltr'><strong>caruit.</strong></span> <span class='ocrx_word' id='word_1_19' title='bbox 956 488 1227 547; x_wconf 88' lang='lat' dir='ltr'><strong>Ceterum</strong></span> <span class='ocrx_word' id='word_1_20' title='bbox 1258 487 1384 563; x_wconf 92' lang='lat' dir='ltr'><strong>ipse</strong></span> <span class='ocrx_word' id='word_1_21' title='bbox 1417 487 1684 547; x_wconf 88' lang='lat' dir='ltr'><strong>Hilarius</strong></span> <span class='ocrx_word' id='word_1_22' title='bbox 1716 486 1777 544; x_wconf 89' lang='lat' dir='ltr'><strong>in</strong></span> <span class='ocrx_word' id='word_1_23' title='bbox 1833 486 1896 557; x_wconf 90' lang='lat' dir='ltr'><strong>L,</strong></span> <span class='ocrx_word' id='word_1_24' title='bbox 1937 492 2369 548; x_wconf 80' lang='lat'>1213—1292</span> <span class='ocrx_word' id='word_1_25' title='bbox 2393 488 2501 544; x_wconf 89' lang='lat' dir='ltr'><strong>etc.</strong></span> <span class='ocrx_word' id='word_1_26' title='bbox 2550 484 2736 542; x_wconf 81' lang='lat' dir='ltr'><strong>Juxta</strong></span> <span class='ocrx_word' id='word_1_27' title='bbox 2753 486 3051 543; x_wconf 78' lang='lat' dir='ltr'><strong>auctorem</strong></span> <span class='ocrx_word' id='word_1_28' title='bbox 3069 478 3123 563; x_wconf 82' lang='lat'><strong>²)</strong></span> 
     </span>
     <span class='ocr_line' id='line_1_4' title="bbox 500 572 3119 655; baseline -0.002 -18"><span class='ocrx_word' id='word_1_29' title='bbox 500 597 545 637; x_wconf 83' lang='lat' dir='ltr'><strong>s.</strong></span> <span class='ocrx_word' id='word_1_30' title='bbox 579 577 988 655; x_wconf 85' lang='lat' dir='ltr'><strong>Augustinum</strong></span> <span class='ocrx_word' id='word_1_31' title='bbox 1034 576 1298 652; x_wconf 83' lang='lat' dir='ltr'><strong>alioquin</strong></span> <span class='ocrx_word' id='word_1_32' title='bbox 1331 577 1480 635; x_wconf 88' lang='lat' dir='ltr'><strong>bene</strong></span> <span class='ocrx_word' id='word_1_33' title='bbox 1510 575 1776 646; x_wconf 85' lang='lat' dir='ltr'><strong>affectus,</strong></span> <span class='ocrx_word' id='word_1_34' title='bbox 1834 574 1995 634; x_wconf 81' lang='lat' dir='ltr'><strong>vitae</strong></span> <span class='ocrx_word' id='word_1_35' title='bbox 2026 574 2218 650; x_wconf 88' lang='lat' dir='ltr'><strong>ipsius</strong></span> <span class='ocrx_word' id='word_1_36' title='bbox 2250 574 2445 633; x_wconf 86' lang='lat' dir='ltr'><strong>multa</strong></span> <span class='ocrx_word' id='word_1_37' title='bbox 2482 572 2749 648; x_wconf 86' lang='lat' dir='ltr'><strong>ejusdem</strong></span> <span class='ocrx_word' id='word_1_38' title='bbox 2778 572 2945 631; x_wconf 85' lang='lat' dir='ltr'><strong>fuere</strong></span> <span class='ocrx_word' id='word_1_39' title='bbox 2976 573 3119 631; x_wconf 90' lang='lat' dir='ltr'><strong>scri-</strong></span> 
     </span>
     <span class='ocr_line' id='line_1_5' title="bbox 498 657 3119 742; baseline -0.003 -16"><span class='ocrx_word' id='word_1_40' title='bbox 498 668 562 726; x_wconf 88' lang='lat' dir='ltr'><strong>in</strong></span> <span class='ocrx_word' id='word_1_41' title='bbox 612 665 1228 742; x_wconf 46' lang='lat' dir='ltr'><strong>semipelagianorum*</strong></span> <span class='ocrx_word' id='word_1_42' title='bbox 1281 665 1490 740; x_wconf 77' lang='lat' dir='ltr'><strong>quoad</strong></span> <span class='ocrx_word' id='word_1_43' title='bbox 1537 664 1778 724; x_wconf 85' lang='lat' dir='ltr'><strong>initium</strong></span> <span class='ocrx_word' id='word_1_44' title='bbox 1835 667 1960 738; x_wconf 89' lang='lat' dir='ltr'><strong>pta,</strong></span> <span class='ocrx_word' id='word_1_45' title='bbox 1995 681 2146 737; x_wconf 84' lang='lat' dir='ltr'><strong>qnae</strong></span> <span class='ocrx_word' id='word_1_46' title='bbox 2175 665 2376 721; x_wconf 87' lang='lat' dir='ltr'><strong>tamen</strong></span> <span class='ocrx_word' id='word_1_47' title='bbox 2407 657 2744 737; x_wconf 85' lang='lat' dir='ltr'><strong>temporum</strong></span> <span class='ocrx_word' id='word_1_48' title='bbox 2775 662 2999 738; x_wconf 88' lang='lat' dir='ltr'><strong>injuria</strong></span> <span class='ocrx_word' id='word_1_49' title='bbox 3026 661 3119 719; x_wconf 90' lang='lat' dir='ltr'><strong>in-</strong></span> 
     </span>
     <span class='ocr_line' id='line_1_6' title="bbox 494 746 3120 833; baseline -0.003 -18"><span class='ocrx_word' id='word_1_50' title='bbox 494 756 634 815; x_wconf 90' lang='lat' dir='ltr'><strong>fidei</strong></span> <span class='ocrx_word' id='word_1_51' title='bbox 666 773 923 814; x_wconf 90' lang='lat' dir='ltr'><strong>errorem</strong></span> <span class='ocrx_word' id='word_1_52' title='bbox 969 754 1136 813; x_wconf 85' lang='lat' dir='ltr'><strong>visus</strong></span> <span class='ocrx_word' id='word_1_53' title='bbox 1182 756 1275 813; x_wconf 91' lang='lat' dir='ltr'><strong>est</strong></span> <span class='ocrx_word' id='word_1_54' title='bbox 1319 753 1680 830; x_wconf 89' lang='lat' dir='ltr'><strong>propendere</strong></span> <span class='ocrx_word' id='word_1_55' title='bbox 1698 749 1777 833; x_wconf 88' lang='lat'><strong>¹):</strong></span> <span class='ocrx_word' id='word_1_56' title='bbox 1835 752 2210 812; x_wconf 88' lang='lat' dir='ltr'><strong>terciderunt</strong></span> <span class='ocrx_word' id='word_1_57' title='bbox 2242 749 2316 832; x_wconf 91' lang='lat' dir='ltr'><strong>(c.</strong></span> <span class='ocrx_word' id='word_1_58' title='bbox 2356 746 2495 833; x_wconf 81' lang='lat' dir='ltr'><strong>ll):</strong></span> <span class='ocrx_word' id='word_1_59' title='bbox 2544 748 2881 819; x_wconf 78' lang='lat' dir='ltr'><strong>,Homiliue</strong></span> <span class='ocrx_word' id='word_1_60' title='bbox 2924 751 2989 808; x_wconf 89' lang='lat' dir='ltr'><strong>in</strong></span> <span class='ocrx_word' id='word_1_61' title='bbox 3024 754 3120 808; x_wconf 89' lang='lat' dir='ltr'><strong>to·</strong></span> 
     </span>
     <span class='ocr_line' id='line_1_7' title="bbox 498 833 3122 922; baseline -0.002 -19"><span class='ocrx_word' id='word_1_62' title='bbox 498 843 879 922; x_wconf 90' lang='lat' dir='ltr'><strong>quamobrem</strong></span> <span class='ocrx_word' id='word_1_63' title='bbox 916 861 961 901; x_wconf 90' lang='lat' dir='ltr'><strong>s.</strong></span> <span class='ocrx_word' id='word_1_64' title='bbox 993 844 1133 902; x_wconf 87' lang='lat' dir='ltr'><strong>Pro</strong></span> <span class='ocrx_word' id='word_1_65' title='bbox 1151 861 1178 900; x_wconf 80' lang='lat' dir='ltr'><strong>s</strong></span> <span class='ocrx_word' id='word_1_66' title='bbox 1195 862 1233 919; x_wconf 92' lang='lat' dir='ltr'>p</span> <span class='ocrx_word' id='word_1_67' title='bbox 1250 861 1328 901; x_wconf 87' lang='lat' dir='ltr'><strong>er</strong></span> <span class='ocrx_word' id='word_1_68' title='bbox 1360 862 1405 902; x_wconf 93' lang='lat' dir='ltr'><strong>s.</strong></span> <span class='ocrx_word' id='word_1_69' title='bbox 1437 842 1778 919; x_wconf 81' lang='lat' dir='ltr'><strong>Augustino</strong></span> <span class='ocrx_word' id='word_1_70' title='bbox 1834 841 1959 901; x_wconf 88' lang='lat' dir='ltr'><strong>tius</strong></span> <span class='ocrx_word' id='word_1_71' title='bbox 1992 841 2132 900; x_wconf 89' lang='lat' dir='ltr'><strong>anni</strong></span> <span class='ocrx_word' id='word_1_72' title='bbox 2153 839 2589 900; x_wconf 72' lang='lat' dir='ltr'><strong>festivitatibus</strong></span> <span class='ocrx_word' id='word_1_73' title='bbox 2610 839 2915 916; x_wconf 85' lang='lat' dir='ltr'><strong>expeditae</strong></span> <span class='ocrx_word' id='word_1_74' title='bbox 2949 833 3122 921; x_wconf 89' lang='lat' dir='ltr'><strong>(qua-</strong></span> 
     </span>
     <span class='ocr_line' id='line_1_8' title="bbox 500 923 3120 1014; baseline -0.002 -23"><span class='ocrx_word' id='word_1_75' title='bbox 500 932 686 1013; x_wconf 86' lang='lat' dir='ltr'><strong>(inter</strong></span> <span class='ocrx_word' id='word_1_76' title='bbox 734 933 915 1007; x_wconf 81' lang='lat' dir='ltr'><strong>hujus</strong></span> <span class='ocrx_word' id='word_1_77' title='bbox 978 951 1067 1009; x_wconf 90' lang='lat' dir='ltr'><strong>ep.</strong></span> <span class='ocrx_word' id='word_1_78' title='bbox 1123 923 1245 1010; x_wconf 58' lang='lat'>2⁸25</span> <span class='ocrx_word' id='word_1_79' title='bbox 1304 952 1362 991; x_wconf 91' lang='grc' dir='ltr'><strong>ιι.</strong></span> <span class='ocrx_word' id='word_1_80' title='bbox 1416 926 1482 1014; x_wconf 83' lang='grc'><strong>9)</strong></span> <span class='ocrx_word' id='word_1_81' title='bbox 1536 931 1777 991; x_wconf 88' lang='lat' dir='ltr'><strong>scribit:</strong></span> <span class='ocrx_word' id='word_1_82' title='bbox 1834 949 1971 989; x_wconf 89' lang='lat' dir='ltr'><strong>rum</strong></span> <span class='ocrx_word' id='word_1_83' title='bbox 2003 929 2157 989; x_wconf 86' lang='lat' dir='ltr'><strong>forte</strong></span> <span class='ocrx_word' id='word_1_84' title='bbox 2191 930 2393 1006; x_wconf 87' lang='lat' dir='ltr'><strong>plures</strong></span> <span class='ocrx_word' id='word_1_85' title='bbox 2434 929 2627 987; x_wconf 91' lang='lat' dir='ltr'><strong>latent</strong></span> <span class='ocrx_word' id='word_1_86' title='bbox 2673 929 2834 987; x_wconf 88' lang='lat' dir='ltr'><strong>inter</strong></span> <span class='ocrx_word' id='word_1_87' title='bbox 2876 930 2972 986; x_wconf 92' lang='lat' dir='ltr'><strong>tot</strong></span> <span class='ocrx_word' id='word_1_88' title='bbox 3015 929 3120 988; x_wconf 90' lang='lat' dir='ltr'><strong>ho·</strong></span> 
     </span>
     <span class='ocr_line' id='line_1_9' title="bbox 500 1016 3119 1097; baseline -0.003 -16"><span class='ocrx_word' id='word_1_89' title='bbox 500 1022 738 1092; x_wconf 74' lang='lat' dir='ltr'><strong>„Unum</strong></span> <span class='ocrx_word' id='word_1_90' title='bbox 770 1039 978 1080; x_wconf 88' lang='lat' dir='ltr'><strong>eorum</strong></span> <span class='ocrx_word' id='word_1_91' title='bbox 1022 1021 1371 1097; x_wconf 87' lang='lat' dir='ltr'><strong>praecipuae</strong></span> <span class='ocrx_word' id='word_1_92' title='bbox 1400 1020 1779 1080; x_wconf 79' lang='lat' dir='ltr'><strong>auctoritatis</strong></span> <span class='ocrx_word' id='word_1_93' title='bbox 1835 1019 2031 1077; x_wconf 84' lang='lat' dir='ltr'><strong>milias</strong></span> <span class='ocrx_word' id='word_1_94' title='bbox 2082 1017 2340 1077; x_wconf 88' lang='lat' dir='ltr'><strong>Eusebio</strong></span> <span class='ocrx_word' id='word_1_95' title='bbox 2388 1018 2677 1077; x_wconf 86' lang='lat' dir='ltr'><strong>Emeseno</strong></span> <span class='ocrx_word' id='word_1_96' title='bbox 2737 1016 3119 1093; x_wconf 86' lang='lat' dir='ltr'><strong>suppositas),</strong></span> 
     </span>
    </p>
   </div>
   <div class='ocr_carea' id='block_1_2' title="bbox 498 1106 3121 1188">
    <p class='ocr_par' dir='ltr' id='par_1_2' title="bbox 498 1106 3121 1188">
     <span class='ocr_line' id='line_1_10' title="bbox 498 1106 3121 1188; baseline -0.002 -18"><span class='ocrx_word' id='word_1_97' title='bbox 498 1114 558 1170; x_wconf 84' lang='lat' dir='ltr'><strong>et</strong></span> <span class='ocrx_word' id='word_1_98' title='bbox 581 1109 987 1188; x_wconf 80' lang='lat' dir='ltr'><strong>spiritualium</strong></span> <span class='ocrx_word' id='word_1_99' title='bbox 1009 1110 1346 1170; x_wconf 88' lang='lat' dir='ltr'><strong>studiorum</strong></span> <span class='ocrx_word' id='word_1_100' title='bbox 1364 1109 1580 1181; x_wconf 83' lang='lat' dir='ltr'><strong>virum,</strong></span> <span class='ocrx_word' id='word_1_101' title='bbox 1603 1128 1647 1169; x_wconf 90' lang='lat' dir='ltr'><strong>s.</strong></span> <span class='ocrx_word' id='word_1_102' title='bbox 1669 1109 1776 1168; x_wconf 88' lang='lat' dir='ltr'><strong>Hi·</strong></span> <span class='ocrx_word' id='word_1_103' title='bbox 1833 1108 2072 1182; x_wconf 84' lang='lat' dir='ltr'><strong>symboli</strong></span> <span class='ocrx_word' id='word_1_104' title='bbox 2089 1109 2371 1183; x_wconf 75' lang='lat' dir='ltr'><strong>expositio</strong></span> <span class='ocrx_word' id='word_1_105' title='bbox 2392 1106 2722 1177; x_wconf 85' lang='lat' dir='ltr'><strong>ambienda,</strong></span> <span class='ocrx_word' id='word_1_106' title='bbox 2745 1107 3121 1181; x_wconf 77' lang='lat' dir='ltr'><strong>epistolarum</strong></span> 
     </span>
    </p>
   </div>
   <div class='ocr_carea' id='block_1_3' title="bbox 491 1198 1776 2882">
    <p class='ocr_par' dir='ltr' id='par_1_3' title="bbox 491 1198 1776 2882">
     <span class='ocr_line' id='line_1_11' title="bbox 496 1198 1776 1275; baseline -0.002 -16"><span class='ocrx_word' id='word_1_107' title='bbox 496 1201 715 1259; x_wconf 87' lang='lat' dir='ltr'><strong>larium</strong></span> <span class='ocrx_word' id='word_1_108' title='bbox 764 1200 1155 1258; x_wconf 80' lang='lat' dir='ltr'><strong>arelatensem</strong></span> <span class='ocrx_word' id='word_1_109' title='bbox 1206 1199 1565 1275; x_wconf 89' lang='lat' dir='ltr'><strong>episcopum,</strong></span> <span class='ocrx_word' id='word_1_110' title='bbox 1631 1198 1776 1257; x_wconf 87' lang='lat' dir='ltr'><strong>sciat</strong></span> 
     </span>
     <span class='ocr_line' id='line_1_12' title="bbox 497 1287 1775 1348; baseline -0.002 0"><span class='ocrx_word' id='word_1_111' title='bbox 497 1289 805 1348; x_wconf 86' lang='lat' dir='ltr'><strong>beatitudo</strong></span> <span class='ocrx_word' id='word_1_112' title='bbox 837 1290 944 1347; x_wconf 87' lang='lat' dir='ltr'><strong>tua</strong></span> <span class='ocrx_word' id='word_1_113' title='bbox 962 1287 1378 1347; x_wconf 85' lang='lat' dir='ltr'><strong>admiratorem</strong></span> <span class='ocrx_word' id='word_1_114' title='bbox 1399 1290 1775 1346; x_wconf 79' lang='lat' dir='ltr'><strong>sectatorem-</strong></span> 
     </span>
     <span class='ocr_line' id='line_1_13' title="bbox 497 1376 1774 1453; baseline -0.002 -16"><span class='ocrx_word' id='word_1_115' title='bbox 497 1397 613 1453; x_wconf 89' lang='lat' dir='ltr'><strong>que</strong></span> <span class='ocrx_word' id='word_1_116' title='bbox 644 1379 710 1437; x_wconf 90' lang='lat' dir='ltr'><strong>in</strong></span> <span class='ocrx_word' id='word_1_117' title='bbox 748 1376 884 1435; x_wconf 91' lang='lat' dir='ltr'><strong>aliis</strong></span> <span class='ocrx_word' id='word_1_118' title='bbox 917 1377 1192 1435; x_wconf 90' lang='lat' dir='ltr'><strong>omnibus</strong></span> <span class='ocrx_word' id='word_1_119' title='bbox 1224 1379 1363 1435; x_wconf 88' lang='lat' dir='ltr'><strong>tuae</strong></span> <span class='ocrx_word' id='word_1_120' title='bbox 1393 1394 1523 1435; x_wconf 89' lang='lat' dir='ltr'><strong>esse</strong></span> <span class='ocrx_word' id='word_1_121' title='bbox 1557 1376 1774 1435; x_wconf 86' lang='lat' dir='ltr'><strong>doctri·</strong></span> 
     </span>
     <span class='ocr_line' id='line_1_14' title="bbox 496 1465 1776 1541; baseline -0.001 -15"><span class='ocrx_word' id='word_1_122' title='bbox 496 1476 664 1531; x_wconf 81' lang='lat' dir='ltr'><strong>nae.‘</strong></span> <span class='ocrx_word' id='word_1_123' title='bbox 713 1468 784 1526; x_wconf 94' lang='lat' dir='ltr'><strong>In</strong></span> <span class='ocrx_word' id='word_1_124' title='bbox 816 1465 1214 1524; x_wconf 87' lang='lat' dir='ltr'><strong>controversia</strong></span> <span class='ocrx_word' id='word_1_125' title='bbox 1244 1466 1317 1524; x_wconf 90' lang='lat' dir='ltr'><strong>de</strong></span> <span class='ocrx_word' id='word_1_126' title='bbox 1340 1465 1582 1541; x_wconf 82' lang='lat' dir='ltr'><strong>juribus</strong></span> <span class='ocrx_word' id='word_1_127' title='bbox 1617 1465 1776 1525; x_wconf 88' lang='lat' dir='ltr'><strong>sedis</strong></span> 
     </span>
     <span class='ocr_line' id='line_1_15' title="bbox 494 1551 1776 1635; baseline -0.002 -20"><span class='ocrx_word' id='word_1_128' title='bbox 494 1555 840 1615; x_wconf 87' lang='lat' dir='ltr'><strong>arelatensis</strong></span> <span class='ocrx_word' id='word_1_129' title='bbox 852 1551 902 1635; x_wconf 57' lang='grc' dir='ltr'><strong>Β)</strong></span> <span class='ocrx_word' id='word_1_130' title='bbox 951 1573 1086 1614; x_wconf 90' lang='lat' dir='ltr'><strong>cum</strong></span> <span class='ocrx_word' id='word_1_131' title='bbox 1131 1572 1175 1613; x_wconf 78' lang='grc' dir='ltr'><strong>Β.</strong></span> <span class='ocrx_word' id='word_1_132' title='bbox 1213 1556 1404 1613; x_wconf 85' lang='lat' dir='ltr'><strong>Leone</strong></span> <span class='ocrx_word' id='word_1_133' title='bbox 1436 1554 1610 1631; x_wconf 88' lang='lat' dir='ltr'><strong>initio</strong></span> <span class='ocrx_word' id='word_1_134' title='bbox 1643 1555 1776 1630; x_wconf 90' lang='lat' dir='ltr'><strong>qui-</strong></span> 
     </span>
     <span class='ocr_line' id='line_1_16' title="bbox 496 1643 1774 1720; baseline -0.001 -18"><span class='ocrx_word' id='word_1_135' title='bbox 496 1646 628 1705; x_wconf 91' lang='lat' dir='ltr'><strong>dem</strong></span> <span class='ocrx_word' id='word_1_136' title='bbox 646 1663 768 1704; x_wconf 90' lang='lat' dir='ltr'><strong>non</strong></span> <span class='ocrx_word' id='word_1_137' title='bbox 789 1644 933 1703; x_wconf 90' lang='lat' dir='ltr'><strong>satis</strong></span> <span class='ocrx_word' id='word_1_138' title='bbox 953 1644 1103 1702; x_wconf 90' lang='lat' dir='ltr'><strong>bene</strong></span> <span class='ocrx_word' id='word_1_139' title='bbox 1136 1661 1198 1701; x_wconf 88' lang='lat' dir='ltr'><strong>se</strong></span> <span class='ocrx_word' id='word_1_140' title='bbox 1228 1644 1434 1720; x_wconf 85' lang='lat' dir='ltr'><strong>gessit,</strong></span> <span class='ocrx_word' id='word_1_141' title='bbox 1467 1643 1627 1702; x_wconf 90' lang='lat' dir='ltr'><strong>unde</strong></span> <span class='ocrx_word' id='word_1_142' title='bbox 1653 1644 1774 1719; x_wconf 84' lang='lat' dir='ltr'><strong>pri-</strong></span> 
     </span>
     <span class='ocr_line' id='line_1_17' title="bbox 494 1731 1774 1809; baseline -0.002 -16"><span class='ocrx_word' id='word_1_143' title='bbox 494 1738 671 1793; x_wconf 76' lang='lat' dir='ltr'><strong>vatus</strong></span> <span class='ocrx_word' id='word_1_144' title='bbox 704 1737 797 1793; x_wconf 90' lang='lat' dir='ltr'><strong>est</strong></span> <span class='ocrx_word' id='word_1_145' title='bbox 828 1754 862 1792; x_wconf 89' lang='lat' dir='ltr'><strong>a</strong></span> <span class='ocrx_word' id='word_1_146' title='bbox 893 1751 1125 1791; x_wconf 87' lang='lat' dir='ltr'><strong>summo</strong></span> <span class='ocrx_word' id='word_1_147' title='bbox 1145 1732 1420 1809; x_wconf 88' lang='lat' dir='ltr'><strong>pontifice</strong></span> <span class='ocrx_word' id='word_1_148' title='bbox 1442 1731 1774 1809; x_wconf 76' lang='lat' dir='ltr'><strong>privilegiis</strong></span> 
     </span>
     <span class='ocr_line' id='line_1_18' title="bbox 494 1821 1774 1897; baseline -0.003 -15"><span class='ocrx_word' id='word_1_149' title='bbox 494 1836 634 1882; x_wconf 89' lang='lat' dir='ltr'><strong>suae</strong></span> <span class='ocrx_word' id='word_1_150' title='bbox 665 1822 790 1882; x_wconf 91' lang='lat' dir='ltr'><strong>sedi</strong></span> <span class='ocrx_word' id='word_1_151' title='bbox 821 1821 1081 1892; x_wconf 76' lang='lat' dir='ltr'><strong>adnexiS,</strong></span> <span class='ocrx_word' id='word_1_152' title='bbox 1115 1821 1236 1879; x_wconf 92' lang='lat' dir='ltr'><strong>imo</strong></span> <span class='ocrx_word' id='word_1_153' title='bbox 1258 1823 1395 1896; x_wconf 74' lang='lat' dir='ltr'><strong>Jure</strong></span> <span class='ocrx_word' id='word_1_154' title='bbox 1425 1821 1774 1897; x_wconf 90' lang='lat' dir='ltr'><strong>metropoli-</strong></span> 
     </span>
     <span class='ocr_line' id='line_1_19' title="bbox 496 1910 1774 1986; baseline -0.002 -16"><span class='ocrx_word' id='word_1_155' title='bbox 496 1913 626 1971; x_wconf 79' lang='lat' dir='ltr'><strong>tico,</strong></span> <span class='ocrx_word' id='word_1_156' title='bbox 692 1911 915 1970; x_wconf 91' lang='lat' dir='ltr'><strong>Verum</strong></span> <span class='ocrx_word' id='word_1_157' title='bbox 962 1928 1024 1969; x_wconf 87' lang='lat' dir='ltr'><strong>se</strong></span> <span class='ocrx_word' id='word_1_158' title='bbox 1056 1910 1313 1986; x_wconf 86' lang='lat' dir='ltr'><strong>subjecit</strong></span> <span class='ocrx_word' id='word_1_159' title='bbox 1343 1912 1403 1968; x_wconf 90' lang='lat' dir='ltr'><strong>et</strong></span> <span class='ocrx_word' id='word_1_160' title='bbox 1433 1910 1505 1968; x_wconf 88' lang='lat' dir='ltr'><strong>ad</strong></span> <span class='ocrx_word' id='word_1_161' title='bbox 1539 1910 1774 1985; x_wconf 90' lang='lat' dir='ltr'><strong>placan-</strong></span> 
     </span>
     <span class='ocr_line' id='line_1_20' title="bbox 495 1999 1773 2075; baseline -0.002 -15"><span class='ocrx_word' id='word_1_162' title='bbox 495 2001 639 2060; x_wconf 89' lang='lat' dir='ltr'><strong>dum</strong></span> <span class='ocrx_word' id='word_1_163' title='bbox 672 2019 717 2060; x_wconf 92' lang='lat' dir='ltr'><strong>s.</strong></span> <span class='ocrx_word' id='word_1_164' title='bbox 750 2000 964 2059; x_wconf 87' lang='lat' dir='ltr'><strong>Leonis</strong></span> <span class='ocrx_word' id='word_1_165' title='bbox 997 1999 1264 2057; x_wconf 87' lang='lat' dir='ltr'><strong>animum</strong></span> <span class='ocrx_word' id='word_1_166' title='bbox 1283 2000 1510 2075; x_wconf 84' lang='lat' dir='ltr'><strong>legatos</strong></span> <span class='ocrx_word' id='word_1_167' title='bbox 1531 1999 1773 2058; x_wconf 84' lang='lat' dir='ltr'><strong>Romam</strong></span> 
     </span>
     <span class='ocr_line' id='line_1_21' title="bbox 495 2088 1773 2158; baseline -0.002 -10"><span class='ocrx_word' id='word_1_168' title='bbox 495 2090 679 2148; x_wconf 88' lang='lat' dir='ltr'><strong>misit.</strong></span> <span class='ocrx_word' id='word_1_169' title='bbox 744 2088 1192 2158; x_wconf 86' lang='lat' dir='ltr'><strong>Praedicationi‚</strong></span> <span class='ocrx_word' id='word_1_170' title='bbox 1225 2088 1477 2147; x_wconf 90' lang='lat' dir='ltr'><strong>orationi</strong></span> <span class='ocrx_word' id='word_1_171' title='bbox 1510 2089 1773 2147; x_wconf 87' lang='lat' dir='ltr'><strong>muneri-</strong></span> 
     </span>
     <span class='ocr_line' id='line_1_22' title="bbox 494 2176 1775 2253; baseline -0.002 -17"><span class='ocrx_word' id='word_1_172' title='bbox 494 2177 728 2253; x_wconf 89' lang='lat' dir='ltr'><strong>busque</strong></span> <span class='ocrx_word' id='word_1_173' title='bbox 760 2176 1160 2253; x_wconf 82' lang='lat' dir='ltr'><strong>pastoralibus</strong></span> <span class='ocrx_word' id='word_1_174' title='bbox 1200 2176 1487 2235; x_wconf 78' lang='lat' dir='ltr'><strong>insistens</strong></span> <span class='ocrx_word' id='word_1_175' title='bbox 1521 2176 1775 2236; x_wconf 76' lang='lat' dir='ltr'><strong>decessit</strong></span> 
     </span>
     <span class='ocr_line' id='line_1_23' title="bbox 501 2265 1776 2342; baseline 0 -13"><span class='ocrx_word' id='word_1_176' title='bbox 501 2278 554 2329; x_wconf 91' lang='lat'><strong>5.</strong></span> <span class='ocrx_word' id='word_1_177' title='bbox 586 2268 699 2342; x_wconf 85' lang='lat' dir='ltr'><strong>Maj</strong></span> <span class='ocrx_word' id='word_1_178' title='bbox 735 2286 769 2324; x_wconf 88' lang='lat' dir='ltr'><strong>a</strong></span> <span class='ocrx_word' id='word_1_179' title='bbox 803 2276 959 2335; x_wconf 81' lang='lat'>449;</span> <span class='ocrx_word' id='word_1_180' title='bbox 986 2265 1161 2341; x_wconf 84' lang='lat' dir='ltr'><strong>juxta</strong></span> <span class='ocrx_word' id='word_1_181' title='bbox 1191 2266 1338 2324; x_wconf 90' lang='lat' dir='ltr'><strong>alios</strong></span> <span class='ocrx_word' id='word_1_182' title='bbox 1368 2265 1532 2325; x_wconf 87' lang='lat' dir='ltr'><strong>intra</strong></span> <span class='ocrx_word' id='word_1_183' title='bbox 1558 2275 1776 2329; x_wconf 84' lang='lat'>450—</span> 
     </span>
     <span class='ocr_line' id='line_1_24' title="bbox 498 2354 1775 2431; baseline -0.004 -14"><span class='ocrx_word' id='word_1_184' title='bbox 498 2365 576 2419; x_wconf 81' lang='lat'><strong>45</strong></span> <span class='ocrx_word' id='word_1_185' title='bbox 588 2366 643 2418; x_wconf 85' lang='grc'><strong>9.</strong></span> <span class='ocrx_word' id='word_1_186' title='bbox 709 2354 959 2431; x_wconf 85' lang='lat' dir='ltr'><strong>Scripsit</strong></span> <span class='ocrx_word' id='word_1_187' title='bbox 1004 2354 1174 2412; x_wconf 83' lang='lat' dir='ltr'><strong>suavi</strong></span> <span class='ocrx_word' id='word_1_188' title='bbox 1218 2357 1280 2413; x_wconf 93' lang='lat' dir='ltr'><strong>et</strong></span> <span class='ocrx_word' id='word_1_189' title='bbox 1323 2354 1620 2430; x_wconf 88' lang='lat' dir='ltr'><strong>praeclaro</strong></span> <span class='ocrx_word' id='word_1_190' title='bbox 1651 2355 1775 2413; x_wconf 92' lang='lat' dir='ltr'><strong>elo-</strong></span> 
     </span>
     <span class='ocr_line' id='line_1_25' title="bbox 494 2444 1772 2520; baseline -0.002 -17"><span class='ocrx_word' id='word_1_191' title='bbox 494 2444 637 2520; x_wconf 90' lang='lat' dir='ltr'><strong>quio</strong></span> <span class='ocrx_word' id='word_1_192' title='bbox 669 2446 847 2503; x_wconf 80' lang='lat' dir='ltr'><strong>vitam</strong></span> <span class='ocrx_word' id='word_1_193' title='bbox 877 2464 920 2504; x_wconf 84' lang='lat' dir='ltr'><strong>s.</strong></span> <span class='ocrx_word' id='word_1_194' title='bbox 944 2444 1252 2519; x_wconf 79' lang='lat' dir='ltr'><strong>Honorati,</strong></span> <span class='ocrx_word' id='word_1_195' title='bbox 1289 2462 1441 2519; x_wconf 87' lang='lat' dir='ltr'><strong>quae</strong></span> <span class='ocrx_word' id='word_1_196' title='bbox 1465 2445 1560 2502; x_wconf 85' lang='lat' dir='ltr'><strong>est</strong></span> <span class='ocrx_word' id='word_1_197' title='bbox 1579 2461 1772 2502; x_wconf 90' lang='lat' dir='ltr'><strong>sermo</strong></span> 
     </span>
     <span class='ocr_line' id='line_1_26' title="bbox 492 2531 1772 2610; baseline -0.002 -17"><span class='ocrx_word' id='word_1_198' title='bbox 492 2533 906 2610; x_wconf 86' lang='lat' dir='ltr'><strong>panegyricus,</strong></span> <span class='ocrx_word' id='word_1_199' title='bbox 949 2551 1108 2593; x_wconf 90' lang='lat' dir='ltr'><strong>unus</strong></span> <span class='ocrx_word' id='word_1_200' title='bbox 1141 2551 1209 2592; x_wconf 85' lang='lat' dir='ltr'><strong>ex</strong></span> <span class='ocrx_word' id='word_1_201' title='bbox 1241 2531 1772 2609; x_wconf 88' lang='lat' dir='ltr'><strong>praestantissimis</strong></span> 
     </span>
     <span class='ocr_line' id='line_1_27' title="bbox 496 2621 1771 2698; baseline -0.002 -16"><span class='ocrx_word' id='word_1_202' title='bbox 496 2623 683 2682; x_wconf 88' lang='lat' dir='ltr'><strong>totius</strong></span> <span class='ocrx_word' id='word_1_203' title='bbox 715 2622 1128 2698; x_wconf 84' lang='lat' dir='ltr'><strong>antiquitatis;</strong></span> <span class='ocrx_word' id='word_1_204' title='bbox 1169 2623 1505 2681; x_wconf 87' lang='lat' dir='ltr'><strong>Sermonem</strong></span> <span class='ocrx_word' id='word_1_205' title='bbox 1552 2621 1621 2680; x_wconf 80' lang='lat' dir='ltr'><strong>de</strong></span> <span class='ocrx_word' id='word_1_206' title='bbox 1664 2623 1771 2681; x_wconf 79' lang='lat' dir='ltr'><strong>mi-</strong></span> 
     </span>
     <span class='ocr_line' id='line_1_28' title="bbox 491 2711 1772 2787; baseline -0.002 -17"><span class='ocrx_word' id='word_1_207' title='bbox 491 2713 692 2771; x_wconf 80' lang='lat' dir='ltr'><strong>raculo</strong></span> <span class='ocrx_word' id='word_1_208' title='bbox 735 2731 780 2773; x_wconf 80' lang='lat' dir='ltr'><strong>s,</strong></span> <span class='ocrx_word' id='word_1_209' title='bbox 824 2712 1053 2770; x_wconf 81' lang='lat' dir='ltr'><strong>Genesii</strong></span> <span class='ocrx_word' id='word_1_210' title='bbox 1096 2711 1378 2787; x_wconf 89' lang='lat' dir='ltr'><strong>martyris</strong></span> <span class='ocrx_word' id='word_1_211' title='bbox 1424 2711 1772 2770; x_wconf 88' lang='lat' dir='ltr'><strong>arelatensis</strong></span> 
     </span>
     <span class='ocr_line' id='line_1_29' title="bbox 492 2794 1772 2882; baseline -0.002 -22"><span class='ocrx_word' id='word_1_212' title='bbox 492 2804 601 2863; x_wconf 88' lang='lat' dir='ltr'><strong>etc.</strong></span> <span class='ocrx_word' id='word_1_213' title='bbox 641 2801 787 2877; x_wconf 87' lang='lat' dir='ltr'><strong>Ejus</strong></span> <span class='ocrx_word' id='word_1_214' title='bbox 808 2802 1030 2877; x_wconf 89' lang='lat' dir='ltr'><strong>scripta</strong></span> <span class='ocrx_word' id='word_1_215' title='bbox 1049 2800 1238 2858; x_wconf 86' lang='lat' dir='ltr'><strong>edidit</strong></span> <span class='ocrx_word' id='word_1_216' title='bbox 1270 2802 1306 2860; x_wconf 87' lang='lat' dir='ltr'>S</span> <span class='ocrx_word' id='word_1_217' title='bbox 1323 2800 1576 2859; x_wconf 81' lang='lat' dir='ltr'><strong>alinas</strong></span> <span class='ocrx_word' id='word_1_218' title='bbox 1610 2794 1772 2882; x_wconf 90' lang='lat' dir='ltr'><strong>(cum</strong></span> 
     </span>
    </p>
   </div>
   <div class='ocr_carea' id='block_1_4' title="bbox 486 2985 1778 4822">
    <p class='ocr_par' dir='ltr' id='par_1_4' title="bbox 486 2985 1776 3770">
     <span class='ocr_line' id='line_1_30' title="bbox 491 2985 1773 3060; baseline -0.002 -18"><span class='ocrx_word' id='word_1_219' title='bbox 491 2989 720 3059; x_wconf 84' lang='lat' dir='ltr'><strong>gustod.</strong></span> <span class='ocrx_word' id='word_1_220' title='bbox 748 2991 1071 3060; x_wconf 80' lang='lat'>(451—475)</span> <span class='ocrx_word' id='word_1_221' title='bbox 1093 2985 1320 3041; x_wconf 89' lang='lat' dir='ltr'><strong>nomine</strong></span> <span class='ocrx_word' id='word_1_222' title='bbox 1341 2988 1473 3056; x_wconf 84' lang='lat' dir='ltr'><strong>post</strong></span> <span class='ocrx_word' id='word_1_223' title='bbox 1491 3003 1541 3040; x_wconf 85' lang='lat' dir='ltr'><strong>a.</strong></span> <span class='ocrx_word' id='word_1_224' title='bbox 1563 2994 1668 3043; x_wconf 82' lang='lat'><strong>443</strong></span> <span class='ocrx_word' id='word_1_225' title='bbox 1685 3004 1773 3057; x_wconf 90' lang='lat' dir='ltr'><strong>ep.</strong></span> 
     </span>
     <span class='ocr_line' id='line_1_31' title="bbox 490 3058 1773 3129; baseline -0.001 -16"><span class='ocrx_word' id='word_1_226' title='bbox 490 3061 564 3114; x_wconf 86' lang='lat' dir='ltr'><strong>ad</strong></span> <span class='ocrx_word' id='word_1_227' title='bbox 591 3060 882 3114; x_wconf 86' lang='lat' dir='ltr'><strong>Talasium</strong></span> <span class='ocrx_word' id='word_1_228' title='bbox 923 3058 1094 3129; x_wconf 80' lang='lat' dir='ltr'><strong>episc.</strong></span> <span class='ocrx_word' id='word_1_229' title='bbox 1119 3059 1574 3128; x_wconf 77' lang='lat' dir='ltr'><strong>andegavensem</strong></span> <span class='ocrx_word' id='word_1_230' title='bbox 1612 3063 1677 3112; x_wconf 86' lang='lat' dir='ltr'><strong>de</strong></span> <span class='ocrx_word' id='word_1_231' title='bbox 1701 3063 1773 3112; x_wconf 79' lang='lat' dir='ltr'><strong>vi·</strong></span> 
     </span>
     <span class='ocr_line' id='line_1_32' title="bbox 486 3129 1774 3200; baseline -0.003 -14"><span class='ocrx_word' id='word_1_232' title='bbox 486 3136 632 3200; x_wconf 74' lang='lat' dir='ltr'><strong>yiliis</strong></span> <span class='ocrx_word' id='word_1_233' title='bbox 657 3134 865 3186; x_wconf 53' lang='lat' dir='ltr'><strong>Natalis</strong></span> <span class='ocrx_word' id='word_1_234' title='bbox 895 3134 1113 3185; x_wconf 81' lang='lat' dir='ltr'><strong>Domini</strong></span> <span class='ocrx_word' id='word_1_235' title='bbox 1136 3139 1184 3184; x_wconf 79' lang='lat' dir='ltr'><strong>et</strong></span> <span class='ocrx_word' id='word_1_236' title='bbox 1203 3133 1437 3184; x_wconf 76' lang='lat' dir='ltr'><strong>Paschae</strong></span> <span class='ocrx_word' id='word_1_237' title='bbox 1463 3132 1522 3183; x_wconf 88' lang='lat' dir='ltr'><strong>et</strong></span> <span class='ocrx_word' id='word_1_238' title='bbox 1545 3129 1774 3183; x_wconf 89' lang='lat' dir='ltr'><strong>clerico·</strong></span> 
     </span>
     <span class='ocr_line' id='line_1_33' title="bbox 489 3199 1774 3273; baseline -0.002 -17"><span class='ocrx_word' id='word_1_239' title='bbox 489 3221 616 3256; x_wconf 87' lang='lat' dir='ltr'><strong>rum</strong></span> <span class='ocrx_word' id='word_1_240' title='bbox 672 3199 922 3273; x_wconf 80' lang='lat' dir='ltr'><strong>bigamia</strong></span> <span class='ocrx_word' id='word_1_241' title='bbox 973 3218 1087 3254; x_wconf 85' lang='lat' dir='ltr'><strong>non</strong></span> <span class='ocrx_word' id='word_1_242' title='bbox 1134 3202 1285 3255; x_wconf 85' lang='lat' dir='ltr'><strong>ultra</strong></span> <span class='ocrx_word' id='word_1_243' title='bbox 1337 3199 1599 3254; x_wconf 86' lang='lat' dir='ltr'><strong>ostiarios</strong></span> <span class='ocrx_word' id='word_1_244' title='bbox 1650 3217 1774 3271; x_wconf 87' lang='lat' dir='ltr'><strong>per-</strong></span> 
     </span>
     <span class='ocr_line' id='line_1_34' title="bbox 489 3271 1773 3343; baseline -0.003 -14"><span class='ocrx_word' id='word_1_245' title='bbox 489 3274 678 3338; x_wconf 84' lang='lat' dir='ltr'><strong>missa,</strong></span> <span class='ocrx_word' id='word_1_246' title='bbox 705 3276 763 3327; x_wconf 90' lang='lat' dir='ltr'><strong>et</strong></span> <span class='ocrx_word' id='word_1_247' title='bbox 781 3275 851 3327; x_wconf 87' lang='lat' dir='ltr'><strong>de</strong></span> <span class='ocrx_word' id='word_1_248' title='bbox 867 3272 938 3326; x_wconf 90' lang='lat' dir='ltr'><strong>iis</strong></span> <span class='ocrx_word' id='word_1_249' title='bbox 954 3271 1057 3341; x_wconf 88' lang='lat' dir='ltr'><strong>qui</strong></span> <span class='ocrx_word' id='word_1_250' title='bbox 1073 3271 1370 3343; x_wconf 83' lang='lat' dir='ltr'><strong>conjugati</strong></span> <span class='ocrx_word' id='word_1_251' title='bbox 1386 3274 1773 3325; x_wconf 86' lang='lat' dir='ltr'><strong>assumuntur.</strong></span> 
     </span>
     <span class='ocr_line' id='line_1_35' title="bbox 489 3342 1776 3414; baseline -0.002 -16"><span class='ocrx_word' id='word_1_252' title='bbox 489 3344 692 3399; x_wconf 86' lang='lat' dir='ltr'><strong>Exstat</strong></span> <span class='ocrx_word' id='word_1_253' title='bbox 739 3345 950 3414; x_wconf 82' lang='lat' dir='ltr'><strong>passim</strong></span> <span class='ocrx_word' id='word_1_254' title='bbox 1002 3344 1062 3398; x_wconf 91' lang='lat' dir='ltr'><strong>in</strong></span> <span class='ocrx_word' id='word_1_255' title='bbox 1110 3359 1266 3397; x_wconf 89' lang='lat' dir='ltr'><strong>conc.</strong></span> <span class='ocrx_word' id='word_1_256' title='bbox 1317 3343 1563 3402; x_wconf 82' lang='lat' dir='ltr'><strong>collect.;</strong></span> <span class='ocrx_word' id='word_1_257' title='bbox 1616 3342 1664 3396; x_wconf 80' lang='lat' dir='ltr'>G</span> <span class='ocrx_word' id='word_1_258' title='bbox 1680 3359 1714 3395; x_wconf 90' lang='lat' dir='ltr'><strong>a</strong></span> <span class='ocrx_word' id='word_1_259' title='bbox 1730 3343 1776 3396; x_wconf 91' lang='lat' dir='ltr'><strong>l-</strong></span> 
     </span>
     <span class='ocr_line' id='line_1_36' title="bbox 489 3413 1774 3484; baseline -0.002 -15"><span class='ocrx_word' id='word_1_260' title='bbox 489 3415 702 3469; x_wconf 84' lang='lat' dir='ltr'><strong>landi</strong></span> <span class='ocrx_word' id='word_1_261' title='bbox 765 3415 905 3470; x_wconf 87' lang='lat' dir='ltr'><strong>bibl.</strong></span> <span class='ocrx_word' id='word_1_262' title='bbox 957 3415 1051 3476; x_wconf 80' lang='lat' dir='ltr'><strong>IX,</strong></span> <span class='ocrx_word' id='word_1_263' title='bbox 1104 3423 1236 3472; x_wconf 76' lang='lat'>516:</span> <span class='ocrx_word' id='word_1_264' title='bbox 1302 3413 1548 3484; x_wconf 81' lang='lat' dir='ltr'><strong>Migne</strong></span> <span class='ocrx_word' id='word_1_265' title='bbox 1600 3414 1661 3468; x_wconf 88' lang='lat' dir='ltr'><strong>P.</strong></span> <span class='ocrx_word' id='word_1_266' title='bbox 1711 3415 1774 3467; x_wconf 88' lang='lat' dir='ltr'><strong>L.</strong></span> 
     </span>
     <span class='ocr_line' id='line_1_37' title="bbox 490 3485 1773 3549; baseline -0.002 -9"><span class='ocrx_word' id='word_1_267' title='bbox 490 3486 684 3549; x_wconf 80' lang='lat' dir='ltr'><strong>LVIII,</strong></span> <span class='ocrx_word' id='word_1_268' title='bbox 736 3489 963 3543; x_wconf 73' lang='lat'><strong>61-67.</strong></span> <span class='ocrx_word' id='word_1_269' title='bbox 1028 3485 1110 3538; x_wconf 82' lang='lat' dir='ltr'><strong>Cf.</strong></span> <span class='ocrx_word' id='word_1_270' title='bbox 1161 3486 1205 3539; x_wconf 89' lang='lat' dir='ltr'>T</span> <span class='ocrx_word' id='word_1_271' title='bbox 1221 3486 1243 3538; x_wconf 91' lang='lat' dir='ltr'><strong>i</strong></span> <span class='ocrx_word' id='word_1_272' title='bbox 1259 3485 1279 3537; x_wconf 89' lang='lat' dir='ltr'><strong>l</strong></span> <span class='ocrx_word' id='word_1_273' title='bbox 1295 3486 1359 3539; x_wconf 89' lang='lat' dir='ltr'><strong>le</strong></span> <span class='ocrx_word' id='word_1_274' title='bbox 1376 3504 1431 3537; x_wconf 86' lang='lat'><strong>111</strong></span> <span class='ocrx_word' id='word_1_275' title='bbox 1450 3502 1481 3538; x_wconf 93' lang='lat' dir='ltr'><strong>o</strong></span> <span class='ocrx_word' id='word_1_276' title='bbox 1502 3504 1535 3537; x_wconf 91' lang='lat' dir='ltr'><strong>n</strong></span> <span class='ocrx_word' id='word_1_277' title='bbox 1553 3488 1579 3538; x_wconf 84' lang='lat' dir='ltr'><strong>t</strong></span> <span class='ocrx_word' id='word_1_278' title='bbox 1628 3485 1773 3548; x_wconf 85' lang='lat' dir='ltr'>XVI,</span> 
     </span>
     <span class='ocr_line' id='line_1_38' title="bbox 497 3555 1773 3617; baseline -0.002 -4"><span class='ocrx_word' id='word_1_279' title='bbox 497 3561 805 3617; x_wconf 68' lang='lat'>126—1412</span> <span class='ocrx_word' id='word_1_280' title='bbox 849 3557 893 3610; x_wconf 92' lang='lat' dir='ltr'>B</span> <span class='ocrx_word' id='word_1_281' title='bbox 912 3575 942 3611; x_wconf 95' lang='lat' dir='ltr'><strong>o</strong></span> <span class='ocrx_word' id='word_1_282' title='bbox 962 3555 1175 3610; x_wconf 83' lang='lat' dir='ltr'><strong>schin</strong></span> <span class='ocrx_word' id='word_1_283' title='bbox 1194 3575 1218 3608; x_wconf 87' lang='lat' dir='ltr'><strong>s</strong></span> <span class='ocrx_word' id='word_1_284' title='bbox 1262 3556 1324 3608; x_wconf 89' lang='lat' dir='ltr'><strong>in</strong></span> <span class='ocrx_word' id='word_1_285' title='bbox 1351 3556 1495 3609; x_wconf 87' lang='lat' dir='ltr'><strong>actis</strong></span> <span class='ocrx_word' id='word_1_286' title='bbox 1535 3556 1629 3610; x_wconf 88' lang='lat' dir='ltr'><strong>SS.</strong></span> <span class='ocrx_word' id='word_1_287' title='bbox 1657 3557 1773 3610; x_wconf 86' lang='lat' dir='ltr'><strong>Jul.</strong></span> 
     </span>
     <span class='ocr_line' id='line_1_39' title="bbox 491 3626 1776 3692; baseline 0.003 -11"><span class='ocrx_word' id='word_1_288' title='bbox 491 3629 613 3688; x_wconf 84' lang='lat' dir='ltr'><strong>VII.</strong></span> <span class='ocrx_word' id='word_1_289' title='bbox 643 3636 699 3684; x_wconf 85' lang='grc'><strong>51</strong></span> <span class='ocrx_word' id='word_1_290' title='bbox 722 3633 882 3689; x_wconf 80' lang='lat'><strong>-82;</strong></span> <span class='ocrx_word' id='word_1_291' title='bbox 911 3627 1056 3681; x_wconf 91' lang='lat' dir='ltr'><strong>Hist.</strong></span> <span class='ocrx_word' id='word_1_292' title='bbox 1084 3627 1170 3684; x_wconf 88' lang='lat' dir='ltr'><strong>lit.</strong></span> <span class='ocrx_word' id='word_1_293' title='bbox 1199 3641 1268 3680; x_wconf 79' lang='lat' dir='ltr'><strong>ue</strong></span> <span class='ocrx_word' id='word_1_294' title='bbox 1294 3627 1349 3680; x_wconf 84' lang='lat' dir='ltr'><strong>la</strong></span> <span class='ocrx_word' id='word_1_295' title='bbox 1377 3626 1465 3681; x_wconf 86' lang='lat' dir='ltr'><strong>Fr.</strong></span> <span class='ocrx_word' id='word_1_296' title='bbox 1488 3629 1555 3692; x_wconf 93' lang='grc' dir='ltr'><strong>ΙΙ,</strong></span> <span class='ocrx_word' id='word_1_297' title='bbox 1578 3635 1776 3685; x_wconf 84' lang='grc'>468·94</span> 
     </span>
     <span class='ocr_line' id='line_1_40' title="bbox 491 3697 1452 3770; baseline 0 -18"><span class='ocrx_word' id='word_1_298' title='bbox 491 3704 549 3755; x_wconf 88' lang='lat' dir='ltr'><strong>et</strong></span> <span class='ocrx_word' id='word_1_299' title='bbox 572 3706 856 3756; x_wconf 80' lang='lat'>465—469</span> <span class='ocrx_word' id='word_1_300' title='bbox 884 3700 975 3769; x_wconf 80' lang='lat' dir='ltr'><strong>(de</strong></span> <span class='ocrx_word' id='word_1_301' title='bbox 1003 3717 1046 3752; x_wconf 91' lang='lat' dir='ltr'><strong>s.</strong></span> <span class='ocrx_word' id='word_1_302' title='bbox 1075 3697 1452 3770; x_wconf 82' lang='lat' dir='ltr'><strong>Euphronio).</strong></span> 
     </span>
    </p>

    <p class='ocr_par' dir='ltr' id='par_1_5' title="bbox 489 3769 1776 4268">
     <span class='ocr_line' id='line_1_41' title="bbox 570 3769 1776 3842; baseline -0.002 -18"><span class='ocrx_word' id='word_1_303' title='bbox 570 3775 605 3842; x_wconf 81' lang='lat'><strong>¹)</strong></span> <span class='ocrx_word' id='word_1_304' title='bbox 634 3771 833 3838; x_wconf 88' lang='lat' dir='ltr'><strong>Neque</strong></span> <span class='ocrx_word' id='word_1_305' title='bbox 861 3771 1086 3834; x_wconf 79' lang='lat' dir='ltr'><strong>desunt,</strong></span> <span class='ocrx_word' id='word_1_306' title='bbox 1115 3772 1216 3840; x_wconf 89' lang='lat' dir='ltr'><strong>qui</strong></span> <span class='ocrx_word' id='word_1_307' title='bbox 1245 3787 1374 3824; x_wconf 86' lang='lat' dir='ltr'><strong>eum</strong></span> <span class='ocrx_word' id='word_1_308' title='bbox 1400 3769 1665 3823; x_wconf 83' lang='lat' dir='ltr'><strong>nitantur</strong></span> <span class='ocrx_word' id='word_1_309' title='bbox 1701 3771 1776 3823; x_wconf 89' lang='lat' dir='ltr'><strong>ab</strong></span> 
     </span>
     <span class='ocr_line' id='line_1_42' title="bbox 491 3840 1774 3911; baseline -0.002 -16"><span class='ocrx_word' id='word_1_310' title='bbox 491 3843 597 3896; x_wconf 87' lang='lat' dir='ltr'><strong>hac</strong></span> <span class='ocrx_word' id='word_1_311' title='bbox 625 3858 870 3911; x_wconf 85' lang='lat' dir='ltr'><strong>purgare</strong></span> <span class='ocrx_word' id='word_1_312' title='bbox 896 3843 1139 3895; x_wconf 84' lang='lat' dir='ltr'><strong>macula.</strong></span> <span class='ocrx_word' id='word_1_313' title='bbox 1180 3841 1262 3896; x_wconf 83' lang='lat' dir='ltr'><strong>Cf.</strong></span> <span class='ocrx_word' id='word_1_314' title='bbox 1292 3840 1336 3905; x_wconf 80' lang='lat' dir='ltr'>Q</span> <span class='ocrx_word' id='word_1_315' title='bbox 1352 3859 1390 3894; x_wconf 97' lang='grc' dir='ltr'><strong>ιι</strong></span> <span class='ocrx_word' id='word_1_316' title='bbox 1407 3857 1436 3894; x_wconf 93' lang='lat' dir='ltr'><strong>e</strong></span> <span class='ocrx_word' id='word_1_317' title='bbox 1453 3858 1479 3894; x_wconf 91' lang='lat' dir='ltr'><strong>s</strong></span> <span class='ocrx_word' id='word_1_318' title='bbox 1495 3859 1532 3894; x_wconf 93' lang='grc' dir='ltr'><strong>ιι</strong></span> <span class='ocrx_word' id='word_1_319' title='bbox 1549 3841 1611 3894; x_wconf 91' lang='lat' dir='ltr'><strong>el</strong></span> <span class='ocrx_word' id='word_1_320' title='bbox 1640 3841 1774 3895; x_wconf 86' lang='lat' dir='ltr'><strong>diss.</strong></span> 
     </span>
     <span class='ocr_line' id='line_1_43' title="bbox 493 3911 1774 4036; baseline -0.001 -71"><span class='ocrx_word' id='word_1_321' title='bbox 493 3915 542 3965; x_wconf 91' lang='lat' dir='ltr'>V</span> <span class='ocrx_word' id='word_1_322' title='bbox 568 3930 666 3967; x_wconf 85' lang='lat' dir='ltr'><strong>seu</strong></span> <span class='ocrx_word' id='word_1_323' title='bbox 709 3913 978 3994; x_wconf 80' lang='lat' dir='ltr'><strong>apologia</strong></span> <span class='ocrx_word' id='word_1_324' title='bbox 1023 3930 1125 3982; x_wconf 87' lang='lat' dir='ltr'><strong>pro</strong></span> <span class='ocrx_word' id='word_1_325' title='bbox 1168 3911 1392 3965; x_wconf 83' lang='lat' dir='ltr'><strong>Hilario</strong></span> <span class='ocrx_word' id='word_1_326' title='bbox 1438 3930 1494 4036; x_wconf 59' lang='grc' dir='ltr'><strong>ἓ.</strong></span> <span class='ocrx_word' id='word_1_327' title='bbox 1537 3912 1613 3965; x_wconf 87' lang='lat'><strong>111</strong></span> <span class='ocrx_word' id='word_1_328' title='bbox 1653 3929 1700 3966; x_wconf 88' lang='lat' dir='ltr'><strong>c.</strong></span> <span class='ocrx_word' id='word_1_329' title='bbox 1741 3918 1774 3968; x_wconf 91' lang='grc'>6</span> 
     </span>
     <span class='ocr_line' id='line_1_44' title="bbox 489 3983 1773 4120; baseline -0.001 -12"><span class='ocrx_word' id='word_1_330' title='bbox 489 4002 564 4120; x_wconf 61' lang='lat'><em>{¹1¹3</em></span> <span class='ocrx_word' id='word_1_331' title='bbox 567 3985 657 4112; x_wconf 51' lang='lat'><strong>¹334</strong></span> <span class='ocrx_word' id='word_1_332' title='bbox 665 3984 730 4097; x_wconf 39' lang='grc' dir='ltr'><strong>ΞΕ</strong></span> <span class='ocrx_word' id='word_1_333' title='bbox 730 4002 821 4112; x_wconf 57' lang='grc' dir='ltr'><strong>ἐξ</strong></span> <span class='ocrx_word' id='word_1_334' title='bbox 835 3984 1549 4110; x_wconf 56' lang='lat' dir='ltr'><strong>”§.{².}&#39;.2.{{³0¹.·..A„‘;¹⁵31..{22</strong></span> <span class='ocrx_word' id='word_1_335' title='bbox 1563 3983 1773 4108; x_wconf 49' lang='lat' dir='ltr'><strong>{affl</strong></span> 
     </span>
     <span class='ocr_line' id='line_1_45' title="bbox 491 4126 1772 4196; baseline -0.003 -14"><span class='ocrx_word' id='word_1_336' title='bbox 491 4133 585 4182; x_wconf 88' lang='lat' dir='ltr'><strong>tur</strong></span> <span class='ocrx_word' id='word_1_337' title='bbox 611 4127 850 4181; x_wconf 71' lang='lat' dir='ltr'><strong>carmini</strong></span> <span class='ocrx_word' id='word_1_338' title='bbox 896 4132 960 4181; x_wconf 84' lang='lat' dir='ltr'><strong>de</strong></span> <span class='ocrx_word' id='word_1_339' title='bbox 999 4129 1351 4196; x_wconf 66' lang='grc' dir='ltr'><strong>ρνουίᾱωιεία,</strong></span> <span class='ocrx_word' id='word_1_340' title='bbox 1396 4126 1552 4193; x_wconf 89' lang='lat' dir='ltr'><strong>quod</strong></span> <span class='ocrx_word' id='word_1_341' title='bbox 1579 4129 1772 4180; x_wconf 87' lang='lat' dir='ltr'><strong>tamen</strong></span> 
     </span>
     <span class='ocr_line' id='line_1_46' title="bbox 492 4198 944 4268; baseline -0.007 -14"><span class='ocrx_word' id='word_1_342' title='bbox 492 4216 606 4254; x_wconf 83' lang='lat' dir='ltr'><strong>non</strong></span> <span class='ocrx_word' id='word_1_343' title='bbox 634 4203 721 4252; x_wconf 83' lang='lat' dir='ltr'><strong>est</strong></span> <span class='ocrx_word' id='word_1_344' title='bbox 745 4198 944 4268; x_wconf 84' lang='lat' dir='ltr'><strong>ipsius.</strong></span> 
     </span>
    </p>

    <p class='ocr_par' dir='ltr' id='par_1_6' title="bbox 489 4266 1778 4822">
     <span class='ocr_line' id='line_1_47' title="bbox 564 4266 1774 4341; baseline -0.002 -19"><span class='ocrx_word' id='word_1_345' title='bbox 564 4278 603 4341; x_wconf 75' lang='lat'><strong>²)</strong></span> <span class='ocrx_word' id='word_1_346' title='bbox 631 4270 662 4322; x_wconf 90' lang='lat' dir='ltr'>J</span> <span class='ocrx_word' id='word_1_347' title='bbox 669 4287 772 4322; x_wconf 72' lang='lat' dir='ltr'><strong>ura</strong></span> <span class='ocrx_word' id='word_1_348' title='bbox 798 4273 858 4323; x_wconf 91' lang='lat' dir='ltr'><strong>et</strong></span> <span class='ocrx_word' id='word_1_349' title='bbox 881 4267 1186 4339; x_wconf 82' lang='lat' dir='ltr'><strong>privilegia</strong></span> <span class='ocrx_word' id='word_1_350' title='bbox 1230 4266 1381 4321; x_wconf 85' lang='lat' dir='ltr'><strong>sedis</strong></span> <span class='ocrx_word' id='word_1_351' title='bbox 1425 4268 1600 4336; x_wconf 87' lang='lat' dir='ltr'><strong>hujus</strong></span> <span class='ocrx_word' id='word_1_352' title='bbox 1627 4284 1774 4322; x_wconf 88' lang='lat' dir='ltr'><strong>com·</strong></span> 
     </span>
     <span class='ocr_line' id='line_1_48' title="bbox 490 4339 1775 4410; baseline -0.002 -17"><span class='ocrx_word' id='word_1_353' title='bbox 490 4341 726 4395; x_wconf 88' lang='lat' dir='ltr'><strong>mendat</strong></span> <span class='ocrx_word' id='word_1_354' title='bbox 750 4341 791 4393; x_wconf 88' lang='lat' dir='ltr'>L</span> <span class='ocrx_word' id='word_1_355' title='bbox 810 4358 838 4394; x_wconf 93' lang='lat' dir='ltr'><strong>e</strong></span> <span class='ocrx_word' id='word_1_356' title='bbox 855 4357 887 4394; x_wconf 94' lang='lat' dir='ltr'><strong>o</strong></span> <span class='ocrx_word' id='word_1_357' title='bbox 905 4359 942 4394; x_wconf 93' lang='grc' dir='ltr'><strong>ιι</strong></span> <span class='ocrx_word' id='word_1_358' title='bbox 958 4341 1014 4395; x_wconf 89' lang='lat' dir='ltr'><strong>ti</strong></span> <span class='ocrx_word' id='word_1_359' title='bbox 1035 4359 1072 4394; x_wconf 92' lang='grc' dir='ltr'><strong>ιι</strong></span> <span class='ocrx_word' id='word_1_360' title='bbox 1091 4358 1132 4404; x_wconf 89' lang='lat' dir='ltr'><strong>s,</strong></span> <span class='ocrx_word' id='word_1_361' title='bbox 1172 4339 1536 4410; x_wconf 85' lang='lat' dir='ltr'><strong>postmodum</strong></span> <span class='ocrx_word' id='word_1_362' title='bbox 1561 4339 1775 4409; x_wconf 89' lang='lat' dir='ltr'><strong>episco-</strong></span> 
     </span>
     <span class='ocr_line' id='line_1_49' title="bbox 489 4409 1775 4483; baseline -0.002 -19"><span class='ocrx_word' id='word_1_363' title='bbox 489 4430 598 4483; x_wconf 84' lang='lat' dir='ltr'><strong>pus</strong></span> <span class='ocrx_word' id='word_1_364' title='bbox 624 4412 956 4465; x_wconf 84' lang='lat' dir='ltr'><strong>arelatensis</strong></span> <span class='ocrx_word' id='word_1_365' title='bbox 999 4412 1059 4465; x_wconf 89' lang='lat' dir='ltr'><strong>in</strong></span> <span class='ocrx_word' id='word_1_366' title='bbox 1105 4428 1193 4480; x_wconf 88' lang='lat' dir='ltr'><strong>ep.</strong></span> <span class='ocrx_word' id='word_1_367' title='bbox 1232 4410 1306 4463; x_wconf 89' lang='lat' dir='ltr'><strong>ad</strong></span> <span class='ocrx_word' id='word_1_368' title='bbox 1332 4409 1596 4463; x_wconf 83' lang='lat' dir='ltr'><strong>Hilarum</strong></span> <span class='ocrx_word' id='word_1_369' title='bbox 1637 4427 1775 4478; x_wconf 92' lang='lat' dir='ltr'><strong>pon·</strong></span> 
     </span>
     <span class='ocr_line' id='line_1_50' title="bbox 491 4480 1775 4555; baseline -0.002 -19"><span class='ocrx_word' id='word_1_370' title='bbox 491 4484 700 4536; x_wconf 90' lang='lat' dir='ltr'><strong>tificem</strong></span> <span class='ocrx_word' id='word_1_371' title='bbox 742 4484 817 4555; x_wconf 88' lang='lat' dir='ltr'><strong>(M</strong></span> <span class='ocrx_word' id='word_1_372' title='bbox 835 4483 856 4536; x_wconf 91' lang='lat' dir='ltr'><strong>i</strong></span> <span class='ocrx_word' id='word_1_373' title='bbox 871 4502 909 4553; x_wconf 87' lang='lat' dir='ltr'><strong>g</strong></span> <span class='ocrx_word' id='word_1_374' title='bbox 925 4502 962 4536; x_wconf 88' lang='lat' dir='ltr'><strong>n</strong></span> <span class='ocrx_word' id='word_1_375' title='bbox 980 4500 1008 4536; x_wconf 91' lang='lat' dir='ltr'><strong>e</strong></span> <span class='ocrx_word' id='word_1_376' title='bbox 1035 4482 1243 4544; x_wconf 83' lang='lat' dir='ltr'><strong>LVIlI,</strong></span> <span class='ocrx_word' id='word_1_377' title='bbox 1271 4487 1370 4540; x_wconf 80' lang='lat'><strong>22;</strong></span> <span class='ocrx_word' id='word_1_378' title='bbox 1422 4481 1467 4534; x_wconf 86' lang='grc' dir='ltr'><strong>Τ</strong></span> <span class='ocrx_word' id='word_1_379' title='bbox 1482 4480 1643 4534; x_wconf 89' lang='lat' dir='ltr'><strong>hiel</strong></span> <span class='ocrx_word' id='word_1_380' title='bbox 1686 4498 1775 4550; x_wconf 87' lang='lat' dir='ltr'><strong>ep.</strong></span> 
     </span>
     <span class='ocr_line' id='line_1_51' title="bbox 489 4552 1778 4636; baseline -0.001 -29"><span class='ocrx_word' id='word_1_381' title='bbox 489 4572 628 4608; x_wconf 87' lang='lat' dir='ltr'><strong>rom.</strong></span> <span class='ocrx_word' id='word_1_382' title='bbox 673 4557 831 4636; x_wconf 86' lang='lat' dir='ltr'><strong>pont.</strong></span> <span class='ocrx_word' id='word_1_383' title='bbox 879 4555 918 4616; x_wconf 92' lang='grc' dir='ltr'><strong>Ι,</strong></span> <span class='ocrx_word' id='word_1_384' title='bbox 968 4562 1068 4611; x_wconf 88' lang='lat'><strong>138</strong></span> <span class='ocrx_word' id='word_1_385' title='bbox 1088 4557 1169 4616; x_wconf 59' lang='grc'>3.).</span> <span class='ocrx_word' id='word_1_386' title='bbox 1221 4552 1414 4622; x_wconf 84' lang='lat' dir='ltr'><strong>Magni</strong></span> <span class='ocrx_word' id='word_1_387' title='bbox 1460 4553 1645 4605; x_wconf 84' lang='lat' dir='ltr'><strong>factus</strong></span> <span class='ocrx_word' id='word_1_388' title='bbox 1691 4555 1778 4606; x_wconf 89' lang='lat' dir='ltr'><strong>est</strong></span> 
     </span>
     <span class='ocr_line' id='line_1_52' title="bbox 492 4623 1774 4694; baseline -0.002 -16"><span class='ocrx_word' id='word_1_389' title='bbox 492 4626 764 4679; x_wconf 77' lang='lat' dir='ltr'><strong>Leontius</strong></span> <span class='ocrx_word' id='word_1_390' title='bbox 789 4627 863 4680; x_wconf 88' lang='lat' dir='ltr'><strong>ab</strong></span> <span class='ocrx_word' id='word_1_391' title='bbox 888 4625 1227 4693; x_wconf 83' lang='lat' dir='ltr'><strong>aequalibus</strong></span> <span class='ocrx_word' id='word_1_392' title='bbox 1255 4628 1313 4677; x_wconf 92' lang='lat' dir='ltr'><strong>et</strong></span> <span class='ocrx_word' id='word_1_393' title='bbox 1335 4626 1409 4677; x_wconf 88' lang='lat' dir='ltr'><strong>ab</strong></span> <span class='ocrx_word' id='word_1_394' title='bbox 1426 4623 1621 4678; x_wconf 81' lang='lat' dir='ltr'><strong>Hilaro</strong></span> <span class='ocrx_word' id='word_1_395' title='bbox 1637 4641 1774 4694; x_wconf 89' lang='lat' dir='ltr'><strong>pon-</strong></span> 
     </span>
     <span class='ocr_line' id='line_1_53' title="bbox 491 4694 1775 4764; baseline -0.002 -15"><span class='ocrx_word' id='word_1_396' title='bbox 491 4697 660 4756; x_wconf 82' lang='lat' dir='ltr'><strong>tifice,</strong></span> <span class='ocrx_word' id='word_1_397' title='bbox 688 4698 852 4750; x_wconf 81' lang='lat' dir='ltr'><strong>cu&#39;us</strong></span> <span class='ocrx_word' id='word_1_398' title='bbox 879 4696 1105 4763; x_wconf 83' lang='lat' dir='ltr'><strong>aliquot</strong></span> <span class='ocrx_word' id='word_1_399' title='bbox 1130 4697 1358 4748; x_wconf 80' lang='lat' dir='ltr'><strong>exstant</strong></span> <span class='ocrx_word' id='word_1_400' title='bbox 1399 4694 1472 4747; x_wconf 87' lang='lat' dir='ltr'><strong>ad</strong></span> <span class='ocrx_word' id='word_1_401' title='bbox 1501 4711 1632 4748; x_wconf 89' lang='lat' dir='ltr'><strong>eum</strong></span> <span class='ocrx_word' id='word_1_402' title='bbox 1658 4695 1775 4764; x_wconf 89' lang='lat' dir='ltr'><strong>epi·</strong></span> 
     </span>
     <span class='ocr_line' id='line_1_54' title="bbox 493 4766 1116 4822; baseline 0 -3"><span class='ocrx_word' id='word_1_403' title='bbox 493 4768 687 4820; x_wconf 80' lang='lat' dir='ltr'><strong>stolae.</strong></span> <span class='ocrx_word' id='word_1_404' title='bbox 790 4766 896 4820; x_wconf 80' lang='lat' dir='ltr'><strong>biit</strong></span> <span class='ocrx_word' id='word_1_405' title='bbox 923 4784 968 4819; x_wconf 84' lang='lat' dir='ltr'><strong>c.</strong></span> <span class='ocrx_word' id='word_1_406' title='bbox 996 4774 1116 4822; x_wconf 80' lang='lat'><strong>484.</strong></span> 
     </span>
    </p>
   </div>
   <div class='ocr_carea' id='block_1_5' title="bbox 1834 1192 3125 1628">
    <p class='ocr_par' dir='ltr' id='par_1_7' title="bbox 1834 1192 3125 1628">
     <span class='ocr_line' id='line_1_55' title="bbox 1834 1192 3121 1278; baseline -0.002 -22"><span class='ocrx_word' id='word_1_407' title='bbox 1834 1200 2041 1256; x_wconf 91' lang='lat' dir='ltr'><strong>tantus</strong></span> <span class='ocrx_word' id='word_1_408' title='bbox 2089 1214 2382 1255; x_wconf 88' lang='lat' dir='ltr'><strong>numerus</strong></span> <span class='ocrx_word' id='word_1_409' title='bbox 2431 1192 2714 1278; x_wconf 84' lang='lat' dir='ltr'><strong>(quarum</strong></span> <span class='ocrx_word' id='word_1_410' title='bbox 2746 1195 2844 1254; x_wconf 85' lang='lat' dir='ltr'><strong>vix</strong></span> <span class='ocrx_word' id='word_1_411' title='bbox 2875 1214 2995 1254; x_wconf 91' lang='lat' dir='ltr'><strong>una</strong></span> <span class='ocrx_word' id='word_1_412' title='bbox 3027 1195 3121 1254; x_wconf 82' lang='lat' dir='ltr'><strong>vel</strong></span> 
     </span>
     <span class='ocr_line' id='line_1_56' title="bbox 1834 1280 3125 1366; baseline -0.002 -21"><span class='ocrx_word' id='word_1_413' title='bbox 1834 1287 2022 1345; x_wconf 87' lang='lat' dir='ltr'><strong>altera</strong></span> <span class='ocrx_word' id='word_1_414' title='bbox 2072 1280 2407 1366; x_wconf 87' lang='lat' dir='ltr'><strong>superest);</strong></span> <span class='ocrx_word' id='word_1_415' title='bbox 2457 1300 2658 1343; x_wconf 79' lang='lat' dir='ltr'><strong>versus</strong></span> <span class='ocrx_word' id='word_1_416' title='bbox 2705 1284 2885 1343; x_wconf 88' lang='lat' dir='ltr'><strong>etiam</strong></span> <span class='ocrx_word' id='word_1_417' title='bbox 2935 1283 3125 1343; x_wconf 83' lang='lat' dir='ltr'><strong>fontis</strong></span> 
     </span>
     <span class='ocr_line' id='line_1_57' title="bbox 1836 1370 3122 1457; baseline 0.001 -24"><span class='ocrx_word' id='word_1_418' title='bbox 1836 1370 2227 1457; x_wconf 73' lang='lat' dir='ltr'><strong>ardentis²).‘</strong></span> <span class='ocrx_word' id='word_1_419' title='bbox 2306 1373 2377 1432; x_wconf 88' lang='lat' dir='ltr'><strong>In</strong></span> <span class='ocrx_word' id='word_1_420' title='bbox 2422 1372 2745 1450; x_wconf 82' lang='lat' dir='ltr'><strong>Spicilegio</strong></span> <span class='ocrx_word' id='word_1_421' title='bbox 2789 1373 2969 1432; x_wconf 86' lang='lat' dir='ltr'><strong>casin.</strong></span> <span class='ocrx_word' id='word_1_422' title='bbox 3013 1371 3122 1434; x_wconf 88' lang='lat' dir='ltr'><strong>III.</strong></span> 
     </span>
     <span class='ocr_line' id='line_1_58' title="bbox 1834 1463 3113 1540; baseline -0.002 -16"><span class='ocrx_word' id='word_1_423' title='bbox 1834 1483 1891 1539; x_wconf 89' lang='lat' dir='ltr'><strong>p.</strong></span> <span class='ocrx_word' id='word_1_424' title='bbox 1923 1464 2111 1540; x_wconf 88' lang='lat' dir='ltr'><strong>priori</strong></span> <span class='ocrx_word' id='word_1_425' title='bbox 2155 1463 2450 1522; x_wconf 86' lang='lat' dir='ltr'><strong>tribuitur</strong></span> <span class='ocrx_word' id='word_1_426' title='bbox 2494 1463 2549 1520; x_wconf 91' lang='lat' dir='ltr'><strong>ei</strong></span> <span class='ocrx_word' id='word_1_427' title='bbox 2597 1463 2876 1537; x_wconf 73' lang='lat' dir='ltr'><strong>expositio</strong></span> <span class='ocrx_word' id='word_1_428' title='bbox 2922 1464 2984 1520; x_wconf 83' lang='lat' dir='ltr'><strong>in</strong></span> <span class='ocrx_word' id='word_1_429' title='bbox 3028 1481 3113 1536; x_wconf 82' lang='lat' dir='ltr'><strong>ep.</strong></span> 
     </span>
     <span class='ocr_line' id='line_1_59' title="bbox 1834 1551 3017 1628; baseline -0.003 -16"><span class='ocrx_word' id='word_1_430' title='bbox 1834 1554 2158 1628; x_wconf 78' lang='lat' dir='ltr'><strong>canonicas,</strong></span> <span class='ocrx_word' id='word_1_431' title='bbox 2194 1570 2347 1628; x_wconf 86' lang='lat' dir='ltr'><strong>quae</strong></span> <span class='ocrx_word' id='word_1_432' title='bbox 2378 1551 2596 1611; x_wconf 87' lang='lat' dir='ltr'><strong>dubiae</strong></span> <span class='ocrx_word' id='word_1_433' title='bbox 2628 1551 2879 1627; x_wconf 85' lang='lat' dir='ltr'><strong>originis</strong></span> <span class='ocrx_word' id='word_1_434' title='bbox 2910 1554 3017 1609; x_wconf 86' lang='lat' dir='ltr'><strong>est.</strong></span> 
     </span>
    </p>
   </div>
   <div class='ocr_carea' id='block_1_6' title="bbox 1833 1728 3119 1900">
    <p class='ocr_par' dir='ltr' id='par_1_8' title="bbox 1833 1728 3119 1900">
     <span class='ocr_line' id='line_1_60' title="bbox 1926 1728 3119 1804; baseline -0.009 -9"><span class='ocrx_word' id='word_1_435' title='bbox 1926 1739 1961 1793; x_wconf 88' lang='lat'><strong>2</strong></span> <span class='ocrx_word' id='word_1_436' title='bbox 1972 1740 2004 1794; x_wconf 85' lang='lat'><strong>:3</strong></span> <span class='ocrx_word' id='word_1_437' title='bbox 2016 1741 2070 1793; x_wconf 86' lang='lat'><strong>9.</strong></span> <span class='ocrx_word' id='word_1_438' title='bbox 2108 1730 2153 1788; x_wconf 82' lang='lat' dir='ltr'>V</span> <span class='ocrx_word' id='word_1_439' title='bbox 2169 1749 2200 1789; x_wconf 88' lang='lat' dir='ltr'><strong>e</strong></span> <span class='ocrx_word' id='word_1_440' title='bbox 2214 1749 2245 1788; x_wconf 90' lang='lat' dir='ltr'><strong>r</strong></span> <span class='ocrx_word' id='word_1_441' title='bbox 2260 1749 2302 1788; x_wconf 99' lang='lat' dir='ltr'><strong>u</strong></span> <span class='ocrx_word' id='word_1_442' title='bbox 2319 1747 2347 1788; x_wconf 93' lang='lat' dir='ltr'><strong>s</strong></span> <span class='ocrx_word' id='word_1_443' title='bbox 2388 1728 2702 1804; x_wconf 89' lang='lat' dir='ltr'><strong>episcopus</strong></span> <span class='ocrx_word' id='word_1_444' title='bbox 2733 1728 3119 1791; x_wconf 81' lang='lat' dir='ltr'><strong>arausionen-</strong></span> 
     </span>
     <span class='ocr_line' id='line_1_61' title="bbox 1833 1811 3116 1900; baseline -0.003 -22"><span class='ocrx_word' id='word_1_445' title='bbox 1833 1819 1916 1878; x_wconf 90' lang='lat' dir='ltr'><strong>sis</strong></span> <span class='ocrx_word' id='word_1_446' title='bbox 1938 1814 2225 1900; x_wconf 87' lang='lat' dir='ltr'><strong>(Orange)</strong></span> <span class='ocrx_word' id='word_1_447' title='bbox 2248 1818 2360 1877; x_wconf 87' lang='lat' dir='ltr'><strong>sub</strong></span> <span class='ocrx_word' id='word_1_448' title='bbox 2380 1818 2557 1876; x_wconf 89' lang='lat' dir='ltr'><strong>finem</strong></span> <span class='ocrx_word' id='word_1_449' title='bbox 2591 1835 2703 1880; x_wconf 88' lang='lat' dir='ltr'><strong>sec.</strong></span> <span class='ocrx_word' id='word_1_450' title='bbox 2725 1816 2789 1877; x_wconf 92' lang='lat' dir='ltr'><strong>V.</strong></span> <span class='ocrx_word' id='word_1_451' title='bbox 2811 1816 3051 1893; x_wconf 83' lang='lat' dir='ltr'><strong>scripsit</strong></span> <span class='ocrx_word' id='word_1_452' title='bbox 3060 1811 3116 1898; x_wconf 76' lang='lat'><strong>⁸)</strong></span> 
     </span>
    </p>
   </div>
   <div class='ocr_carea' id='block_1_7' title="bbox 1834 1959 2150 1969">
    <p class='ocr_par' dir='ltr' id='par_1_9' title="bbox 1834 1959 2150 1969">
     <span class='ocr_line' id='line_1_62' title="bbox 1834 1959 2150 1969; baseline 0 3192"><span class='ocrx_word' id='word_1_453' title='bbox 1834 1959 2150 1969; x_wconf 95' lang='lat' dir='ltr'><strong> </strong></span> 
     </span>
    </p>
   </div>
   <div class='ocr_carea' id='block_1_8' title="bbox 1828 2056 3181 4833">
    <p class='ocr_par' dir='ltr' id='par_1_10' title="bbox 1829 2056 3181 2976">
     <span class='ocr_line' id='line_1_63' title="bbox 1911 2056 3121 2131; baseline -0.004 -18"><span class='ocrx_word' id='word_1_454' title='bbox 1911 2066 1947 2131; x_wconf 77' lang='lat'><strong>¹)</strong></span> <span class='ocrx_word' id='word_1_455' title='bbox 1975 2059 2083 2114; x_wconf 87' lang='lat' dir='ltr'><strong>Hic</strong></span> <span class='ocrx_word' id='word_1_456' title='bbox 2110 2063 2372 2116; x_wconf 86' lang='lat' dir='ltr'><strong>censetur</strong></span> <span class='ocrx_word' id='word_1_457' title='bbox 2396 2074 2430 2111; x_wconf 84' lang='lat' dir='ltr'><strong>a</strong></span> <span class='ocrx_word' id='word_1_458' title='bbox 2451 2056 2651 2113; x_wconf 75' lang='lat' dir='ltr'><strong>multis</strong></span> <span class='ocrx_word' id='word_1_459' title='bbox 2678 2057 2730 2111; x_wconf 87' lang='lat' dir='ltr'>H</span> <span class='ocrx_word' id='word_1_460' title='bbox 2752 2073 2783 2109; x_wconf 94' lang='lat'>0</span> <span class='ocrx_word' id='word_1_461' title='bbox 2804 2075 2838 2109; x_wconf 88' lang='lat' dir='ltr'><strong>n</strong></span> <span class='ocrx_word' id='word_1_462' title='bbox 2857 2074 2889 2111; x_wconf 95' lang='lat' dir='ltr'><strong>o</strong></span> <span class='ocrx_word' id='word_1_463' title='bbox 2907 2075 2934 2110; x_wconf 87' lang='lat' dir='ltr'><strong>r</strong></span> <span class='ocrx_word' id='word_1_464' title='bbox 2949 2072 2984 2108; x_wconf 82' lang='lat' dir='ltr'><strong>a</strong></span> <span class='ocrx_word' id='word_1_465' title='bbox 2999 2059 3076 2109; x_wconf 88' lang='lat' dir='ltr'><strong>tu</strong></span> <span class='ocrx_word' id='word_1_466' title='bbox 3094 2074 3121 2117; x_wconf 86' lang='lat' dir='ltr'><strong>s</strong></span> 
     </span>
     <span class='ocr_line' id='line_1_64' title="bbox 1832 2128 3120 2255; baseline -0.003 -71"><span class='ocrx_word' id='word_1_467' title='bbox 1832 2131 2136 2255; x_wconf 54' lang='lat' dir='ltr'><strong>episicopug</strong></span> <span class='ocrx_word' id='word_1_468' title='bbox 2161 2129 2721 2254; x_wconf 45' lang='lat' dir='ltr'><strong>massiliensigdobffa</strong></span> <span class='ocrx_word' id='word_1_469' title='bbox 2768 2168 2780 2181; x_wconf 93' lang='lat'><strong>.</strong></span> <span class='ocrx_word' id='word_1_470' title='bbox 2809 2134 2895 2185; x_wconf 88' lang='grc'><strong>99.</strong></span> <span class='ocrx_word' id='word_1_471' title='bbox 2942 2128 3036 2251; x_wconf 43' lang='lat' dir='ltr'><strong>(age</strong></span> <span class='ocrx_word' id='word_1_472' title='bbox 3056 2145 3120 2253; x_wconf 51' lang='lat' dir='ltr'><strong>n}</strong></span> 
     </span>
     <span class='ocr_line' id='line_1_65' title="bbox 1832 2215 3090 2271; baseline -0.003 -16"><span class='ocrx_word' id='word_1_473' title='bbox 1832 2219 1919 2255; x_wconf 90' lang='lat' dir='ltr'><strong>na</strong></span> <span class='ocrx_word' id='word_1_474' title='bbox 1993 2219 2052 2255; x_wconf 91' lang='grc' dir='ltr'><strong>ιι</strong></span> <span class='ocrx_word' id='word_1_475' title='bbox 2141 2219 2169 2255; x_wconf 92' lang='lat' dir='ltr'><strong>e</strong></span> <span class='ocrx_word' id='word_1_476' title='bbox 2216 2218 2498 2271; x_wconf 76' lang='lat' dir='ltr'><strong>scrip.‚s</strong></span> <span class='ocrx_word' id='word_1_477' title='bbox 2614 2217 2636 2251; x_wconf 85' lang='lat'>1</span> <span class='ocrx_word' id='word_1_478' title='bbox 2686 2217 2721 2253; x_wconf 92' lang='lat' dir='ltr'><strong>u</strong></span> <span class='ocrx_word' id='word_1_479' title='bbox 2815 2215 2961 2253; x_wconf 86' lang='lat' dir='ltr'><strong>cau</strong></span> <span class='ocrx_word' id='word_1_480' title='bbox 3032 2215 3090 2252; x_wconf 87' lang='lat' dir='ltr'><strong>es</strong></span> 
     </span>
     <span class='ocr_line' id='line_1_66' title="bbox 1831 2219 3122 2343; baseline -0.004 -16"><span class='ocrx_word' id='word_1_481' title='bbox 1831 2272 2213 2343; x_wconf 86' lang='lat' dir='ltr'><strong>suppositum.</strong></span> <span class='ocrx_word' id='word_1_482' title='bbox 2265 2272 2428 2337; x_wconf 87' lang='lat' dir='ltr'><strong>Quod</strong></span> <span class='ocrx_word' id='word_1_483' title='bbox 2471 2272 2519 2325; x_wconf 86' lang='lat' dir='ltr'><strong>si</strong></span> <span class='ocrx_word' id='word_1_484' title='bbox 2559 2272 2700 2325; x_wconf 87' lang='lat' dir='ltr'><strong>haec</strong></span> <span class='ocrx_word' id='word_1_485' title='bbox 2741 2269 2861 2324; x_wconf 83' lang='lat' dir='ltr'><strong>vita</strong></span> <span class='ocrx_word' id='word_1_486' title='bbox 2882 2219 3004 2323; x_wconf 66' lang='lat' dir='ltr'><strong>iion</strong></span> <span class='ocrx_word' id='word_1_487' title='bbox 3031 2273 3122 2324; x_wconf 87' lang='lat' dir='ltr'><strong>est</strong></span> 
     </span>
     <span class='ocr_line' id='line_1_67' title="bbox 1830 2340 3117 2412; baseline -0.004 -13"><span class='ocrx_word' id='word_1_488' title='bbox 1830 2345 2127 2406; x_wconf 80' lang='lat' dir='ltr'><strong>Honorati,</strong></span> <span class='ocrx_word' id='word_1_489' title='bbox 2172 2346 2258 2397; x_wconf 90' lang='lat' dir='ltr'><strong>est</strong></span> <span class='ocrx_word' id='word_1_490' title='bbox 2301 2344 2503 2398; x_wconf 86' lang='lat' dir='ltr'><strong>saltem</strong></span> <span class='ocrx_word' id='word_1_491' title='bbox 2547 2342 2793 2412; x_wconf 88' lang='lat' dir='ltr'><strong>alicujus</strong></span> <span class='ocrx_word' id='word_1_492' title='bbox 2841 2340 3117 2411; x_wconf 87' lang='lat' dir='ltr'><strong>discipuli</strong></span> 
     </span>
     <span class='ocr_line' id='line_1_68' title="bbox 1831 2412 3114 2483; baseline 0 -14"><span class='ocrx_word' id='word_1_493' title='bbox 1831 2414 2009 2470; x_wconf 88' lang='lat' dir='ltr'><strong>nostri</strong></span> <span class='ocrx_word' id='word_1_494' title='bbox 2039 2414 2263 2471; x_wconf 87' lang='lat' dir='ltr'><strong>Hilarii.</strong></span> <span class='ocrx_word' id='word_1_495' title='bbox 2315 2414 2396 2467; x_wconf 85' lang='lat' dir='ltr'><strong>Ea</strong></span> <span class='ocrx_word' id='word_1_496' title='bbox 2438 2416 2526 2471; x_wconf 89' lang='lat' dir='ltr'><strong>est</strong></span> <span class='ocrx_word' id='word_1_497' title='bbox 2563 2412 2724 2468; x_wconf 87' lang='lat' dir='ltr'><strong>utilis</strong></span> <span class='ocrx_word' id='word_1_498' title='bbox 2765 2415 2823 2466; x_wconf 91' lang='lat' dir='ltr'><strong>et</strong></span> <span class='ocrx_word' id='word_1_499' title='bbox 2866 2414 3114 2483; x_wconf 81' lang='lat' dir='ltr'><strong>elegans.</strong></span> 
     </span>
     <span class='ocr_line' id='line_1_69' title="bbox 1831 2486 3115 2552; baseline -0.003 -13"><span class='ocrx_word' id='word_1_500' title='bbox 1831 2486 1962 2541; x_wconf 87' lang='lat' dir='ltr'><strong>Alia</strong></span> <span class='ocrx_word' id='word_1_501' title='bbox 1990 2486 2100 2540; x_wconf 86' lang='lat' dir='ltr'><strong>scri</strong></span> <span class='ocrx_word' id='word_1_502' title='bbox 2146 2489 2203 2539; x_wconf 88' lang='lat' dir='ltr'><strong>ta</strong></span> <span class='ocrx_word' id='word_1_503' title='bbox 2244 2487 2292 2539; x_wconf 88' lang='lat' dir='ltr'><strong>ei</strong></span> <span class='ocrx_word' id='word_1_504' title='bbox 2336 2486 2692 2548; x_wconf 78' lang='lat' dir='ltr'><strong>tribuuntur,</strong></span> <span class='ocrx_word' id='word_1_505' title='bbox 2733 2500 2881 2552; x_wconf 89' lang='lat' dir='ltr'><strong>quae</strong></span> <span class='ocrx_word' id='word_1_506' title='bbox 2923 2486 3115 2536; x_wconf 88' lang='lat' dir='ltr'><strong>tamen</strong></span> 
     </span>
     <span class='ocr_line' id='line_1_70' title="bbox 1829 2552 3115 2700; baseline -0.002 -17"><span class='ocrx_word' id='word_1_507' title='bbox 1829 2557 2539 2700; x_wconf 50' lang='grc' dir='ltr'><strong>ἒὲἓέἳὶξέἓςέἒῖζῗᾏωέ</strong></span> <span class='ocrx_word' id='word_1_508' title='bbox 2555 2558 2626 2682; x_wconf 55' lang='lat' dir='ltr'><strong>§i</strong></span> <span class='ocrx_word' id='word_1_509' title='bbox 2642 2573 2680 2681; x_wconf 64' lang='grc' dir='ltr'><em>ἶ</em></span> <span class='ocrx_word' id='word_1_510' title='bbox 2678 2598 2716 2681; x_wconf 69' lang='lat'><strong>1&#39;2</strong></span> <span class='ocrx_word' id='word_1_511' title='bbox 2725 2552 3115 2681; x_wconf 56' lang='lat' dir='ltr'><strong>{⁹3³‘ssvissssffl</strong></span> 
     </span>
     <span class='ocr_line' id='line_1_71' title="bbox 1830 2698 3117 2773; baseline -0.002 -19"><span class='ocrx_word' id='word_1_512' title='bbox 1830 2701 1980 2773; x_wconf 89' lang='lat' dir='ltr'><strong>speri</strong></span> <span class='ocrx_word' id='word_1_513' title='bbox 2008 2703 2115 2770; x_wconf 91' lang='lat' dir='ltr'><strong>Aq.</strong></span> <span class='ocrx_word' id='word_1_514' title='bbox 2135 2704 2193 2755; x_wconf 90' lang='lat' dir='ltr'><strong>et</strong></span> <span class='ocrx_word' id='word_1_515' title='bbox 2208 2700 2490 2755; x_wconf 86' lang='lat' dir='ltr'><strong>Honorati</strong></span> <span class='ocrx_word' id='word_1_516' title='bbox 2505 2715 2671 2755; x_wconf 84' lang='lat' dir='ltr'><strong>mass.</strong></span> <span class='ocrx_word' id='word_1_517' title='bbox 2687 2716 2719 2752; x_wconf 96' lang='lat' dir='ltr'><strong>o</strong></span> <span class='ocrx_word' id='word_1_518' title='bbox 2765 2715 2875 2762; x_wconf 87' lang='lat' dir='ltr'><strong>era,</strong></span> <span class='ocrx_word' id='word_1_519' title='bbox 2900 2698 3117 2752; x_wconf 84' lang='lat' dir='ltr'><strong>Romae</strong></span> 
     </span>
     <span class='ocr_line' id='line_1_72' title="bbox 1834 2771 3114 2843; baseline -0.002 -14"><span class='ocrx_word' id='word_1_520' title='bbox 1834 2776 1970 2831; x_wconf 83' lang='lat'><strong>1732</strong></span> <span class='ocrx_word' id='word_1_521' title='bbox 1997 2792 2051 2843; x_wconf 86' lang='lat' dir='ltr'><strong>p.</strong></span> <span class='ocrx_word' id='word_1_522' title='bbox 2078 2776 2393 2832; x_wconf 79' lang='lat'>237-311;</span> <span class='ocrx_word' id='word_1_523' title='bbox 2445 2771 2538 2824; x_wconf 82' lang='lat' dir='ltr'><strong>Mi</strong></span> <span class='ocrx_word' id='word_1_524' title='bbox 2610 2787 2695 2824; x_wconf 79' lang='lat' dir='ltr'><strong>ne</strong></span> <span class='ocrx_word' id='word_1_525' title='bbox 2772 2811 2785 2835; x_wconf 94' lang='lat'>,</span> <span class='ocrx_word' id='word_1_526' title='bbox 2819 2775 3114 2826; x_wconf 81' lang='lat'><strong>1219-46.</strong></span> 
     </span>
     <span class='ocr_line' id='line_1_73' title="bbox 1831 2837 3117 2910; baseline -0.005 -12"><span class='ocrx_word' id='word_1_527' title='bbox 1831 2843 1919 2910; x_wconf 69' lang='lat' dir='ltr'><strong>Cf.</strong></span> <span class='ocrx_word' id='word_1_528' title='bbox 1941 2843 2492 2897; x_wconf 80' lang='lat' dir='ltr'><strong>Bardenhew&#39;er</strong></span> <span class='ocrx_word' id='word_1_529' title='bbox 2590 2842 2649 2895; x_wconf 90' lang='lat' dir='ltr'><strong>L.</strong></span> <span class='ocrx_word' id='word_1_530' title='bbox 2677 2848 2754 2906; x_wconf 71' lang='lat'><strong>6⁹,</strong></span> <span class='ocrx_word' id='word_1_531' title='bbox 2784 2847 2917 2900; x_wconf 75' lang='lat'>228:</span> <span class='ocrx_word' id='word_1_532' title='bbox 2970 2837 3117 2893; x_wconf 84' lang='lat' dir='ltr'><strong>Hist.</strong></span> 
     </span>
     <span class='ocr_line' id='line_1_74' title="bbox 1829 2915 3181 2976; baseline -0.004 -6"><span class='ocrx_word' id='word_1_533' title='bbox 1829 2915 2014 2976; x_wconf 64' lang='lat' dir='ltr'><strong>lit.‘II‚</strong></span> <span class='ocrx_word' id='word_1_534' title='bbox 2039 2919 2305 2970; x_wconf 81' lang='lat'><strong>644-49.</strong></span> <span class='ocrx_word' id='word_1_535' title='bbox 2850 2940 2855 2943; x_wconf 86' lang='lat'><strong>·</strong></span> <span class='ocrx_word' id='word_1_536' title='bbox 3180 2931 3181 2934; x_wconf 43' lang='lat'>¹</span> 
     </span>
    </p>

    <p class='ocr_par' dir='ltr' id='par_1_11' title="bbox 1828 2983 3120 4392">
     <span class='ocr_line' id='line_1_75' title="bbox 1954 2983 3116 3058; baseline 0.002 -19"><span class='ocrx_word' id='word_1_537' title='bbox 1954 2990 1993 3058; x_wconf 44' lang='grc' dir='ltr'><strong>ἱ)</strong></span> <span class='ocrx_word' id='word_1_538' title='bbox 2057 2983 2831 3053; x_wconf 85' lang='lat' dir='ltr'><strong>Fessler-Jungmann</strong></span> <span class='ocrx_word' id='word_1_539' title='bbox 2892 2991 2920 3049; x_wconf 65' lang='grc' dir='ltr'><strong>ς</strong></span> <span class='ocrx_word' id='word_1_540' title='bbox 2981 2988 3116 3041; x_wconf 80' lang='grc'><strong>229;</strong></span> 
     </span>
     <span class='ocr_line' id='line_1_76' title="bbox 1854 3053 3116 3121; baseline -0.001 -12"><span class='ocrx_word' id='word_1_541' title='bbox 1854 3057 2406 3112; x_wconf 82' lang='lat' dir='ltr'><strong>Bardenhewer</strong></span> <span class='ocrx_word' id='word_1_542' title='bbox 2444 3064 2472 3121; x_wconf 67' lang='lat'>5</span> <span class='ocrx_word' id='word_1_543' title='bbox 2498 3060 2566 3112; x_wconf 87' lang='lat'><strong>96</strong></span> <span class='ocrx_word' id='word_1_544' title='bbox 2606 3072 2661 3108; x_wconf 91' lang='grc' dir='ltr'><strong>ιι.</strong></span> <span class='ocrx_word' id='word_1_545' title='bbox 2690 3061 2752 3113; x_wconf 81' lang='lat'><strong>3:</strong></span> <span class='ocrx_word' id='word_1_546' title='bbox 2796 3053 3116 3108; x_wconf 74' lang='lat' dir='ltr'><strong>Schrodl</strong></span> 
     </span>
     <span class='ocr_line' id='line_1_77' title="bbox 1830 3124 3114 3192; baseline 0.001 -11"><span class='ocrx_word' id='word_1_547' title='bbox 1830 3128 1943 3182; x_wconf 89' lang='lat' dir='ltr'><strong>KL.</strong></span> <span class='ocrx_word' id='word_1_548' title='bbox 1971 3130 2039 3192; x_wconf 82' lang='lat' dir='ltr'><strong>V,</strong></span> <span class='ocrx_word' id='word_1_549' title='bbox 2067 3133 2380 3188; x_wconf 78' lang='lat'>2042-46;</span> <span class='ocrx_word' id='word_1_550' title='bbox 2435 3124 2879 3181; x_wconf 86' lang='lat' dir='ltr'><strong>Gennadius</strong></span> <span class='ocrx_word' id='word_1_551' title='bbox 2923 3141 2968 3178; x_wconf 89' lang='lat' dir='ltr'><strong>c.</strong></span> <span class='ocrx_word' id='word_1_552' title='bbox 3015 3131 3114 3184; x_wconf 84' lang='lat'><strong>69:</strong></span> 
     </span>
     <span class='ocr_line' id='line_1_78' title="bbox 1830 3194 3119 3267; baseline -0.003 -14"><span class='ocrx_word' id='word_1_553' title='bbox 1830 3199 1875 3253; x_wconf 77' lang='lat' dir='ltr'><strong>&#39;I&#39;</strong></span> <span class='ocrx_word' id='word_1_554' title='bbox 1892 3201 1909 3254; x_wconf 87' lang='lat' dir='ltr'><strong>i</strong></span> <span class='ocrx_word' id='word_1_555' title='bbox 1929 3201 2030 3255; x_wconf 84' lang='lat' dir='ltr'><strong>lle</strong></span> <span class='ocrx_word' id='word_1_556' title='bbox 2048 3220 2102 3255; x_wconf 88' lang='grc' dir='ltr'><strong>ιιι</strong></span> <span class='ocrx_word' id='word_1_557' title='bbox 2119 3218 2150 3254; x_wconf 94' lang='lat' dir='ltr'><strong>o</strong></span> <span class='ocrx_word' id='word_1_558' title='bbox 2168 3217 2206 3251; x_wconf 90' lang='lat' dir='ltr'><strong>n</strong></span> <span class='ocrx_word' id='word_1_559' title='bbox 2223 3203 2249 3252; x_wconf 95' lang='lat' dir='ltr'><strong>t</strong></span> <span class='ocrx_word' id='word_1_560' title='bbox 2276 3198 2394 3265; x_wconf 82' lang='lat' dir='ltr'><strong>XV,</strong></span> <span class='ocrx_word' id='word_1_561' title='bbox 2422 3197 2651 3254; x_wconf 78' lang='grc'><strong>36--97-</strong></span> <span class='ocrx_word' id='word_1_562' title='bbox 2673 3228 2738 3237; x_wconf 91' lang='grc'>-</span> <span class='ocrx_word' id='word_1_563' title='bbox 2761 3194 2899 3267; x_wconf 86' lang='lat' dir='ltr'><strong>Ejus</strong></span> <span class='ocrx_word' id='word_1_564' title='bbox 2918 3195 3119 3250; x_wconf 85' lang='lat' dir='ltr'><strong>laudes</strong></span> 
     </span>
     <span class='ocr_line' id='line_1_79' title="bbox 1830 3267 3113 3341; baseline -0.004 -16"><span class='ocrx_word' id='word_1_565' title='bbox 1830 3271 2040 3325; x_wconf 82' lang='lat' dir='ltr'><strong>cecinit</strong></span> <span class='ocrx_word' id='word_1_566' title='bbox 2064 3273 2113 3323; x_wconf 87' lang='lat' dir='ltr'>A</span> <span class='ocrx_word' id='word_1_567' title='bbox 2129 3287 2159 3324; x_wconf 91' lang='lat' dir='ltr'><strong>e</strong></span> <span class='ocrx_word' id='word_1_568' title='bbox 2177 3271 2213 3322; x_wconf 92' lang='lat' dir='ltr'><strong>d</strong></span> <span class='ocrx_word' id='word_1_569' title='bbox 2231 3287 2259 3323; x_wconf 91' lang='lat' dir='ltr'><strong>e</strong></span> <span class='ocrx_word' id='word_1_570' title='bbox 2276 3287 2301 3322; x_wconf 91' lang='lat' dir='ltr'><strong>s</strong></span> <span class='ocrx_word' id='word_1_571' title='bbox 2318 3270 2337 3322; x_wconf 92' lang='lat' dir='ltr'><strong>i</strong></span> <span class='ocrx_word' id='word_1_572' title='bbox 2355 3289 2393 3323; x_wconf 90' lang='lat' dir='ltr'><strong>u</strong></span> <span class='ocrx_word' id='word_1_573' title='bbox 2411 3286 2436 3322; x_wconf 89' lang='lat' dir='ltr'><strong>s</strong></span> <span class='ocrx_word' id='word_1_574' title='bbox 2462 3267 2743 3341; x_wconf 87' lang='lat' dir='ltr'><strong>(Edesius)</strong></span> <span class='ocrx_word' id='word_1_575' title='bbox 2775 3270 2946 3337; x_wconf 69' lang='lat' dir='ltr'><strong>poeta</strong></span> <span class='ocrx_word' id='word_1_576' title='bbox 2971 3267 3113 3321; x_wconf 85' lang='lat' dir='ltr'><strong>cbri-</strong></span> 
     </span>
     <span class='ocr_line' id='line_1_80' title="bbox 1830 3338 3119 3406; baseline -0.002 -11"><span class='ocrx_word' id='word_1_577' title='bbox 1830 3342 2068 3406; x_wconf 86' lang='lat' dir='ltr'><strong>stianus‚</strong></span> <span class='ocrx_word' id='word_1_578' title='bbox 2094 3340 2412 3396; x_wconf 82' lang='lat' dir='ltr'><strong>rhetoricae</strong></span> <span class='ocrx_word' id='word_1_579' title='bbox 2432 3338 2737 3395; x_wconf 80' lang='lat' dir='ltr'><strong>facundiae</strong></span> <span class='ocrx_word' id='word_1_580' title='bbox 2763 3342 2823 3392; x_wconf 88' lang='lat' dir='ltr'><strong>et</strong></span> <span class='ocrx_word' id='word_1_581' title='bbox 2847 3339 3119 3392; x_wconf 78' lang='lat' dir='ltr'><strong>metricae</strong></span> 
     </span>
     <span class='ocr_line' id='line_1_81' title="bbox 1829 3409 3117 3497; baseline -0.002 -31"><span class='ocrx_word' id='word_1_582' title='bbox 1829 3412 1970 3469; x_wconf 86' lang='lat' dir='ltr'><strong>artis</strong></span> <span class='ocrx_word' id='word_1_583' title='bbox 2003 3412 2385 3497; x_wconf 84' lang='lat' dir='ltr'><strong>peritissimus</strong></span> <span class='ocrx_word' id='word_1_584' title='bbox 2411 3411 2517 3477; x_wconf 85' lang='lat' dir='ltr'><strong>vir,</strong></span> <span class='ocrx_word' id='word_1_585' title='bbox 2543 3429 2587 3464; x_wconf 90' lang='lat' dir='ltr'><strong>s.</strong></span> <span class='ocrx_word' id='word_1_586' title='bbox 2616 3409 2837 3464; x_wconf 84' lang='lat' dir='ltr'><strong>Hilario</strong></span> <span class='ocrx_word' id='word_1_587' title='bbox 2875 3409 3117 3464; x_wconf 80' lang='lat' dir='ltr'><strong>familia·</strong></span> 
     </span>
     <span class='ocr_line' id='line_1_82' title="bbox 1828 3482 3114 3554; baseline -0.003 -16"><span class='ocrx_word' id='word_1_588' title='bbox 1828 3484 1924 3538; x_wconf 88' lang='lat' dir='ltr'><strong>ris.</strong></span> <span class='ocrx_word' id='word_1_589' title='bbox 1952 3485 2092 3554; x_wconf 66' lang='lat' dir='ltr'><strong>Ejus</strong></span> <span class='ocrx_word' id='word_1_590' title='bbox 2118 3482 2387 3540; x_wconf 85' lang='lat' dir='ltr'><strong>carminis</strong></span> <span class='ocrx_word' id='word_1_591' title='bbox 2415 3486 2607 3537; x_wconf 89' lang='lat' dir='ltr'><strong>tamen</strong></span> <span class='ocrx_word' id='word_1_592' title='bbox 2633 3482 2864 3535; x_wconf 83' lang='lat' dir='ltr'><strong>exstant</strong></span> <span class='ocrx_word' id='word_1_593' title='bbox 2888 3483 3114 3535; x_wconf 87' lang='lat' dir='ltr'><strong>tantum</strong></span> 
     </span>
     <span class='ocr_line' id='line_1_83' title="bbox 1830 3551 3115 3624; baseline -0.004 -15"><span class='ocrx_word' id='word_1_594' title='bbox 1830 3573 2024 3609; x_wconf 84' lang='lat' dir='ltr'><strong>versus</strong></span> <span class='ocrx_word' id='word_1_595' title='bbox 2055 3563 2117 3612; x_wconf 82' lang='lat'><strong>12</strong></span> <span class='ocrx_word' id='word_1_596' title='bbox 2143 3555 2359 3624; x_wconf 83' lang='lat' dir='ltr'><strong>recepti</strong></span> <span class='ocrx_word' id='word_1_597' title='bbox 2397 3553 2459 3607; x_wconf 91' lang='lat' dir='ltr'><strong>in</strong></span> <span class='ocrx_word' id='word_1_598' title='bbox 2502 3554 2679 3608; x_wconf 85' lang='lat' dir='ltr'><strong>vitam</strong></span> <span class='ocrx_word' id='word_1_599' title='bbox 2721 3568 2895 3624; x_wconf 86' lang='lat' dir='ltr'><strong>supra</strong></span> <span class='ocrx_word' id='word_1_600' title='bbox 2920 3551 3115 3606; x_wconf 86' lang='lat' dir='ltr'><strong>lauda-</strong></span> 
     </span>
     <span class='ocr_line' id='line_1_84' title="bbox 1828 3623 3117 3688; baseline -0.003 -9"><span class='ocrx_word' id='word_1_601' title='bbox 1828 3629 1965 3680; x_wconf 89' lang='lat' dir='ltr'><strong>tam.</strong></span> <span class='ocrx_word' id='word_1_602' title='bbox 2016 3627 2099 3680; x_wconf 80' lang='lat' dir='ltr'><strong>Of.</strong></span> <span class='ocrx_word' id='word_1_603' title='bbox 2127 3626 2274 3680; x_wconf 88' lang='lat' dir='ltr'><strong>Hist.</strong></span> <span class='ocrx_word' id='word_1_604' title='bbox 2302 3625 2387 3681; x_wconf 92' lang='lat' dir='ltr'><strong>lit.</strong></span> <span class='ocrx_word' id='word_1_605' title='bbox 2417 3627 2484 3688; x_wconf 85' lang='lat' dir='ltr'><strong>ll,</strong></span> <span class='ocrx_word' id='word_1_606' title='bbox 2512 3631 2615 3681; x_wconf 81' lang='lat'><strong>352</strong></span> <span class='ocrx_word' id='word_1_607' title='bbox 2644 3642 2686 3677; x_wconf 89' lang='lat' dir='ltr'><strong>s.</strong></span> <span class='ocrx_word' id='word_1_608' title='bbox 2708 3656 2775 3665; x_wconf 90' lang='lat'><strong>—</strong></span> <span class='ocrx_word' id='word_1_609' title='bbox 2796 3624 2847 3676; x_wconf 83' lang='lat' dir='ltr'>A</span> <span class='ocrx_word' id='word_1_610' title='bbox 2874 3623 3117 3676; x_wconf 88' lang='lat' dir='ltr'><strong>nonnul-</strong></span> 
     </span>
     <span class='ocr_line' id='line_1_85' title="bbox 1828 3695 3119 3753; baseline -0.003 -2"><span class='ocrx_word' id='word_1_611' title='bbox 1828 3699 1900 3751; x_wconf 91' lang='lat' dir='ltr'><strong>lis</strong></span> <span class='ocrx_word' id='word_1_612' title='bbox 1927 3697 2333 3753; x_wconf 87' lang='lat' dir='ltr'><strong>tribuebantur</strong></span> <span class='ocrx_word' id='word_1_613' title='bbox 2383 3695 2605 3752; x_wconf 87' lang='lat' dir='ltr'><strong>Hilario</strong></span> <span class='ocrx_word' id='word_1_614' title='bbox 2670 3697 2863 3748; x_wconf 86' lang='lat' dir='ltr'><strong>nostro</strong></span> <span class='ocrx_word' id='word_1_615' title='bbox 2928 3699 3119 3748; x_wconf 58' lang='lat' dir='ltr'><strong>szus</strong></span> 
     </span>
     <span class='ocr_line' id='line_1_86' title="bbox 1829 3765 3116 3836; baseline -0.003 -14"><span class='ocrx_word' id='word_1_616' title='bbox 1829 3769 1891 3822; x_wconf 91' lang='lat' dir='ltr'><strong>in</strong></span> <span class='ocrx_word' id='word_1_617' title='bbox 1932 3769 2115 3822; x_wconf 86' lang='lat' dir='ltr'><strong>natali</strong></span> <span class='ocrx_word' id='word_1_618' title='bbox 2156 3769 2629 3823; x_wconf 88' lang='lat' dir='ltr'><strong>Machabaeornm</strong></span> <span class='ocrx_word' id='word_1_619' title='bbox 2676 3765 2811 3819; x_wconf 84' lang='lat' dir='ltr'><strong>MM.</strong></span> <span class='ocrx_word' id='word_1_620' title='bbox 2847 3765 3116 3836; x_wconf 85' lang='lat' dir='ltr'><strong>(Migne</strong></span> 
     </span>
     <span class='ocr_line' id='line_1_87' title="bbox 1829 3836 3115 3910; baseline -0.004 -16"><span class='ocrx_word' id='word_1_621' title='bbox 1829 3842 1891 3906; x_wconf 91' lang='lat' dir='ltr'><strong>L,</strong></span> <span class='ocrx_word' id='word_1_622' title='bbox 1924 3845 2293 3910; x_wconf 82' lang='lat'>1275—1286)</span> <span class='ocrx_word' id='word_1_623' title='bbox 2335 3842 2392 3894; x_wconf 88' lang='lat' dir='ltr'><strong>et</strong></span> <span class='ocrx_word' id='word_1_624' title='bbox 2420 3839 2665 3893; x_wconf 80' lang='lat' dir='ltr'><strong>Mettum</strong></span> <span class='ocrx_word' id='word_1_625' title='bbox 2705 3844 2764 3892; x_wconf 80' lang='lat' dir='ltr'><strong>in</strong></span> <span class='ocrx_word' id='word_1_626' title='bbox 2792 3841 3017 3892; x_wconf 76' lang='lat' dir='ltr'><strong>Genesin</strong></span> <span class='ocrx_word' id='word_1_627' title='bbox 3041 3836 3115 3889; x_wconf 82' lang='lat' dir='ltr'><strong>ad</strong></span> 
     </span>
     <span class='ocr_line' id='line_1_88' title="bbox 1830 3910 3115 3982; baseline -0.004 -17"><span class='ocrx_word' id='word_1_628' title='bbox 1830 3913 2073 3966; x_wconf 90' lang='lat' dir='ltr'><strong>Leonem</strong></span> <span class='ocrx_word' id='word_1_629' title='bbox 2124 3927 2333 3982; x_wconf 84' lang='lat' dir='ltr'><strong>papam</strong></span> <span class='ocrx_word' id='word_1_630' title='bbox 2383 3910 2479 3980; x_wconf 78' lang='lat' dir='ltr'><strong>(ib.</strong></span> <span class='ocrx_word' id='word_1_631' title='bbox 2527 3912 2916 3972; x_wconf 69' lang='grc'>1287-1292),</span> <span class='ocrx_word' id='word_1_632' title='bbox 2968 3924 3115 3976; x_wconf 86' lang='lat' dir='ltr'><strong>quae</strong></span> 
     </span>
     <span class='ocr_line' id='line_1_89' title="bbox 1830 3976 3119 4047; baseline -0.002 -11"><span class='ocrx_word' id='word_1_633' title='bbox 1830 3987 2021 4037; x_wconf 82' lang='lat' dir='ltr'><strong>tamen</strong></span> <span class='ocrx_word' id='word_1_634' title='bbox 2071 4000 2202 4036; x_wconf 82' lang='lat' dir='ltr'><strong>cum</strong></span> <span class='ocrx_word' id='word_1_635' title='bbox 2248 3981 2500 4036; x_wconf 88' lang='lat' dir='ltr'><strong>carmine</strong></span> <span class='ocrx_word' id='word_1_636' title='bbox 2549 3984 2612 4034; x_wconf 77' lang='lat' dir='ltr'><strong>de</strong></span> <span class='ocrx_word' id='word_1_637' title='bbox 2659 3984 2922 4047; x_wconf 72' lang='lat' dir='ltr'><strong>evanyelu&#39;o</strong></span> <span class='ocrx_word' id='word_1_638' title='bbox 2972 3996 3006 4031; x_wconf 89' lang='lat' dir='ltr'><strong>a</strong></span> <span class='ocrx_word' id='word_1_639' title='bbox 3050 3976 3119 4034; x_wconf 83' lang='lat' dir='ltr'><strong>R.</strong></span> 
     </span>
     <span class='ocr_line' id='line_1_90' title="bbox 1831 4050 3117 4131; baseline -0.004 -24"><span class='ocrx_word' id='word_1_640' title='bbox 1831 4055 1872 4107; x_wconf 93' lang='lat' dir='ltr'>P</span> <span class='ocrx_word' id='word_1_641' title='bbox 1891 4070 1919 4106; x_wconf 92' lang='lat' dir='ltr'><strong>e</strong></span> <span class='ocrx_word' id='word_1_642' title='bbox 1938 4056 1956 4107; x_wconf 82' lang='lat' dir='ltr'><strong>i</strong></span> <span class='ocrx_word' id='word_1_643' title='bbox 1973 4074 2015 4124; x_wconf 86' lang='lat' dir='ltr'><strong>p</strong></span> <span class='ocrx_word' id='word_1_644' title='bbox 2030 4070 2059 4106; x_wconf 91' lang='lat' dir='ltr'><strong>e</strong></span> <span class='ocrx_word' id='word_1_645' title='bbox 2076 4072 2104 4107; x_wconf 89' lang='lat' dir='ltr'><strong>r</strong></span> <span class='ocrx_word' id='word_1_646' title='bbox 2130 4052 2191 4106; x_wconf 89' lang='lat' dir='ltr'><strong>in</strong></span> <span class='ocrx_word' id='word_1_647' title='bbox 2218 4053 2297 4122; x_wconf 83' lang='lat' dir='ltr'><strong>Cy</strong></span> <span class='ocrx_word' id='word_1_648' title='bbox 2341 4053 2492 4107; x_wconf 89' lang='lat' dir='ltr'><strong>riani</strong></span> <span class='ocrx_word' id='word_1_649' title='bbox 2512 4050 2653 4122; x_wconf 87' lang='lat' dir='ltr'><strong>gan</strong></span> <span class='ocrx_word' id='word_1_650' title='bbox 2675 4055 2879 4121; x_wconf 70' lang='lat' dir='ltr'><strong>poetae</strong></span> <span class='ocrx_word' id='word_1_651' title='bbox 2906 4050 3117 4131; x_wconf 80' lang='lat' dir='ltr'><strong>Hepta-</strong></span> 
     </span>
     <span class='ocr_line' id='line_1_91' title="bbox 1829 4122 3120 4190; baseline -0.005 -11"><span class='ocrx_word' id='word_1_652' title='bbox 1829 4126 2064 4180; x_wconf 86' lang='lat' dir='ltr'><strong>teuchos</strong></span> <span class='ocrx_word' id='word_1_653' title='bbox 2105 4125 2296 4178; x_wconf 90' lang='lat' dir='ltr'><strong>Vindo</strong></span> <span class='ocrx_word' id='word_1_654' title='bbox 2341 4141 2482 4178; x_wconf 88' lang='lat' dir='ltr'><strong>onae</strong></span> <span class='ocrx_word' id='word_1_655' title='bbox 2527 4128 2660 4179; x_wconf 82' lang='lat'>1891</span> <span class='ocrx_word' id='word_1_656' title='bbox 2727 4122 2835 4176; x_wconf 88' lang='lat' dir='ltr'><strong>Cor</strong></span> <span class='ocrx_word' id='word_1_657' title='bbox 2879 4161 2891 4174; x_wconf 91' lang='lat'><strong>.</strong></span> <span class='ocrx_word' id='word_1_658' title='bbox 2919 4123 3120 4190; x_wconf 77' lang='lat' dir='ltr'><strong>script.</strong></span> 
     </span>
     <span class='ocr_line' id='line_1_92' title="bbox 1830 4192 3115 4265; baseline -0.005 -14"><span class='ocrx_word' id='word_1_659' title='bbox 1830 4199 1962 4252; x_wconf 91' lang='lat' dir='ltr'><strong>eccl.</strong></span> <span class='ocrx_word' id='word_1_660' title='bbox 1978 4196 2077 4250; x_wconf 87' lang='lat' dir='ltr'><strong>lat.</strong></span> <span class='ocrx_word' id='word_1_661' title='bbox 2093 4196 2294 4262; x_wconf 78' lang='lat' dir='ltr'>XXIII)</span> <span class='ocrx_word' id='word_1_662' title='bbox 2312 4217 2366 4265; x_wconf 89' lang='lat' dir='ltr'><strong>p.</strong></span> <span class='ocrx_word' id='word_1_663' title='bbox 2385 4197 2667 4251; x_wconf 76' lang='lat'>231—274</span> <span class='ocrx_word' id='word_1_664' title='bbox 2682 4210 2714 4246; x_wconf 89' lang='lat' dir='ltr'><strong>a</strong></span> <span class='ocrx_word' id='word_1_665' title='bbox 2742 4192 2786 4246; x_wconf 88' lang='lat' dir='ltr'><strong>ii</strong></span> <span class='ocrx_word' id='word_1_666' title='bbox 2880 4192 2986 4247; x_wconf 89' lang='lat' dir='ltr'><strong>ila</strong></span> <span class='ocrx_word' id='word_1_667' title='bbox 3001 4210 3030 4246; x_wconf 90' lang='lat' dir='ltr'><strong>r</strong></span> <span class='ocrx_word' id='word_1_668' title='bbox 3045 4193 3066 4244; x_wconf 95' lang='lat' dir='ltr'><strong>i</strong></span> <span class='ocrx_word' id='word_1_669' title='bbox 3082 4209 3115 4245; x_wconf 92' lang='lat' dir='ltr'><strong>o</strong></span> 
     </span>
     <span class='ocr_line' id='line_1_93' title="bbox 1829 4261 3118 4392; baseline -0.002 -72"><span class='ocrx_word' id='word_1_670' title='bbox 1829 4268 1984 4392; x_wconf 58' lang='lat' dir='ltr'><strong>{allo</strong></span> <span class='ocrx_word' id='word_1_671' title='bbox 2014 4269 2215 4337; x_wconf 84' lang='lat' dir='ltr'><strong>poetae</strong></span> <span class='ocrx_word' id='word_1_672' title='bbox 2244 4273 2369 4337; x_wconf 80' lang='lat' dir='ltr'><strong>(sec.</strong></span> <span class='ocrx_word' id='word_1_673' title='bbox 2402 4268 2467 4338; x_wconf 86' lang='lat' dir='ltr'><strong>V)</strong></span> <span class='ocrx_word' id='word_1_674' title='bbox 2509 4264 2652 4320; x_wconf 86' lang='lat' dir='ltr'><strong>alias</strong></span> <span class='ocrx_word' id='word_1_675' title='bbox 2679 4265 2880 4335; x_wconf 88' lang='lat' dir='ltr'><strong>ignoto</strong></span> <span class='ocrx_word' id='word_1_676' title='bbox 2909 4261 3118 4317; x_wconf 84' lang='lat' dir='ltr'><strong>adscri-</strong></span> 
     </span>
    </p>

    <p class='ocr_par' dir='ltr' id='par_1_12' title="bbox 1870 4341 2066 4393">
     <span class='ocr_line' id='line_1_94' title="bbox 1870 4341 2066 4393; baseline -0.01 0"><span class='ocrx_word' id='word_1_677' title='bbox 1870 4341 2066 4393; x_wconf 88' lang='lat' dir='ltr'><strong>untur.</strong></span> 
     </span>
    </p>

    <p class='ocr_par' dir='ltr' id='par_1_13' title="bbox 1830 4405 3123 4833">
     <span class='ocr_line' id='line_1_95' title="bbox 1906 4405 3116 4476; baseline -0.005 -12"><span class='ocrx_word' id='word_1_678' title='bbox 1906 4413 1947 4476; x_wconf 78' lang='lat'><strong>⁸)</strong></span> <span class='ocrx_word' id='word_1_679' title='bbox 1977 4409 2060 4464; x_wconf 87' lang='lat' dir='ltr'><strong>Cf.</strong></span> <span class='ocrx_word' id='word_1_680' title='bbox 2100 4409 2247 4463; x_wconf 79' lang='lat' dir='ltr'><strong>Hist.</strong></span> <span class='ocrx_word' id='word_1_681' title='bbox 2289 4409 2461 4463; x_wconf 79' lang='lat' dir='ltr'><strong>litter.</strong></span> <span class='ocrx_word' id='word_1_682' title='bbox 2504 4408 2574 4461; x_wconf 90' lang='lat' dir='ltr'><strong>de</strong></span> <span class='ocrx_word' id='word_1_683' title='bbox 2615 4407 2672 4460; x_wconf 86' lang='lat' dir='ltr'><strong>la</strong></span> <span class='ocrx_word' id='word_1_684' title='bbox 2713 4405 2803 4462; x_wconf 85' lang='lat' dir='ltr'><strong>Fr.</strong></span> <span class='ocrx_word' id='word_1_685' title='bbox 2845 4408 2913 4470; x_wconf 89' lang='grc' dir='ltr'><strong>ΙΙ,</strong></span> <span class='ocrx_word' id='word_1_686' title='bbox 2940 4413 3045 4463; x_wconf 88' lang='grc'><strong>663</strong></span> <span class='ocrx_word' id='word_1_687' title='bbox 3072 4424 3116 4459; x_wconf 88' lang='lat' dir='ltr'><strong>s.</strong></span> 
     </span>
     <span class='ocr_line' id='line_1_96' title="bbox 1830 4476 3116 4550; baseline -0.002 -16"><span class='ocrx_word' id='word_1_688' title='bbox 1830 4481 2005 4535; x_wconf 89' lang='lat' dir='ltr'><strong>Porro</strong></span> <span class='ocrx_word' id='word_1_689' title='bbox 2034 4499 2076 4534; x_wconf 87' lang='lat' dir='ltr'><strong>s.</strong></span> <span class='ocrx_word' id='word_1_690' title='bbox 2103 4480 2147 4533; x_wconf 76' lang='grc' dir='ltr'>Ε</span> <span class='ocrx_word' id='word_1_691' title='bbox 2168 4499 2203 4534; x_wconf 91' lang='grc' dir='ltr'><strong>ιι</strong></span> <span class='ocrx_word' id='word_1_692' title='bbox 2223 4483 2289 4533; x_wconf 90' lang='lat' dir='ltr'><strong>tr</strong></span> <span class='ocrx_word' id='word_1_693' title='bbox 2305 4499 2337 4535; x_wconf 92' lang='lat' dir='ltr'><strong>o</strong></span> <span class='ocrx_word' id='word_1_694' title='bbox 2354 4499 2391 4550; x_wconf 91' lang='lat' dir='ltr'><strong>p</strong></span> <span class='ocrx_word' id='word_1_695' title='bbox 2411 4481 2427 4534; x_wconf 91' lang='lat' dir='ltr'><strong>i</strong></span> <span class='ocrx_word' id='word_1_696' title='bbox 2447 4498 2485 4532; x_wconf 92' lang='lat' dir='ltr'><strong>u</strong></span> <span class='ocrx_word' id='word_1_697' title='bbox 2503 4499 2546 4544; x_wconf 84' lang='lat' dir='ltr'><strong>s,</strong></span> <span class='ocrx_word' id='word_1_698' title='bbox 2591 4479 2758 4546; x_wconf 86' lang='lat' dir='ltr'><strong>cujus</strong></span> <span class='ocrx_word' id='word_1_699' title='bbox 2784 4476 3116 4532; x_wconf 87' lang='lat' dir='ltr'><strong>memoriam</strong></span> 
     </span>
     <span class='ocr_line' id='line_1_97' title="bbox 1830 4548 3119 4622; baseline -0.003 -16"><span class='ocrx_word' id='word_1_700' title='bbox 1830 4548 3119 4622; x_wconf 78' lang='lat' dir='ltr'><strong>assignatmartyrologiumromanum27.Maj.</strong></span> 
     </span>
     <span class='ocr_line' id='line_1_98' title="bbox 1834 4619 3116 4693; baseline -0.002 -17"><span class='ocrx_word' id='word_1_701' title='bbox 1834 4627 2002 4677; x_wconf 87' lang='lat' dir='ltr'><strong>natus</strong></span> <span class='ocrx_word' id='word_1_702' title='bbox 2029 4627 2114 4676; x_wconf 90' lang='lat' dir='ltr'><strong>est</strong></span> <span class='ocrx_word' id='word_1_703' title='bbox 2141 4623 2426 4677; x_wconf 85' lang='lat' dir='ltr'><strong>Massiliae</strong></span> <span class='ocrx_word' id='word_1_704' title='bbox 2453 4621 2791 4693; x_wconf 87' lang='lat' dir='ltr'><strong>parentibus</strong></span> <span class='ocrx_word' id='word_1_705' title='bbox 2818 4619 3116 4674; x_wconf 84' lang='lat' dir='ltr'><strong>divitibus.</strong></span> 
     </span>
     <span class='ocr_line' id='line_1_99' title="bbox 1832 4690 3123 4776; baseline -0.004 -28"><span class='ocrx_word' id='word_1_706' title='bbox 1832 4696 2034 4749; x_wconf 86' lang='lat' dir='ltr'><strong>Seculo</strong></span> <span class='ocrx_word' id='word_1_707' title='bbox 2081 4695 2339 4776; x_wconf 81' lang='lat' dir='ltr'><strong>exemplo</strong></span> <span class='ocrx_word' id='word_1_708' title='bbox 2384 4692 2567 4749; x_wconf 88' lang='lat' dir='ltr'><strong>nobili</strong></span> <span class='ocrx_word' id='word_1_709' title='bbox 2612 4690 2888 4748; x_wconf 81' lang='lat' dir='ltr'><strong>valedixit</strong></span> <span class='ocrx_word' id='word_1_710' title='bbox 2930 4693 3123 4746; x_wconf 74' lang='lat' dir='ltr'><strong>tactus</strong></span> 
     </span>
     <span class='ocr_line' id='line_1_100' title="bbox 1831 4760 3118 4833; baseline -0.002 -15"><span class='ocrx_word' id='word_1_711' title='bbox 1831 4766 2123 4830; x_wconf 83' lang='lat' dir='ltr'><strong>diaconus,</strong></span> <span class='ocrx_word' id='word_1_712' title='bbox 2165 4765 2371 4820; x_wconf 80' lang='lat' dir='ltr'><strong>deinde</strong></span> <span class='ocrx_word' id='word_1_713' title='bbox 2397 4765 2617 4819; x_wconf 81' lang='lat' dir='ltr'><strong>invitus</strong></span> <span class='ocrx_word' id='word_1_714' title='bbox 2657 4765 2871 4818; x_wconf 83' lang='lat' dir='ltr'><strong>electus</strong></span> <span class='ocrx_word' id='word_1_715' title='bbox 2913 4762 2975 4816; x_wconf 90' lang='lat' dir='ltr'><strong>in</strong></span> <span class='ocrx_word' id='word_1_716' title='bbox 3001 4760 3118 4833; x_wconf 86' lang='lat' dir='ltr'><strong>epi·</strong></span> 
     </span>
    </p>
   </div>
  </div>
 </body>
</html>
