3505 5161
499 246 578 298 59

498 423 601 483 28,
636 414 699 472 111
732 433 851 489 qua
881 416 1088 473 tuetur
1111 414 1306 490 ipsum
1331 414 1659 473 Samuelem
1681 433 1775 472 re-

492 523 634 562 vera
677 505 1025 580 apparuisse
1069 503 1198 580 regi
1244 507 1305 561 et
1349 507 1551 563 contra
1595 522 1777 579 quam

489 593 831 669 opinionem
878 592 1210 668 disputavit
1261 612 1305 651 s.
1352 593 1773 652 Eustatius

490 681 903 742 antiochenus.
955 682 1097 740 Eam
1138 682 1342 741 critice
1374 681 1563 740 edidit
1593 682 1774 740 etiam

493 772 561 832 A.
595 771 793 829 Jahn
827 771 889 829 in
922 771 960 833 l.
996 771 1108 829 Des
1141 770 1196 829 h.
1220 771 1571 830 Eusthatius
1604 771 1771 830 Erzb.

490 878 608 918 von
641 859 994 919 Antiocbien
1026 860 1463 938 Beurtheilung
1502 859 1606 920 des
1639 861 1772 918 Ori·

488 967 672 1025 genes
702 949 852 1008 betr.
903 950 997 1008 die
1030 948 1399 1025 Auffassung
1431 950 1536 1008 der
1565 944 1771 1008 Wahr‘·

494 1038 731 1114 sugerin
772 1050 821 1101 1.
848 1039 995 1097 Κὸιι.
1032 1047 1112 1101 20
1150 1059 1206 1097 u.
1227 1040 1322 1097 die
1354 1039 1579 1116 beziigl.
1601 1039 1770 1097 Hom.
1832 1085 1841 1094 .

492 1126 596 1185 des
643 1128 925 1204 Origenes
961 1173 972 1185 .
1008 1171 1021 1184 .
1055 1172 1068 1185 .
1113 1129 1227 1185 mit
1272 1129 1598 1187 kritischen
1646 1129 1769 1188 und

486 1217 906 1292 exegetischen
954 1217 1426 1294 Anmerkungen
1477 1217 1541 1276 in
1588 1217 1769 1276 Gebh.

491 1306 617 1363 und
650 1307 718 1365 A.
751 1306 823 1362 Η.
857 1305 1037 1364 Texte
1068 1306 1192 1363 und
1214 1306 1569 1366 Untersuch.
1602 1316 1765 1370 1886

492 1394 565 1463 ΙΙ,
602 1404 656 1455 4.
696 1429 773 1437 -
810 1394 1163 1499 Fragmenta
1184 1414 1289 1454 seu
1310 1396 1530 1455 scholia
1555 1396 1770 1454 dubiae

485 1484 864 1542 auctoritatis
916 1486 977 1542 in
1028 1484 1368 1543 Ezechielem
1418 1485 1767 1560 praesertim

489 1571 577 1648 (et
590 1569 933 1654 Jeremiam)
967 1578 1075 1632 etc.
1108 1575 1480 1651 collegerunt
1510 1578 1769 1649 praeter-

484 1681 560 1720 ea
589 1662 727 1719 Mai
760 1658 1040 1742 (Migne
1074 1663 1135 1721 P.
1162 1665 1228 1726 G.
1259 1664 1437 1731 XVII,
1476 1675 1601 1724 9-
1526 1659 1765 1745 —370)

491 1754 551 1808 et
583 1751 797 1810 Pitra
831 1752 1077 1813 inAnal
1096 1752 1363 1821 sacrisII‚
1389 1762 1604 1815 349-
1613 1762 1767 1823 483;

488 1838 595 1909 ΠΙ,
664 1850 938 1903 1—588.
1003 1841 1340 1916 Supersunt
1389 1861 1457 1900 ex
1504 1841 1764 1901 Hiero-

490 1929 699 2004 nymi
761 1930 1035 1988 versione
1097 1930 1250 1988 hom.
1313 1930 1446 1989 XIV
1522 1932 1586 1988 in
1651 1931 1766 1989 Εε-

484 2019 781 2076 echielem:
844 2020 903 2075 in
983 2020 1205 2078 Lucam
1282 2020 1435 2077 hom.
1513 2019 1764 2078 XXXIX.

484 2140 576 2151 -—
607 2106 719 2164 His
782 2107 1080 2166 addantur
1141 2108 1230 2166 De
1283 2109 1609 2167 nominibus
1669 2111 1762 2167 Ιιε-

482 2196 717 2267 hraicis,
768 2198 873 2271 qui
920 2196 957 2254 1.
1004 2200 1236 2272 prostat
1280 2201 1516 2256 tantum
1564 2199 1628 2257 in
1671 2218 1764 2257 re·

484 2286 837 2343 tractatione
910 2303 955 2344 s.
1002 2286 1457 2363 Hieronymi
1516 2289 1641 2346 scil.
1702 2288 1764 2345 in

482 2375 614 2449 ejus
646 2374 684 2433 l.
718 2375 1206 2450 interpretationis
1223 2376 1622 2435 hebraicorum
1656 2394 1763 2436 no·

486 2463 709 2522 minum
755 2464 844 2524 ed.
892 2484 926 2523 a
969 2465 1309 2540 Lagarde
1355 2466 1419 2524 in
1464 2485 1558 2542 op.
1606 2466 1763 2524 Ono-

487 2553 733 2611 mastica
779 2571 959 2625 sacra,
1008 2554 1334 2632 Gottingen
1389 2563 1548 2618 1887
1599 2556 1689 2614 ed.
1726 2564 1759 2616 2

483 2661 538 2717 p.
591 2651 912 2706 25-192.
966 2677 1036 2687 -
1089 2642 1358 2718 Epistola
1400 2646 1480 2702 ad
1522 2644 1763 2706 Julium

483 2731 860 2806 Africanum,
907 2732 972 2791 in
1021 2751 1139 2809 qua
1169 2734 1539 2792 authentiam
1572 2734 1761 2792 histo-

481 2820 603 2878 riae
679 2821 983 2881 Susannae
1046 2822 1107 2880 in
1159 2821 1196 2879 1.
1248 2823 1510 2881 Danielis
1574 2821 1762 2881 solide

478 2911 717 2978 tuetur;
766 2911 1017 2986 epistola
1060 2912 1141 2969 ad
1178 2911 1524 2988 Greqora'um
1565 2912 1759 2970 Thau·

482 3006 833 3077 maturyum,
887 3001 949 3059 in
1000 3020 1120 3075 qua
1168 3000 1240 3058 de
1290 3001 1551 3059 utilitate
1584 3001 1761 3059 disci-

480 3088 781 3162 plinarum
826 3089 1368 3166 philosophicarum
1406 3089 1479 3149 ad
1527 3108 1573 3149 s.
1607 3090 1761 3148 Scri-

476 3177 691 3252 pturae
722 3179 1152 3254 expositionem
1185 3178 1444 3239 disserit.
1490 3179 1634 3238 Eam
1667 3197 1759 3237 ac·

480 3271 682 3324 curate
733 3268 922 3326 edidit
967 3269 1215 3326 seorsim
1271 3268 1650 3327 Draeseke
1696 3268 1758 3323 in

476 3353 681 3413 Jahrb.
716 3357 753 3413 f.
774 3359 927 3431 prot.
949 3358 1149 3415 Theol.
1182 3365 1334 3420 1881
1365 3376 1421 3431 p.
1448 3365 1756 3422 102-126;

478 3463 610 3501 cum
662 3448 805 3502 orat.
856 3447 1214 3520 panegyrica
1264 3445 1534 3520 Gregorii
1565 3444 1759 3501 Thau-

476 3532 737 3608 maturgi
801 3533 873 3590 ad
922 3535 1237 3609 Origenem
1300 3533 1757 3600 Koetschau,

476 3619 755 3698 Friburgi
813 3631 1001 3684 1894.
1063 3625 1241 3680 Amat
1302 3621 1365 3678 in
1419 3624 1546 3680 suis
1596 3640 1754 3679 com·

475 3711 785 3768 menteriis
817 3711 1028 3786 longos
1060 3729 1339 3769 excursus
1386 3711 1756 3785 philosophi-

472 3800 961 3876 co·theologicos‚
1024 3818 1233 3857 sensus
1297 3799 1582 3874 mysticos
1650 3818 1757 3857 seu

474 3887 820 3963 allegoricos
873 3888 1049 3945 nimis
1101 3887 1358 3946 libenter
1407 3888 1633 3963 ubique
1665 3888 1756 3945 in-

472 3976 686 4051 dagare
719 3977 954 4045 nititur,
1002 3981 1064 4034 et
1095 3979 1238 4035 <lum
1269 3977 1513 4034 nimiam
1546 3994 1751 4035 excur-

472 4065 640 4123 rendi
689 4065 910 4123 calamo
956 4066 1255 4141 permittit
1300 4065 1656 4135 libertatem,
1692 4067 1754 4123 in

474 4155 781 4228 opiniones
814 4155 1143 4214 malesanas
1178 4154 1388 4212 incidit
1404 4149 1467 4236 ¹).

552 4371 586 4416 ¹)
616 4361 732 4414 Hae
776 4359 1065 4413 occasione
1111 4361 1467 4428 quorundum
1509 4361 1754 4414 aliorum

474 4432 812 4486 mentionem
854 4430 1142 4488 faciemus.
1184 4433 1285 4498 qui
1325 4433 1433 4485 hoc
1476 4433 1705 4485 seculo
1692 4450 1752 4484 111

472 4503 677 4556 studiis
744 4503 967 4557 biblicis
1020 4505 1227 4557 versati
1293 4509 1443 4563 sunt.
1508 4521 1749 4571 quorum

474 4581 659 4628 tumen
688 4575 907 4629 labores
958 4575 1031 4627 ad
1074 4593 1173 4628 nos
1213 4593 1327 4630 non
1353 4579 1750 4645 pervenerunt.

474 4647 553 4699 lta
599 4647 849 4710 sudas,
893 4651 1032 4699 teste
1080 4647 1532 4714 Hieronymo
1575 4653 1751 4716 (prae-

468 4721 637 4773 eunte
680 4719 1002 4772 Eusebio
1049 4719 1113 4770 H.
1160 4719 1216 4770 Ε.
1258 4718 1354 4774 Vl.
1395 4721 1448 4773 ''c'l
1477 4735 1521 4769 C.
1552 4727 1615 4772 52»
1650 4717 1750 4778 „de

470 4791 834 4859 septuaginta
874 4790 1029 4860 apud
1058 4790 1257 4844 Daniel
1301 4789 1751 4845 hebdomadibus

1255 232 1554 283 201—300.
1607 226 1872 296 Origenis
1902 242 2074 298 opera.
2102 228 2358 297 genuina

3034 247 3114 299 60

1925 422 2024 475 24.
2061 415 2427 472 Ascetica
2473 418 2618 473 sunt
2648 417 2779 498 περὶ
2813 411 3001 500 εὐχῆς
3046 416 3117 473 de

1832 503 2112 579 oratione,
2145 503 2210 562 in
2241 522 2360 579 quo
2393 502 2466 562 de
2499 504 2764 562 oratione
2805 504 2868 562 in
2900 522 3116 579 genere

1829 727 2153 798 plenissime
2180 727 2501 797 disputavit
2520 731 2574 781 et
2595 727 3114 798 chronographiam

1829 799 2186 868 superiorum
2205 802 2522 869 temporum
2542 816 2722 866 usque
2739 800 2814 853 ad
2832 807 2910 854 10.
2924 799 3114 854 Severi

1829 870 2099 941 perduxit
2125 888 2357 924 annum.
2386 871 2451 923 In
2479 888 2593 939 qua
2610 871 2814 924 erroris
2830 870 3114 941 arguitur.

1829 942 1983 1010 quod
2033 941 2345 996 adventum
2407 942 2733 997 antichristi
2798 941 2950 995 circa
3011 958 3110 994 sua

1828 1018 2082 1084 tempora
2128 1015 2387 1067 futurum
2432 1030 2549 1066 esse
2595 1014 2835 1072 dixerit:
2883 1014 2977 1067 sed
3005 1013 3112 1067 hoc

1827 1085 1954 1139 ideo
1974 1127 1986 1148 ,
2051 1085 2189 1153 quia
2251 1085 2588 1209 magnitudo
2653 1084 3112 1156 persecutionum

1828 1160 2179 1227 praesentem
2206 1175 2341 1211 mun
2386 1156 2404 1208 i
2431 1156 2759 1212 minabatur
2800 1169 3108 1210 0001131111).θὸ

1847 1263 1884 1269 -
1925 1228 2313 1289 „Ammoniu
2335 1245 2376 1287 s,
2405 1228 2578 1281 refert
2605 1228 2654 1280 H
2682 1228 3113 1296 ieronymus

1825 1298 1902 1353 ib.
1930 1317 1974 1352 c.
2006 1309 2089 1361 55,
2134 1299 2222 1351 vir
2266 1299 2512 1353 disertus
2556 1303 2615 1353 et
2657 1300 2920 1353 eruditus
2948 1300 3112 1354 valde

1825 1371 2022 1425 eodem
2067 1375 2318 1441 tempore
2363 1377 2514 1435 (cum
2560 1370 2824 1440 Origene)
2872 1373 3110 1425 Alexan·

1825 1442 1981 1495 driae
2010 1444 2196 1497 clirus
2221 1442 2454 1496 habitus
2482 1448 2582 1496 est.
2612 1442 2721 1508 Qui
2751 1443 2902 1496 inter
2931 1443 3110 1496 multa

1824 1513 2042 1583 ingenii
2071 1513 2160 1566 sui
2177 1517 2233 1566 et
2250 1516 2538 1583 praeclara·
2553 1517 2921 1569 monumenta
2939 1513 3112 1567 etiam

1825 1585 1893 1637 de
1921 1584 2294 1640 consonantia
2323 1585 2505 1652 Moysi
2545 1589 2603 1637 et
2633 1586 2766 1638 Jesu
2815 1602 2959 1655 opus
3006 1587 3110 1640 ele-

1824 1674 1967 1723 gius
2006 1658 2328 1726 composuit
2367 1660 2425 1711 et
2463 1657 2823 1726 evangelicos
2863 1672 3108 1709 canones

1825 1726 2129 1797 (specimen
2205 1727 2533 1782 harmoniae
2609 1728 2975 1797 evangelicae
3037 1729 3109 1779 cf.

1826 1798 2072 1867 Migne
2114 1800 2175 1852 P.
2217 1800 2281 1852 G.
2326 1800 2495 1864 XXII,
2543 1806 2698 1871 1276)
2741 1798 3109 1869 excogitavit,

1824 1887 1966 1937 quos
1994 1873 2190 1940 postea
2221 1875 2448 1923 secutus
2488 1873 2573 1923 est
2601 1870 2881 1924 Eusebius
2926 1886 3108 1923 caess-

1822 1940 1903 1994 rie
1908 1942 2054 1995 nsis⁶¹
2065 1943 2220 1995 .Sub
2241 1943 2363 2012 ejus
2384 1943 2493 2012 (vel
2521 1942 2565 1994 T
2581 1959 2614 1993 a
2630 1942 2685 1994 t
2671 1961 2690 1994 1
2707 1960 2738 1993 a
2755 1959 2793 1993 n
2811 1941 2850 2011 i)
2879 1941 3107 1995 nomine

1823 2013 2042 2082 prodiit
2092 2013 2468 2076 Diatesseron‚
2522 2014 2676 2081 quod
2728 2031 2874 2082 opus
2926 2014 3106 2066 latine

1822 2084 2210 2167 conscriptum
2254 2088 2338 2137 est
2381 2085 2628 2153 alicujus
2655 2083 2947 2165 scriptoris
2974 2101 3106 2137 ano-

1822 2173 1899 2223 ny
1905 2157 1996 2219 1111,
2026 2156 2128 2224 qui
2155 2156 2303 2210 circa
2326 2158 2491 2211 finem
2519 2173 2623 2209 sec.
2657 2156 2701 2207 V
2731 2156 2878 2209 vixit
2897 2160 3107 2209 etusus

1822 2231 1907 2279 est
1933 2226 2161 2283 Tatiani
2189 2244 2356 2297 opere
2386 2230 2443 2280 et
2469 2231 2628 2280 textu
2661 2227 3106 2295 Evangeliorum

1824 2299 2002 2351 latino
2054 2300 2127 2352 ab
2178 2298 2260 2350 H·
2245 2317 2264 2352 1
2282 2316 2311 2351 e
2329 2316 2355 2350 r
2372 2316 2404 2351 0
2420 2319 2457 2353 11
2472 2317 2508 2366 y
2527 2317 2580 2351 m
2599 2316 2631 2351 0
2682 2303 2950 2353 correcto.
3022 2300 3105 2353 ef.

1821 2368 1967 2424 illud
1995 2370 2151 2440 apud
2181 2371 2372 2439 Migne
2403 2369 2460 2422 P.
2491 2371 2546 2421 L.
2578 2370 2825 2429 LXVIII,
2853 2376 3106 2425 251·358:

1821 2440 1916 2492 Ra
1934 2441 2073 2493 nke
2138 2442 2324 2495 Codex
2377 2441 2670 2499 fuldensis.
2723 2441 2999 2509 Marburg
3050 2446 3108 2495 et

1821 2511 2046 2583 Lipsiae
2082 2520 2233 2568 1868.
2286 2512 2366 2567 Cf.
2397 2512 3009 2577 Bardenhewerg·
3042 2520 3106 2568 18

1820 2603 1874 2637 n.
1903 2592 1965 2641 3:
1994 2595 2019 2650 ξ
2048 2592 2115 2639 39
2144 2604 2197 2638 n.
2231 2595 2324 2642 15:
2368 2584 2716 2638 Harnack
2763 2586 2798 2646 1.
2842 2593 2947 2640 406
2969 2602 3009 2637 s.
3042 2618 3104 2626 —

1823 2654 1900 2712 „T
1916 2673 1943 2707 r
1965 2656 2028 2708 if
2038 2672 2069 2707 0
2088 2674 2123 2707 n
2175 2656 2488 2725 (Tryphoni
2541 2655 2805 2724 Origenis
2855 2656 3105 2710 auditor.

1819 2726 2017 2779 scribit
2061 2727 2210 2781 idem
2254 2744 2298 2780 c.
2331 2735 2413 2783 53.
2458 2727 2530 2779 ad
2577 2743 2744 2793 quem
2793 2728 3105 2782 nonnullae.

1819 2797 1942 2865 ejus
1968 2803 2193 2850 exstant
2219 2799 2508 2869 epistolae,
2554 2797 2614 2851 in
2642 2797 2953 2868 Scripturis
2980 2815 3101 2850 eru-

1818 2868 2135 2923 ditissimus
2162 2870 2291 2922 fuit.
2320 2868 2484 2934 Quod
2512 2869 2744 2935 quidem
2769 2871 2951 2923 multa
2981 2870 3105 2938 ejus

1818 2941 2052 3009 sparsim
2071 2941 2380 2994 ostendunt
2395 2942 2667 3011 opuscula
2684 2941 2779 2992 sed
2797 2941 3105 3010 praecipue

1816 3013 1852 3065 1.
1881 3029 2050 3079 quem
2075 3013 2396 3080 composuit
2421 3013 2490 3064 de
2516 3027 2682 3063 vacca.
2712 3013 2841 3064 rufa,
2868 3012 2928 3064 in
2959 3013 3104 3064 Deu-

1817 3083 2130 3136 teronomio
2175 3084 2364 3144 (Num.
2413 3091 2494 3150 19)
2542 3087 2600 3134 et
2642 3083 2710 3135 de
2756 3083 3104 3138 dichotome-

1816 3153 2080 3215 matibuS,
2127 3171 2273 3221 quae
2319 3171 2447 3208 cum
2491 3154 2752 3207 columba
2793 3157 2851 3207 et
2877 3158 3103 3208 turture

1815 3225 1889 3277 ab
1936 3224 2224 3277 Abraham
2277 3230 2573 3293 ponuntur
2619 3224 2678 3276 in
2727 3226 2984 3278 Genesi.“

1817 3294 2073 3347 Exeunte
2115 3312 2220 3347 sec.
2265 3295 2358 3348 111.
2403 3295 2596 3349 floruit
2625 3295 2665 3347 P
2683 3295 2702 3347 i
2720 3313 2748 3348 e
2765 3296 2884 3348 1111
2904 3315 2946 3356 s.
2992 3297 3101 3349 ale-

1815 3365 2126 3420 xandrinae
2154 3367 2420 3420 eeclesiae
2457 3368 2749 3435 presbyter
2789 3369 2847 3420 et
2875 3368 3103 3422 scholae

1815 3436 2193 3490 catechetieae
2215 3439 2499 3505 quondam
2521 3441 2719 3496 rector.
2743 3437 2844 3505 qui
2871 3439 3103 3496 ..floren-

1816 3507 2029 3561 tissime
2058 3509 2303 3577 populos
2330 3509 2529 3561 docuit
2567 3511 2625 3561 et
2650 3508 2708 3561 in
2737 3512 2966 3564 tautum
2994 3527 3104 3562 ser-

1815 3579 1998 3633 monis
2014 3579 2478 3646 diversorumque
2493 3582 2734 3633 tractatu
2745 3598 2866 3632 11111
2909 3581 3105 3635 ‚venit

1814 3649 2174 3730 elegantiam,
2203 3654 2268 3703 ut
2294 3650 2604 3719 Origenes'
2579 3651 2780 3719 Junior
2800 3656 3104 3704 vocaretur

1815 3714 2170 3790 (Hieron)
2187 3739 2337 3774 mus
2365 3725 2576 3778 (1.1(1
2626 3721 2834 3775 Verum
2862 3727 2920 3774 et
2947 3723 3101 3777 hunc

1814 3811 1860 3844 s
1845 3795 2040 3844 ocutus
2067 3793 2297 3845 videtur
2323 3796 2380 3844 et
2406 3793 2463 3844 in
2493 3793 2794 3846 erroribus
2837 3797 2906 3846 ut
2931 3796 3096 3846 testa·

1813 3866 1907 3914 tur
1958 3863 2054 3916 Ph
2077 3863 2281 3917 otius
2334 3863 2468 3916 bibl.
2522 3863 2642 3916 cod.
2695 3872 2809 3919 119.
2862 3865 3105 3918 Constat

1814 3937 1966 3988 bunc
1994 3935 2164 3988 mirae
2200 3951 2448 3988 asceseos
2490 3939 2547 3985 et
2585 3935 2966 4004 appetitorem
3008 3953 3102 3990 vo-

1812 4005 1944 4058 lunt
1959 4005 2098 4058 iriae
2139 4004 2495 4075 paupertatis
2539 4004 3102 4075 scientissimumque

1811 4076 2140 4130 dialecticae
2153 4077 2291 4128 artis
2318 4080 2448 4146 post
2464 4078 2912 4143 persecutionem
2933 4095 3101 4131 omne

1811 4148 1963 4199 vitae
2010 4165 2143 4200 suae
2190 4152 2411 4216 tempus
2441 4147 2644 4200 Romae
2692 4146 2867 4200 fuisse
2913 4166 3099 4201 versa-

1814 4225 1948 4272 tum.
2007 4219 2189 4287 Hujus
2217 4221 2300 4270 est
2326 4217 2691 4285 longissimus
2719 4223 3001 4272 tractatus
3029 4220 3100 4272 de

1810 4290 2088 4359 propheta
2140 4290 2294 4348 Osee
2351 4307 2517 4354 quem
2558 4289 2617 4341 in
2659 4289 2964 4358 pervigilio
3003 4309 3099 4360 pa.-

1810 4361 1976 4412 schle
2003 4359 2182 4414 habit
2191 4378 2264 4412 im
2308 4359 2395 4428 ip
2377 4375 2427 4410 e
2488 4375 2664 4412 sermo
2724 4361 3101 4414 demonstrat

1813 4432 1949 4498 Ejus
1990 4431 2338 4500 0110111111-
2344 4448 2370 4481 r
2411 4447 2557 4496 quae
2590 4432 2852 4485 volumen
2884 4432 2988 4483 Xll
3035 4432 3101 4487 li-

1811 4506 2056 4560 brorum.
2084 4501 2512 4554 interciderunt.
2554 4501 2851 4569 Scripsisse
2877 4502 3101 4570 legitur

1809 4574 1979 4626 etim}
2025 4578 2089 4626 de
2129 4577 2231 4626 Dei
2263 4577 2529 4638 qene'trice.
2583 4573 2736 4635 Quae
2783 4588 3103 4642 supersunt,

1808 4647 2042 4699 collecta
2084 4644 2255 4696 habes
2295 4643 2450 4710 apud
2493 4643 2736 4694 Routh
2780 4644 2877 4700 111.
2917 4650 3092 4700 423-

1810 4724 1941 4771 4:35:
1975 4715 2217 4782 Migne
2249 4714 2303 4765 P.
2334 4717 2396 4765 G.
2423 4714 2484 4766 X.
2513 4719 2825 4770 2412246:
2855 4733 3007 4769 nova
3030 4733 3100 4770 ex

3037 3257 3104 3266 ...-

1773 4773 1955 4846 lehn.
2006 4785 2258 4838 Sidon·
2309 4785 2517 4852 adjecit
2563 4785 2619 4836 c.
2671 4785 2739 4838 de
2792 4785 2982 4839 Boot
3039 4787 3098 4841 in
