3505 5161
506 196 630 251 387

957 183 1258 233 431—500.
1284 177 1599 247 Scriptores
1625 177 1908 247 polemici.
1934 176 2180 232 Faustus
2206 179 2323 248 rej.‚
2351 177 2650 241 Eusebius,

2990 195 3117 251 388

502 365 878 440 quaestiones
908 365 1108 440 plures
1154 364 1270 424 sibi
1315 367 1648 442 propositas
1693 383 1782 424 re·
1840 372 1949 423 tem
1998 365 2305 423 ordinibus
2357 365 2644 424 Ecclesiae
2709 364 2895 444 (inter
2942 383 3122 440 opera

503 453 772 530 spondet,
808 453 910 512 sed
930 472 1049 512 non
1078 472 1310 530 semper
1338 454 1483 513 satis
1513 454 1679 524 bene,
1712 457 1786 513 ut
1839 453 2188 531 Hieronymi
2228 452 2479 531 Migne
2511 454 2683 524 XXX,
2726 450 3119 534 148—162),

493 545 617 618 jam
680 544 853 601 notat
911 542 1197 602 Avitus
1257 561 1347 619 ep.
1409 543 1781 614 viennensi83
1838 542 2175 619 refragante
2212 547 2414 601 tamen
2444 542 2977 618 Engelbrecht
3006 544 3119 600 Pa-

501 651 591 707 ep.
629 642 682 694 5.
716 633 796 690 ad
827 631 1069 691 Felicem
1099 632 1388 690 Praetorii
1420 631 1782 708 praefectum
1836 631 1995 689 trist.
2017 632 2350 690 Analekten
2381 652 2437 708 p.
2478 644 2502 694 1
2545 650 2643 704 ss.,
2672 633 2846 708 cujus
2878 635 3120 690 senten-

501 724 593 779 est
635 719 809 779 fortis
852 722 1186 780 exhortatio
1232 720 1306 779 ad
1352 720 1783 796 poenitentiam
1836 720 1954 779 tiae
1973 721 2222 780 accessit
2250 720 2494 780 Morin
2526 722 2564 780 l.
2585 740 2635 783 c.
2666 729 2829 784 1892
2852 721 2948 791 IX,
2975 730 3120 784 425.

501 805 667 881 (ante
710 829 761 867 a.
811 804 989 891 480).
1022 843 1109 854 —
1139 810 1445 885 Epistolae
1490 805 1649 890 (cum
1690 829 1781 885 ep.

500 898 724 957 Ruricii
779 895 1022 980 lemov.)
1085 899 1438 975 prodierunt
1497 917 1618 959 cur.
1679 899 1782 963 Br.

1941 906 2087 962 216.
2131 899 2342 958 Plures
2405 899 2858 957 insurrexerunt
2914 902 3120 958 contra

500 988 802 1046 Krusch
835 988 1096 1063 adjectae
1129 988 1218 1047 ed.
1251 1007 1385 1064 opp.
1416 989 1526 1063 Ap.
1554 987 1781 1047 Sidonii
1837 987 2193 1046 Nestorii
2270 1005 2494 1047 errores
2521 984 2589 1068 ¹).
2684 989 2777 1046 Ita
2848 988 2914 1046 in
2987 988 3120 1063 ipso

500 1075 590 1134 ed.
622 1076 1235 1152 Chr.Liitjohann
1281 1077 1344 1135 in
1390 1078 1548 1139 Mon.
1586 1077 1780 1135 Germ.
1838 1075 2159 1135 Oriente
2219 1076 2608 1136 Eusebius
2669 1076 2937 1136 omnium
2996 1078 3119 1154 pri-

502 1163 640 1223 hist.
684 1168 841 1228 auct.
887 1170 1009 1229 ant.
1040 1166 1196 1237 VIII,
1251 1175 1375 1229 265
1411 1185 1491 1229 ss,
1523 1197 1611 1208 —
1642 1166 1779 1225 Ser·

499 1271 696 1313 mones
714 1253 1056 1330 frequenter
1075 1254 1300 1326 habuit,
1336 1254 1441 1314 sed
1459 1254 1782 1315 admodum

499 1343 738 1403 difficile
783 1347 876 1402 est
920 1345 1212 1421 genuinos
1240 1363 1611 1421 cognoscere,
1643 1363 1777 1403 cum

498 1433 630 1508 ejus
674 1431 954 1508 discipuli
1005 1437 1068 1492 et
1114 1434 1410 1510 aequales,
1475 1434 1780 1493 Caesarius

498 1522 847 1581 arelatensis
866 1522 929 1580 in
949 1523 1175 1598 primis,
1196 1523 1569 1582 sermonibus
1589 1522 1783 1597 ipsius

500 1628 673 1687 saepe
722 1611 817 1670 usi
870 1611 994 1670 sint
1041 1612 1246 1687 paucis
1293 1612 1649 1680 immutatis,
1707 1629 1780 1669 ex

499 1699 694 1773 iisque
754 1718 943 1759 novos
1005 1695 1469 1781 compilarint¹).
1560 1700 1781 1759 Eorum

501 1788 685 1847 XXXI
729 1788 918 1848 edidit
959 1789 1510 1866 Engelbrecht.
1586 1788 1782 1864 Opera

499 1877 703 1935 Fausti
737 1878 982 1937 seorsim
1015 1878 1381 1954 prodierunt,
1429 1879 1675 1937 collecta
1711 1897 1781 1937 ea

499 1965 679 2025 habes
711 1966 871 2041 apud
903 1967 1156 2043 Migne
1188 1968 1250 2025 P.
1271 1967 1333 2025 L.
1351 1966 1540 2026 LVIII
1565 1975 1781 2030 783-

503 2063 628 2118 890
664 2055 772 2115 col.
806 2054 1077 2127 LXV1113
1125 2058 1459 2114 accuratam
1490 2055 1579 2114 ed.
1611 2074 1780 2114 cura-

500 2143 591 2201 vit
650 2145 804 2220 Aug.
871 2143 1407 2221 Engelbrecht
1480 2144 1545 2203 in
1618 2162 1777 2219 corp.

501 2230 698 2307 script.
729 2233 869 2294 eccl.
902 2232 1003 2290 lat.
1035 2236 1079 2296 t.
1099 2233 1247 2292 XXI.
1294 2233 1556 2293 Viennae
1593 2242 1778 2303 1891,

498 2320 594 2379 cui
625 2321 714 2380 ed.
747 2321 1000 2395 subiecit
1017 2322 1407 2382 Patristische
1425 2321 1776 2391 Analekten,

495 2409 575 2469 ib.
617 2419 802 2473 1892.
867 2409 1080 2470 Omisit
1111 2411 1353 2470 interim
1387 2412 1674 2486 opuscula
1704 2411 1780 2469 ab

495 2498 628 2557 aliis
659 2499 880 2558 Fausto
919 2504 1149 2559 asserta
1194 2503 1255 2558 et
1298 2505 1373 2562 tr.
1420 2501 1489 2558 de
1531 2500 1781 2576 symbolo

498 2607 533 2646 a
563 2588 885 2663 Caspari
914 2593 1236 2665 repertum,
1284 2589 1390 2665 qui
1435 2589 1612 2649 illum
1643 2608 1779 2648 cum

497 2675 730 2736 duabus
792 2678 1059 2738 homiliis
1138 2681 1207 2736 de
1280 2676 1531 2755 symbolo
1591 2678 1782 2738 edidit

494 2766 890 2825 Kirchenhist.
907 2768 1218 2827 Anekdota
1234 2767 1589 2827 Christiania
1609 2779 1635 2831 1
1650 2777 1686 2831 8
1696 2776 1730 2831 8
1741 2776 1776 2830 3

494 2875 550 2930 Ρ.
574 2864 898 2927 315-41,
933 2860 994 2914 et
1024 2858 1162 2916 Alte
1194 2856 1319 2916 und
1350 2875 1502 2915 neue
1531 2856 1780 2926 Quellen

492 2947 601 3002 etc.
648 2945 726 3006 ib.
782 2954 948 3009 1879
998 2965 1055 3020 p·
1099 2953 1469 3009 250—281.
1533 2945 1779 3004 Morin

492 3032 711 3091 tribuit
741 3029 848 3115 (ib.
874 3032 1033 3107 VIII,
1077 3032 1409 3112 97—104)
1441 3038 1517 3093 tr.
1550 3036 1619 3093 de
1649 3053 1778 3111 sep-

572 3241 607 3307 ¹)
636 3236 719 3291 Cf.
747 3237 854 3292 Mo
872 3237 991 3292 rin
1035 3239 1228 3293 Revue
1255 3239 1468 3293 Bened.
1506 3244 1642 3297 1892
1685 3240 1780 3303 IX,

493 3311 733 3369 49—61:
786 3309 877 3362 W.
941 3309 1364 3380 Bergmann
1413 3311 1656 3365 Studien
1708 3329 1780 3364 zu

493 3378 651 3431 einer
701 3379 837 3433 krit.
889 3380 1174 3452 Sichtung
1228 3382 1328 3434 der
1368 3382 1611 3453 sudgall.
1653 3381 1780 3436 Pre-

493 3448 890 3518 digtliteratur
928 3451 1027 3504 des
1065 3462 1113 3507 5.
1149 3453 1269 3506 und
1297 3460 1346 3509 6.
1373 3453 1572 3507 Jahrh.
1601 3456 1640 3507 I.
1670 3453 1782 3507 Der

492 3518 798 3573 handschr.
827 3523 1101 3592 bezeugte
1119 3522 1395 3577 Nachlass
1421 3525 1519 3578 des
1534 3524 1783 3579 Faustus

497 3607 550 3642 v.
577 3590 659 3643 R..
701 3591 937 3662 Leipzig
983 3598 1119 3649 1898
1145 3594 1408 3656 (Studien
1451 3612 1552 3649 zur
1579 3596 1780 3649 Gesch.

493 3661 594 3714 der
616 3662 810 3716 Theol.
855 3663 972 3716 und
1008 3664 1108 3716 der
1147 3663 1356 3719 Kirche
1401 3668 1438 3730 1,
1475 3671 1546 3736 4.)
1587 3669 1693 3721 col.
1722 3666 1780 3721 C.

494 3731 568 3783 W
585 3749 614 3785 e
630 3750 668 3800 y
684 3752 738 3786 m
754 3749 788 3786 a
805 3753 843 3786 n
870 3733 1005 3788 hist.
1020 3735 1222 3789 Jahrb.
1253 3743 1388 3793 1899
1401 3738 1518 3800 XX,
1544 3746 1661 3801 128.
1679 3738 1783 3806 qui

494 3820 779 3858 summum
806 3806 984 3874 hujus
1009 3806 1409 3874 inquisitionis
1435 3808 1684 3863 exhibet.

568 3877 608 3946 ²)
637 3874 720 3930 Cf.
747 3876 816 3929 de
845 3875 1055 3932 Fausto
1081 3878 1132 3931 K
1149 3897 1181 3933 o
1199 3896 1228 3932 c
1244 3881 1283 3932 h
1310 3880 1411 3932 der
1431 3879 1512 3935 hl.
1535 3879 1782 3934 Faustus

491 3943 553 3997 B.
582 3961 694 3999 von
722 3946 856 4002 Riez
884 3946 1178 4020 Stuttgart
1205 3957 1367 4009 1895:
1423 3950 1568 4004 Hist.
1597 3951 1683 4005 lit.
1711 3953 1781 4014 11,

493 4023 807 4078 585-619;
834 4023 971 4081 766;
1016 4020 1572 4076 Bardenhewer
1596 4031 1624 4089 ς
1649 4031 1780 4082 111;

491 4086 603 4141 KL.
647 4089 742 4154 IV,
792 4093 958 4148 1279:
1006 4091 1781 4164 Fessler-Jungmann

490 4166 517 4223 ἓ
546 4166 679 4218 233:
720 4160 1110 4230 Engelbrecht
1141 4164 1204 4217 in
1249 4166 1389 4233 prol.
1432 4181 1567 4219 suae
1609 4166 1695 4218 ed.
1723 4167 1784 4218 et

491 4229 735 4285 Studien
761 4233 901 4287 iiber
928 4233 1020 4287 die
1047 4235 1334 4289 Schriften
1363 4235 1462 4290 des
1489 4236 1550 4289 B.
1579 4255 1631 4290 v.
1653 4235 1782 4306 ReJ'i

493 4300 754 4366 Faustus,
799 4302 968 4360 Wien
1019 4311 1154 4362 1889
1173 4328 1185 4365 ;
1237 4306 1280 4358 Β
1297 4323 1331 4360 a
1347 4323 1377 4361 e
1394 4325 1431 4360 u
1452 4326 1510 4362 m
1524 4324 1555 4361 e
1571 4326 1599 4361 r
1642 4309 1783 4362 iiber

492 4371 615 4425 drei
669 4374 928 4429 verloren
1014 4377 1283 4447 eglaubte
1333 4378 1619 4433 Schriften
1683 4379 1783 4432 des

493 4443 738 4499 Faustus
767 4462 816 4499 v.
845 4445 928 4510 R„
1008 4448 1234 4502 atholik
1267 4456 1418 4506 1887.
1439 4450 1504 4514 ΙΙ,
1529 4454 1780 4513 386406,

492 4514 595 4583 qui
622 4515 676 4569 ei
700 4517 903 4570 asserit
929 4534 1043 4571 non
1073 4521 1257 4573 solum
1277 4520 1339 4576 11.
1363 4528 1394 4575 2
1414 4525 1478 4574 do
1497 4523 1704 4590 Spiritu
1719 4540 1780 4591 s.‚

1837 1183 1988 1237 mus,
2035 1166 2307 1239 quamvis
2350 1166 2539 1225 laicus
2579 1166 2789 1241 adhuc,
2838 1165 3120 1225 Nestorio

1836 1273 2002 1313 suam
2047 1254 2336 1313 haeresim
2381 1255 2741 1332 proponenti
2793 1258 2856 1314 et
2901 1273 3122 1314 nomen

1837 1343 2119 1418 Deiparae
2180 1343 2523 1418 explodenti
2601 1344 2807 1402 statim
2883 1344 3125 1403 obstitit

1836 1433 2087 1508 ejusque
2118 1432 2411 1492 obtestatio
2436 1432 2946 1508 Constantinopoli
2965 1434 3120 1508 pub-

1837 1521 1947 1579 lice
1976 1521 2284 1596 proposita
2312 1522 2598 1581 adversus
2615 1521 2834 1598 impios
2857 1522 3119 1582 Nestorii

1837 1628 2134 1669 sermones
2164 1612 2358 1669 exstat
2388 1611 2546 1670 inter
2580 1612 2749 1670 Marii
2780 1611 3120 1670 Met-catoris

1836 1717 1969 1774 opp.
2000 1718 2058 1774 p.
2092 1699 2166 1757 Π.
2196 1719 2254 1775 p.
2286 1709 2561 1763 18—19.
2595 1701 2811 1759 Postea
2844 1701 3121 1776 Dorylaei

1835 1787 1899 1846 in
1944 1788 2208 1864 Phrygia
2251 1789 2564 1865 episcopus
2614 1789 2804 1848 factus
2823 1833 2837 1860 ‚
2897 1789 3121 1865 pariter

1836 1879 2043 1935 contra
2072 1877 2398 1954 Eytychen,
2450 1878 2721 1954 alioquin
2751 1878 3025 1945 amicum,
3059 1881 3121 1937 et

1836 1966 2187 2025 Dioscurum
2217 1966 2392 2025 fidem
2422 1985 2618 2026 veram
2646 1966 2885 2043 publice
2914 1966 3117 2026 defen-

1836 2054 1944 2117 dit.
2000 2054 2155 2113 Hinc
2184 2055 2250 2113 in
2280 2055 2588 2115 latrocinio
2620 2056 2902 2131 ephesino
2935 2050 3120 2139 (449)

1836 2161 1972 2202 cum
2001 2144 2137 2202 aliis
2155 2144 2500 2203 orthodoxis
2518 2144 2830 2220 depositus
2859 2147 2983 2214 est;
3017 2144 3120 2204 sed

1838 2232 1964 2308 ipse
2010 2250 2057 2290 s.
2098 2232 2355 2291 Leonem
2402 2234 2742 2310 appellavit,
2791 2252 2971 2310 quam
3013 2253 3119 2310 ap-

1836 2321 2180 2396 pellationis
2212 2323 2541 2398 epistolam*
2558 2324 2778 2398 reperit
2812 2322 3121 2398 ediditque

1835 2409 2121 2468 Amelli
2185 2410 2250 2469 in
2313 2429 2406 2486 op.
2469 2412 2525 2475 S.
2576 2412 2770 2471 Leone
2819 2412 2894 2471 M.
2944 2412 3019 2470 ed
3079 2412 3124 2470 il

1838 2499 2097 2569 Oriente,
2150 2499 2365 2559 Romae
2424 2509 2623 2570 1882;
2692 2501 3121 2561 Montecassino

1848 2598 2045 2659 18903
2098 2589 2507 2649 Mommsen
2557 2591 2623 2649 in
2673 2591 2744 2652 N.
2796 2591 3016 2650 Archiv
3064 2591 3121 2649 d.

1837 2678 1970 2739 Ges.
2015 2678 2053 2735 f.
2090 2697 2151 2738 n.
2185 2677 2242 2736 d.
2275 2679 2478 2742 Gesch.
2518 2688 2705 2743 1886.
2753 2680 2852 2749 XI,
2905 2689 3120 2743 364—

1840 2776 1941 2829 67.
1988 2766 2059 2825 In
2104 2785 2263 2826 conc.
2295 2768 2753 2828 chalcedonensi
2786 2768 3120 2829 declaratus

1836 2858 1930 2913 est
1960 2855 2262 2914 innocens.
2283 2889 2370 2899 —
2392 2858 2446 2920 S.
2481 2858 2839 2927 ProcluS,
2874 2875 2919 2916 s.
2940 2858 3136 2935 Chry-—

1837 2944 2086 3003 sostomi
2134 2945 2437 3019 quondam
2497 2946 2877 3005 amanuensis
2939 2951 3002 3006 et
3048 2948 3122 3005 ab

1836 3033 2035 3091 Attico
2085 3034 2398 3096 ordinatus
2448 3035 2765 3111 episcopus
2814 3036 3122 3112 cyzicenus

1839 3115 2043 3205 (426).
2085 3122 2185 3181 sed
2219 3124 2555 3200 presbyteri
2586 3143 2835 3183 munere
2863 3125 3120 3201 fungens

1836 3209 1901 3268 in
1933 3211 2181 3270 ecclesia
2212 3213 2875 3289 constantinopolitana,
2924 3232 3055 3273 cum
3088 3234 3122 3272 a

1836 3318 2015 3375 grege
2047 3315 2156 3358 suo
2187 3319 2309 3359 non
2328 3301 2513 3360 suerit
2531 3305 2826 3378 receptuS,
2860 3304 3120 3362 oratione

1914 3527 1955 3596 ¹)
1983 3523 2193 3578 Contra
2211 3524 2540 3581 Nestorium
2556 3526 2789 3596 scripsit
2803 3527 2980 3580 etiam
3001 3526 3121 3594 qui-

1838 3595 1970 3647 dam
2034 3595 2075 3649 C
2092 3613 2128 3663 y
2146 3613 2268 3649 rus
2331 3597 2577 3667 scriptor
2624 3598 2890 3666 alioquin
2951 3598 3121 3669 plane

1837 3665 2091 3736 ignotuS,
2119 3667 2188 3720 de
2205 3684 2320 3734 quo
2338 3669 2491 3722 solus
2519 3668 2566 3722 G
2583 3685 2612 3722 e
2630 3688 2667 3722 n
2685 3688 2723 3723 n
2739 3685 2773 3722 a
2790 3670 2826 3722 d
2843 3668 2864 3722 i
2880 3687 2917 3723 n
2936 3686 2960 3722 s
2986 3686 3033 3725 c.
3052 3677 3115 3725 81

1838 3737 2068 3790 scribit:
2135 3738 2347 3806 „Cyrus
2409 3756 2616 3810 genere
2679 3741 3119 3804 Alexandrinus,

1836 3811 1959 3861 arte
1984 3809 2257 3873 medicus,
2297 3825 2365 3863 ex
2406 3811 2751 3882 philosopho
2791 3812 3119 3876 monachus,

1838 3879 1928 3932 vir
1976 3879 2207 3934 dicendi
2270 3881 2509 3951 peritus,
2572 3882 2804 3953 scripsit
2851 3883 3120 3937 adversus

1837 3950 2135 4005 Nestorem
2150 3952 2312 4021 prius
2328 3954 2412 4007 ele
2454 3956 2619 4009 anter
2632 3957 2693 4008 et
2702 3953 2944 4016 fortiter,
2956 3954 3118 4009 modo

1837 4025 2049 4086 autem,
2091 4023 2230 4077 dum
2275 4023 2336 4076 in
2381 4024 2425 4077 il
2449 4041 2481 4079 o
2525 4025 2717 4079 minus
2743 4025 3039 4080 invehitur
3063 4029 3120 4078 et

1839 4093 1983 4162 syllo
2028 4094 2189 4147 ismis
2229 4096 2411 4166 magis
2452 4112 2624 4164 quam
2652 4097 2963 4167 Scriptnris
3005 4096 3119 4178 agi-

1839 4167 1951 4227 tur,
2029 4164 2420 4220 imotheanum
2448 4167 2657 4236 dogma
2695 4169 2887 4222 fovere
2916 4171 3143 4239 coepit„

1838 4234 2100 4305 Denique
2121 4237 2428 4308 ambiguus
2469 4239 2643 4292 etiam
2688 4239 2780 4293 sui
2823 4239 3122 4310 suspendit

1836 4307 2096 4360 animum
2136 4323 2171 4360 a
2210 4324 2487 4364 consensu
2529 4310 2993 4364 chalcedonensis
3032 4310 3120 4364 de-

1837 4378 1993 4442 creti,
2036 4394 2138 4432 nec
2177 4379 2657 4448 acquiescendum
2691 4384 2880 4452 putat,
2907 4380 3121 4436 Filium

1837 4448 1942 4503 Dei
1969 4449 2196 4503 duabus
2224 4455 2361 4532 post
2386 4451 2838 4507 incarnationem
2866 4456 3119 4508 constare

1838 4519 2111 4581 naturis.“
2167 4520 2314 4575 Hinc
2354 4523 2507 4577 idem
2546 4524 2693 4577 forte
2738 4523 2970 4578 videtur
2993 4541 3120 4579 cum

491 4586 588 4639 sed
616 4589 676 4640 et
700 4590 1048 4644 Brem'arae‘um
1072 4593 1198 4656 fidei
1237 4590 1510 4645 adversus
1534 4592 1781 4656 arianos,
1838 4591 1938 4645 illo
1969 4592 2008 4646 C
2024 4610 2105 4660 ,γι-
2122 4609 2173 4656 ο,
2213 4595 2378 4663 cujus
2418 4594 2685 4648 meminit
2727 4595 2772 4648 E
2789 4614 2828 4647 n
2846 4614 2883 4648 n
2901 4611 2934 4649 o
2951 4595 2987 4648 d
3007 4595 3079 4648 iu
3098 4613 3121 4648 s

490 4659 551 4710 et
592 4657 889 4728 dialogum
916 4662 979 4714 de
1003 4679 1071 4716 ss.
1106 4664 1367 4716 Trinitate
1399 4666 1520 4728 etc.‚
1565 4662 1637 4717 de
1664 4680 1781 4732 quo
1837 4662 1983 4717 Dict.
2038 4664 2114 4716 VI
2163 4664 2256 4736 (cf.
2301 4665 2550 4734 Migne
2592 4666 2785 4732 LXIII,
2825 4669 2970 4738 274),
3020 4665 3121 4734 qui

493 4727 564 4779 cf.
591 4727 744 4781 infra
770 4749 825 4798 p.
855 4733 977 4786 407.

1836 4733 2100 4788 Dioscuri
2127 4735 2241 4788 fuit
2259 4737 2491 4791 assecla.
