3505 5161
507 236 629 292 207
1086 218 1384 272 326—400.
1414 214 1764 284 interpretes
1791 232 1836 269 s.
1862 215 2207 286 Scripturae.
2237 214 2539 282 Diodorus,
3000 234 3122 288 203

504 404 596 463 illi
632 422 833 464 curam
879 405 1282 479 susceperant,
1333 402 1495 478 lupis
1541 401 1788 478 quidem
1839 406 2079 462 tautum
2109 403 2441 480 fragmenta
2472 407 2566 462 sat
2594 404 2819 475 tenuia,
2858 422 3126 478 praeser-

504 492 921 553 fortitudinem
950 511 1017 552 ac
1049 491 1396 568 sapientiam
1417 509 1581 551 suam
1602 509 1785 567 oppo-
1842 493 1952 551 tim
1997 511 2070 551 ex
2109 493 2243 567 ejus
2289 492 2736 552 commentariis
2781 493 2845 552 in
2893 511 2938 552 s.
2970 494 3127 554 Scri·

504 587 733 652 nentes,
783 581 999 641 ovibus
1028 600 1169 641 vero
1200 580 1645 641 convenientem
1680 598 1784 639 cu·
1840 583 2096 658 pturam.
2139 581 2248 640 .Se
2296 581 2599 658 opposuit,
2650 584 2723 641 ut
2771 582 2951 642 moris
3001 587 3129 642 erat

503 690 626 731 ram
672 671 1086 748 impendentes
1120 714 1133 728 .
1168 716 1181 729 .
1216 713 1231 728 .
1280 671 1363 729 At
1412 668 1786 745 sapientissi-
1839 671 2070 730 scholae
2090 671 2495 741 antiochenae,
2525 671 2803 732 methodo
2832 672 3126 749 origenia-

502 778 637 820 mus
681 760 924 836 quidem
970 759 1455 834 fortissimusque
1488 757 1784 819 Diodorus
1841 779 1952 820 nae
1995 760 2178 820 nimis
2223 760 2492 819 inhiandi
2537 760 2744 820 sensui
2789 760 3125 838 allegorice,

504 849 676 925 quasi
707 850 929 909 fluvius
965 849 1211 924 quidam
1256 847 1542 925 limpidus
1588 850 1651 908 et
1692 846 1787 907 in-
1843 848 2148 909 studiosus
2182 867 2394 909 seusus
2426 849 2679 909 literalis
2730 853 2793 908 et
2835 851 3125 909 naturalis

503 956 667 1015 gens,
713 956 854 998 suos
887 937 1131 1013 quidem
1160 937 1466 1013 irrigabat,
1514 937 1787 996 adversa·
1842 957 1888 1001 s.
1922 938 2281 1014 Scripturas.
2340 938 2595 998 Exstant
2622 939 2766 998 haec
2795 939 3129 1016 fragmenta

503 1028 728 1086 riorum
760 1046 901 1087 vero
930 1027 1329 1103 blasphemias
1361 1025 1645 1097 diluebat,
1678 1044 1788 1086 nec
1840 1029 2194 1104 plerumque
2214 1047 2286 1087 ex
2307 1028 2532 1087 catenis
2551 1028 2815 1096 collecta,
2850 1028 2990 1087 hinc
3008 1046 3127 1087 nen

503 1116 735 1194 generis
782 1116 1155 1193 splendorem
1206 1115 1629 1184 considerabat,
1682 1115 1786 1174 sed
1841 1135 2074 1193 semper
2104 1117 2270 1189 satis,
2295 1120 2456 1175 certa
2486 1116 2643 1192 apud
2677 1117 2737 1175 M
2754 1116 2775 1175 i
2790 1136 2886 1193 gn
2902 1136 2933 1175 e
2965 1117 3028 1180 P.
3062 1117 3127 1175 G.

502 1222 813 1266 aerumnas
844 1225 952 1282 pro
979 1204 1092 1264 fide
1113 1205 1372 1266 libenter
1390 1204 1740 1264 sustinebat.
1756 1213 1783 1242 ‘
1840 1205 2103 1275 XXXIII,
2163 1215 2593 1270 1561--1628
2633 1224 2840 1283 graece
2869 1211 3124 1265 tantum.

502 1295 752 1370 Propter
794 1294 1217 1355 fortitudinem
1264 1312 1432 1353 suam
1483 1296 1548 1352 et
1592 1294 1787 1353 zelum
1839 1295 1924 1355 Ex
1955 1294 2225 1371 ejusdem
2254 1314 2348 1371 cp.
2378 1296 2449 1353 de
2480 1297 2603 1369 fato
2636 1295 2697 1353 ll.
2720 1294 2862 1353 VIII
2890 1294 3126 1371 copiosa

502 1384 756 1443 maxime
786 1399 998 1443 exosus
1030 1387 1161 1443 erat
1180 1384 1219 1442 J
1222 1383 1423 1444 uliano
1443 1385 1785 1459 Apostatae,
1839 1387 2115 1459 excerpta
2157 1384 2400 1443 exhibet
2431 1384 2760 1442 Photius
2805 1383 2954 1442 bibl.
2999 1384 3124 1443 cod.

502 1475 573 1531 ut
602 1472 668 1531 id
696 1476 1004 1533 testantur
1035 1474 1215 1548 hujus
1246 1472 1454 1532 literae
1484 1471 1645 1547 apud
1675 1472 1785 1531 Fa·
1844 1482 1971 1536 223
2022 1472 2306 1550 (Migne
2350 1473 2412 1535 P.
2460 1473 2526 1534 G.
2558 1472 2706 1542 0111,
2758 1466 3127 1554 829—77);

502 1562 765 1623 cundum
796 1562 1280 1622 Hermianensem
1313 1579 1423 1636 pro
1455 1560 1570 1624 def.
1599 1562 1785 1621 trium
1841 1563 2131 1638 Excerpta
2160 1563 2451 1637 quaedam
2482 1562 2709 1638 syriaca
2754 1561 2947 1621 edidit
2994 1562 3128 1619 La-

502 1651 677 1728 capit.
698 1650 796 1721 IV,
838 1661 872 1714 2
902 1646 1131 1733 (Migne
1150 1649 1379 1721 LXVII,
1416 1646 1590 1731 621).
1622 1651 1786 1709 Duos
1840 1651 2073 1728 garde
2105 1651 2170 1710 in
2202 1651 2371 1709 Anal.
2404 1669 2523 1727 syr.
2555 1670 2613 1727 p.
2638 1661 2963 1714 91—100.
3007 1651 3127 1710 Nc-

502 1740 678 1816 plane
696 1740 982 1810 illustres,
1013 1740 1157 1799 dum
1176 1739 1524 1798 Antiochiae
1542 1739 1787 1816 degeret
1843 1742 1969 1799 stra
1998 1742 2193 1800 aetate
2224 1741 2293 1799 A.
2327 1739 2683 1799 Harnack
2727 1740 2791 1798 in
2836 1739 2873 1802 l.
2907 1739 3129 1799 Diodor

503 1834 565 1888 et
595 1830 846 1900 doceret,
882 1828 1211 1904 discipulos
1230 1827 1460 1897 habuit,
1492 1827 1783 1887 «Ioannem
1840 1850 1894 1888 v.
1955 1830 2192 1889 Tarsus.
2287 1828 2429 1889 Vier
2489 1829 3126 1906 pseudaugustinische

503 1919 643 1989 scil„
687 1922 896 1994 postea
926 1917 1405 1995 cognominatum
1440 1916 1786 1994 Chrysosto-
1841 1917 2139 1981 Schriften
2171 1918 2259 1977 als
2279 1918 2646 1995 Eigenthum
2664 1917 2914 1977 Diodors
2945 1918 3123 1976 nach·

502 2027 667 2068 mum
681 2003 752 2090 ¹),
791 2010 854 2066 et
884 2006 1277 2076 Theodorum,
1325 2008 1532 2081 postea
1563 2006 1785 2082 episco-
1840 2007 2136 2083 gewiesen
2165 2006 2232 2065 in
2264 2006 2444 2066 'I'exte
2474 2026 2532 2069 u.
2566 2007 2795 2066 UnterS.
2825 2006 2899 2067 N.
2931 2006 2992 2067 F.
3029 2005 3120 2075 VI,

502 2115 647 2173 pum
666 2098 1169 2172 mopsuestenum,
1201 2094 1653 2154 Nestorianismi
1685 2113 1786 2154 ve·
1844 2105 1899 2164 4,
1946 2095 2188 2173 Leipzig
2225 2105 2413 2166 1901,
2464 2096 2519 2153 ei
2565 2113 2829 2155 asserere
2876 2095 3126 2154 nititur:

503 2186 622 2243 luti
664 2188 911 2261 patrem.
972 2185 1026 2243 A
1070 2185 1306 2243 Meletio
1349 2183 1662 2243 ordinatus
1693 2187 1788 2243 est
1850 2197 1899 2247 1.
1944 2186 2311 2257 Quae-stiones
2340 2193 2393 2243 et
2422 2187 2820 2260 responsiones
2843 2179 3030 2265 (161)
3054 2182 3127 2241 ad

431 2290 442 2300 ·
502 2294 537 2331 a
586 2284 708 2338 378
758 2273 1070 2350 episcopus
1114 2274 1425 2333 tarsensi&
1499 2272 1788 2332 Interfuit
1840 2275 2217 2344 orthodoxos,
2256 2292 2407 2349 quas
2436 2273 2628 2349 ipsius
2661 2273 3004 2350 auspicatus
3036 2279 3128 2331 est

499 2383 537 2422 a
572 2373 689 2428 381
719 2362 967 2422 concilio
985 2361 1630 2439 constantinopolitano
1663 2380 1786 2420 ma·
1840 2364 1897 2421 J.
1927 2364 2026 2423 La
2056 2363 2282 2423 Crose
2313 2362 2379 2421 in
2407 2380 2500 2438 ep.
2534 2372 2692 2426 1721
2733 2362 2807 2420 ad
2839 2361 3126 2420 Mosheim

501 2452 727 2528 gnique
777 2471 811 2510 a
859 2451 1184 2511 Theodosio
1238 2450 1379 2527 imp.
1439 2454 1533 2510 est
1592 2450 1786 2510 factus
1843 2448 1933 2533 (in
1981 2453 2019 2511 l.
2066 2470 2113 2515 c.
2160 2471 2217 2527 p.
2275 2446 2579 2534 10—15).
2645 2458 2700 2513 2.
2759 2453 3128 2524 Quaesumus

503 2537 566 2622 (†
597 2544 733 2602 ante
765 2561 815 2605 a.
852 2536 1024 2622 394).
1065 2540 1331 2602 Plurima
1360 2539 1612 2617 reliquIt
1642 2539 1784 2599 scri-
1843 2536 1980 2623 (15)
2035 2542 2332 2619 mutilium
2382 2540 2457 2600 ad
2491 2540 2856 2600 Christianos
2905 2540 2978 2599 de
3029 2538 3123 2598 in-

503 2635 626 2705 pta,
690 2631 991 2708 exegetica
1049 2630 1417 2708 praesertim,
1485 2629 1785 2707 integram
1843 2649 2139 2707 corporeo,
2193 2631 2264 2689 de
2297 2631 2417 2690 Deo
2463 2634 2524 2689 et
2569 2631 2642 2690 de
2689 2629 3124 2689 resurrectione

504 2720 661 2779 enim
695 2738 740 2779 s.
773 2720 1140 2796 Scripturam
1177 2738 1314 2780 eum
1345 2718 1786 2778 commentariis
1840 2723 2231 2790 mortuorum,
2265 2723 2327 2779 et
2361 2731 2416 2784 3.
2448 2722 2803 2796 quaestiones
2834 2719 3122 2777 Christia-

503 2809 837 2869 illustrasse
881 2809 1065 2869 refert
1093 2808 1474 2868 Leontius
1511 2807 1785 2884 byzanti·
1840 2827 2051 2869 norum
2085 2805 2181 2890 (5)
2228 2808 2304 2867 ad
2334 2809 2589 2886 gentiles
2620 2827 2755 2868 cum
2787 2809 3000 2867 horum
3032 2826 3126 2865 re-

505 2917 620 2958 nus
652 2899 724 2957 de
757 2899 933 2958 sectis
964 2897 1062 2968 IV,
1100 2908 1155 2960 3.
1200 2897 1422 2956 Eorum
1452 2897 1785 2973 catalogum
1843 2916 2062 2973 sponso
2095 2901 2157 2956 et
2191 2898 2370 2974 hujus
2401 2897 2793 2967 refutatione;
2836 2908 2891 2959 4.
2924 2898 3125 2970 confit-

505 2989 655 3047 bene
687 2989 931 3064 longum
952 2987 1237 3046 exhibent
1268 2986 1304 3044 S
1322 2985 1548 3045 uidae
1580 2986 1646 3044 in
1678 3003 1788 3045 suo
1841 2989 1985 3046 tatio
2003 2987 2333 3062 doymatum
2352 2986 2713 3046 Aristotelis.
2763 2985 2901 3044 Tria
2929 2985 3130 3062 priora

506 3078 640 3137 Lex.
673 3077 788 3135 sub
818 3096 872 3135 v.
908 3076 1219 3145 moderna,
1266 3078 1327 3134 et
1373 3074 1788 3133 Fabricius
1843 3076 2132 3151 opuscula
2163 3075 2402 3134 exhibet
2431 3075 2495 3133 in
2529 3076 2796 3152 linguam
2830 3074 3127 3152 germani-

507 3166 652 3226 bibl.
698 3185 785 3242 gr.
817 3165 915 3234 IX,
972 3172 1318 3228 272—282
1371 3164 1500 3228 scil.
1548 3165 1618 3222 de
1666 3166 1789 3239 fato
1842 3184 1965 3222 cam
1999 3182 2170 3223 versa
2199 3182 2255 3240 p.
2292 3173 2593 3231 69-230
2642 3166 2704 3222 et
2751 3182 2822 3222 ex
2871 3174 2927 3226 4.
2959 3181 3128 3238 prae-

506 3255 569 3315 ll.
622 3254 789 3324 VIII,
855 3255 1132 3313 adversus
1180 3253 1461 3327 ethnicos,
1513 3254 1790 3312 adver-sus
1842 3254 2017 3330 cipua
2065 3253 2276 3329 capita.
2349 3253 2502 3311 Dum
2551 3252 2781 3312 viveret
2836 3252 3128 3311 Diodorus

508 3344 836 3416 Photinum,
898 3343 1304 3410 Malchicnem,
1357 3342 1679 3402 Sabellium
1728 3344 1791 3400 et
1842 3360 2059 3420 magno
2090 3343 2154 3401 in
2187 3344 2408 3401 honore
2451 3345 2543 3401 est
2585 3342 2858 3400 habitus:
2911 3340 3016 3400 sed
3058 3358 3130 3399 ex

508 3432 851 3491 Marcellum
881 3450 1024 3500 ane„
1061 3430 1404 3504 Chronicon,
1443 3449 1563 3505 quo
1595 3434 1791 3490 errata
1842 3431 2027 3490 nimio
2077 3431 2334 3500 fervore,
2397 3448 2517 3506 quo
2579 3430 2876 3507 pugnavit
2923 3432 3132 3488 contra

508 3521 582 3579 ab
602 3519 854 3578 Eusebio
885 3520 949 3577 in
980 3519 1016 3578 l.
1048 3519 1120 3577 de
1139 3519 1512 3594 temporibus
1533 3518 1791 3578 admissa
1846 3520 2096 3579 Arianos
2146 3524 2207 3579 et
2255 3520 2602 3596 praesertim
2648 3518 3130 3596 Apollinei-istas,

510 3609 932 3678 emendantur;
966 3608 1039 3667 de
1072 3627 1140 3667 eo
1171 3608 1323 3685 quod
1351 3610 1428 3667 sit
1458 3627 1608 3667 unus
1628 3608 1790 3666 Deus
1843 3608 2216 3685 irrepserunt
2232 3609 2406 3685 plura
2433 3607 2844 3684 imprudenter
2876 3607 3035 3667 dicta
3065 3608 3130 3666 in

511 3700 574 3756 in
605 3697 894 3756 Trinitate
940 3698 1222 3756 adversus
1254 3697 1538 3766 Arianos;
1590 3705 1790 3756 contra
1843 3699 1974 3773 ejus
2022 3698 2257 3775 scripta,
2308 3716 2460 3772 quae
2504 3697 2775 3775 germina
2818 3697 3130 3756 continent

514 3786 777 3845 Melchise
820 3788 1035 3845 decitas
1052 3808 1080 3858 ,·
1128 3793 1328 3845 eontra
1375 3788 1632 3844 ‚Iudaeos
1645 3807 1675 3858 ;
1720 3787 1791 3844 de
1844 3786 2323 3854 Nestoriauismi‚
2372 3786 2519 3846 adeo
2550 3790 2624 3845 ut
2655 3787 2835 3862 hujus
2865 3785 3129 3844 haeresis

510 3877 923 3933 resurrectione
941 3878 1158 3949 carnis,
1191 3876 1261 3932 de
1279 3877 1522 3946 animm
1554 3875 1624 3933 de
1653 3893 1787 3950 pro·
1843 3876 2133 3935 habeatur
2162 3893 2337 3935 avus:
2377 3876 2515 3934 hinc
2546 3877 2685 3951 post
2714 3876 2968 3934 mortem
2999 3877 3132 3933 orta

514 3966 761 4023 videntia
776 3985 805 4036 ,·
848 3965 915 4023 de
965 3965 1082 4023 Deo
1133 3971 1182 4022 ct
1226 3965 1379 4039 falsa
1428 3964 1786 4023 Graecorum
1846 3966 1955 4023 hac
2005 3964 2231 4023 haeresi
2285 3964 2612 4040 plurimum
2662 3963 2978 4023 obscurata
3038 3966 3133 4022 est

511 4057 794 4128 materia;
822 4056 1027 4113 contra
1049 4052 1432 4128 Manichacus,
1468 4054 1536 4112 de
1564 4053 1792 4128 Spiritu
1846 4054 1978 4128 ejus
2007 4053 2180 4125 fama,
2231 4054 2379 4114 adeo
2421 4056 2493 4112 ut
2523 4053 2799 4129 patribus
2829 4052 3132 4114 accenseri

509 4162 578 4218 3.,
628 4145 903 4201 adversus
949 4143 1251 4218 Syniastas
1263 4163 1292 4214 ,·
1342 4142 1415 4200 de
1460 4141 1793 4201 differentia
1840 4144 1965 4217 jam
1995 4160 2116 4200 nen
2146 4142 2356 4218 possit,
2390 4143 2662 4218 quamvis
2693 4142 2852 4202 bona
2876 4142 3024 4201 fides
3070 4144 3134 4199 et

512 4232 769 4290 theoriae
801 4235 861 4290 et
881 4231 1196 4308 allegoriae
1208 4227 1258 4311 ⁸)
1281 4233 1390 4289 etc.
1424 4230 1534 4289 Sed
1559 4234 1793 4290 exstant
1845 4231 2101 4290 intentio
2122 4231 2268 4290 satis
2289 4250 2423 4290 eum
2440 4235 2680 4290 excuset
2694 4251 2729 4290 a
2743 4230 2973 4290 macula
2993 4229 3132 4288 hae-

1846 4320 1995 4379 resis
2028 4319 2308 4383 formalis,

511 4488 551 4542 h
588 4423 625 4486 ¹)
653 4420 704 4470 S·
732 4418 802 4498 J?
847 4418 887 4471 C
905 4419 943 4471 h
962 4436 988 4470 r
1003 4436 1039 4499 ξ’
1057 4435 1082 4471 ⁸
1098 4434 1130 4471 ⁰
1147 4435 1172 4471 ⁸
1189 4421 1214 4470 ¹³
1228 4434 1260 4471 ⁰
1277 4435 1334 4470 ¹¹²
1354 4435 1389 4470 ¹²
1407 4435 1432 4470 Β
1471 4418 1794 4499 elegantem
1951 4454 1972 4505 1
1998 4455 2015 4505 1
2036 4454 2090 4505 4.
2124 4443 2447 4519 Aquilinus
2494 4444 2674 4521 Gajus
2721 4444 2958 4503 Vettius
3004 4442 3045 4502 J
3061 4462 3131 4501 u-

552 4490 719 4542 abuit
767 4506 830 4541 ι.ι
872 4492 1205 4557 magistrum
1250 4506 1418 4543 suum
1460 4491 1793 4551 orationem,

512 4575 627 4627 qua
656 4560 906 4614 modeste
933 4560 1132 4613 laudes
1169 4560 1244 4614 ab
1281 4558 1385 4613 ino
1429 4559 1539 4614 sibi
1566 4559 1793 4629 publice
1848 4551 1885 4590 V
1906 4551 2140 4592 ⁶¹¹0¹²³
2186 4532 2589 4602 ,nobilissimi
2623 4533 2876 4609 generis,
2929 4532 3132 4608 biflpfl·

513 4630 781 4692 tributas,
806 4631 870 4683 in
896 4631 1088 4701 ipsum
1104 4631 1310 4684 referre
1327 4630 1521 4684 studet
1548 4631 1602 4683 M
1618 4630 1638 4684 i
1655 4651 1692 4700 g
1709 4649 1747 4684 n
1765 4647 1795 4685 e

514 4701 576 4754 P.
605 4703 670 4753 G.
696 4711 782 4756 41.
810 4705 1076 4757 761-65.
1850 4702 2043 4756 Theoi.
2062 4703 2645 4767 Qtlschr.1sseLX11,
2665 4711 2762 4760 531
2784 4702 3135 4760 -582213ar-

588 4777 627 4826 ‘·'‘›
659 4771 740 4825 Cf.
753 4771 823 4825 de
841 4771 949 4825 hoc
966 4773 1298 4841 praesertim
1319 4772 1596 4841 opusculo
1612 4773 1744 4826 Kih
1758 4792 1795 4826 n
1849 4773 1884 4826 d
1902 4789 1931 4826 e
1949 4791 1987 4825 n
2002 4775 2040 4827 h
2060 4791 2089 4827 e
2105 4791 2155 4826 w
2171 4791 2201 4828 e
2217 4791 2246 4827 r
2282 4783 2310 4841 ς
2335 4778 2404 4832 72
2444 4778 2501 4828 et
2525 4775 2638 4828 KL.
2669 4775 2787 4834 1112.
2833 4779 3134 4831 1765-68.
