3505 5161
385 247 503 300 177

1244 229 1297 283 S.
1326 231 1668 287 Ambrosius
1693 229 2151 283 mediolanensis.

2873 250 2990 305 178

373 416 577 476 sertim
600 416 901 476 enarratio
919 417 1186 477 inficitur
1203 419 1506 479 erroribus
1538 419 1655 478 ori·
1710 418 2031 476 universus
2081 418 2386 477 consensit
2434 420 2692 496 populus
2742 421 2993 479 Ambro-

377 506 660 583 genianis.
701 538 792 549 ·-—
838 506 919 570 cl.
969 507 1109 566 Mai
1159 507 1350 567 edidit
1395 508 1655 584 primum
1712 506 1870 565 sium
1921 507 2268 582 episcopum
2317 507 2656 583 deposcens
2742 509 2991 568 Tantam

374 613 647 672 magnam
681 596 1093 655 commentarii
1130 600 1360 672 partem
1389 600 1452 656 in
1475 601 1532 655 2.
1572 616 1654 672 ep.
1710 595 2066 672 dignitatem
2098 596 2261 654 omni
2290 596 2590 656 recusavit
2621 600 2854 667 conatu,
2890 598 2992 657 sed

370 683 874 745 &Corinthio-sin
889 685 1031 744 bibl.
1049 685 1121 743 N.
1143 686 1252 746 PP.
1274 685 1374 757 IV,
1412 696 1467 756 2,
1502 697 1655 749 115-
1710 685 1962 743 frustra:
2014 685 2264 743 accessit
2305 685 2465 744 enim
2509 689 2570 744 et
2612 686 2992 762 imperatoris

384 783 522 836 146.
554 773 715 832 Haec
747 777 810 831 et
846 774 964 834 alia
992 774 1377 851 reperiuntur
1408 776 1474 834 in
1505 776 1567 833 P.
1590 776 1655 834 G.

376 863 627 940 Migne
659 864 703 920 t:
722 861 976 935 XXXIX,
1016 872 1430 928 269—1818.
1478 863 1658 923 Plura

371 969 445 1010 ex
476 953 606 1027 ejus
628 951 909 1027 operibus
930 953 1177 1029 periere,
1211 953 1559 1029 praesertim
1585 972 1652 1012 ex

377 1040 818 1100 commentariis
837 1041 902 1099 in
917 1060 961 1100 s.
976 1041 1344 1118 scripturam
1360 1043 1425 1101 in
1442 1042 1656 1102 Isaiam

371 1132 565 1189 tomos
591 1129 805 1199 XVIII,
838 1131 900 1189 in
934 1131 1081 1190 Osee
1112 1132 1174 1190 ll.
1207 1131 1311 1197 ΙΙΙ,
1345 1132 1410 1189 in
1442 1132 1655 1190 Zacha-

370 1219 522 1277 riam
554 1219 617 1278 ll.
651 1219 718 1289 V,
751 1217 818 1278 in
848 1220 952 1283 Ev.
985 1221 1267 1280 Matthaei
1298 1222 1359 1279 et
1388 1219 1653 1292 «Ioannis,

370 1326 524 1384 quos
571 1327 616 1371 s.
663 1308 1184 1386 Hieronymus
1231 1310 1302 1368 de
1347 1310 1457 1369 vir.
1489 1310 1573 1372 ill.
1607 1327 1654 1368 c.

379 1408 498 1461 109
534 1402 952 1457 commemorat
965 1395 1030 1480 1).

465 1584 565 1639 93.
597 1576 1022 1636 Convertamus
1055 1595 1164 1636 nos
1195 1577 1417 1635 iterum
1447 1576 1518 1634 ad
1545 1577 1652 1635 Oc-

372 1663 686 1736 cidentem,
720 1665 784 1723 in
815 1683 934 1741 quo
967 1670 1218 1726 exeunte
1249 1684 1357 1728 sec.
1382 1666 1479 1724 IV.
1511 1666 1654 1724 illu-

376 1753 740 1813 strissimum
786 1754 961 1813 fulsit
1005 1755 1193 1826 sidus,
1244 1774 1288 1813 s.
1335 1753 1653 1815 Ambro—

373 1842 571 1911 sius,
620 1843 771 1918 ,qui
817 1861 939 1903 non
969 1844 1167 1903 solum
1196 1843 1653 1904 mediolanensis

369 1931 666 2002 ecclesiae,
716 1950 924 1991 verum
957 1933 1136 1992 etiam
1169 1934 1438 1992 omnium
1469 1933 1653 1991 eccle-

372 2020 593 2079 siarum
625 2021 900 2079 columna
930 2021 1219 2098 quaedam
1251 2024 1313 2080 et
1340 2022 1528 2080 turris
1560 2022 1652 2080 in-

1710 791 2052 834 consensuS.
2119 774 2273 833 Hinc
2304 773 2640 849 baptizatus
2685 777 2804 845 est;
2855 795 2988 835 nam

1711 862 2171 922 catechumenus
2201 865 2440 922 tantum
2472 867 2615 934 erat,
2668 874 2766 928 30.
2800 868 2873 923 ut
2902 866 2993 923 vi-

1710 951 1888 1010 detur
1918 952 2290 1021 Novembri-3,
2340 955 2402 1011 et
2440 954 2733 1030 susceptis
2766 954 2993 1013 ordini-

1711 1042 1826 1099 bus
1871 1040 1936 1099 in
1982 1041 2324 1116 episcopum
2355 1044 2733 1102 consecratus
2772 1052 2825 1106 7.
2860 1044 2992 1103 Dec.

1714 1140 1791 1192 37
1804 1140 1860 1192 4.
1881 1129 2095 1188 Factus
2117 1132 2433 1207 episcopus
2453 1130 2799 1190 catholicam
2819 1131 2995 1190 fidem

1710 1224 1774 1277 et
1815 1218 2272 1278 ecclesiasticam
2306 1220 2676 1297 disciplinam
2713 1221 2994 1280 acerrime

1709 1307 1978 1367 defendit
2026 1309 2368 1384 multosque
2418 1310 2670 1369 Arianos
2734 1313 2796 1369 et
2846 1310 2995 1369 alios

1708 1397 2035 1456 haereticos
2067 1397 2141 1455 ad
2173 1396 2312 1456 fidei
2330 1397 2646 1457 veritatem
2678 1399 2991 1469 convertit,

1709 1486 1774 1544 in
1806 1485 2029 1562 quibus
2049 1486 2441 1545 clarissimum
2463 1487 2757 1546 Ecclesiae
2788 1488 2992 1546 lumen

1710 1593 1755 1638 s.
1808 1576 2342 1651 Augustinum
2406 1575 2554 1634 Jesu
2604 1577 2837 1635 Christo
2886 1594 2991 1651 pe-

1708 1664 1884 1740 perit.
1935 1665 1991 1723 Is
2024 1664 2182 1723 enim
2216 1664 2359 1723 dum
2391 1664 2711 1724 Mediolani
2741 1665 2992 1723 rhetori-

1709 1772 1834 1811 cam
1866 1753 2261 1829 profiteretur,
2296 1754 2427 1829 ejus
2448 1754 2823 1813 sermonibus
2854 1772 2993 1829 cap-

1708 1845 1811 1900 tus
1843 1841 2122 1902 assiduus
2155 1843 2412 1919 singulis
2446 1842 2655 1901 diebus
2677 1842 2989 1902 dominicis

1709 1931 1950 1991 auditor
2008 1930 2201 1991 adfuit
2262 1950 2328 1990 ac
2390 1932 2627 1990 demum
2677 1932 2989 1990 veritatem
3063 1935 3068 1939 '

1709 2021 1970 2097 agnovit,
2017 2023 2088 2080 ut
2119 2021 2249 2096 ipse
2283 2020 2355 2079 de
2402 2039 2465 2079 se
2504 2022 2706 2079 narrat
2736 2020 2992 2079 Confess.

369 2109 789 2186 expugnabilis
821 2110 940 2168 fuit
972 2155 985 2167 .
1019 2158 1031 2171 .
1067 2156 1081 2171 .
1125 2111 1230 2187 qui
1276 2110 1351 2169 ad
1381 2110 1653 2169 ecclesia·
1715 2109 1776 2180 V,
1818 2118 1928 2172 13:
1979 2110 2231 2177 ,Verbis
2277 2110 2406 2185 ejus
2452 2109 2860 2186 suspendebar
2901 2110 2995 2169 in-

371 2217 505 2257 rum
551 2199 660 2257 Dei
703 2198 957 2276 gloriam
1001 2200 1225 2259 electus
1276 2219 1311 2258 a
1359 2200 1479 2259 Deo
1529 2202 1651 2259 est:
1707 2200 1917 2258 tentus
1952 2242 1966 2257 .
1998 2244 2011 2257 .
2045 2243 2058 2257 .
2093 2201 2155 2258 et
2185 2199 2521 2259 delectabar
2539 2199 2837 2258 suavitate
2871 2217 2995 2258 ser-

377 2287 481 2363 qni
512 2288 575 2345 in
593 2290 914 2365 conspectu
935 2289 1173 2348 Domini
1192 2288 1430 2348 locutus
1449 2291 1555 2359 est,
1588 2288 1655 2347 in
1708 2288 1978 2359 monis;‘
2013 2290 2075 2347 et
2105 2306 2195 2364 ep.
2222 2296 2366 2351 14¹7.
2398 2306 2455 2350 n.
2490 2298 2605 2351 23:
2641 2288 2795 2357 ,Per
2825 2288 2991 2347 illius

371 2379 696 2453 conspectu
717 2382 1169 2452 persecutorum
1200 2397 1411 2455 regum
1442 2380 1505 2436 et
1533 2395 1655 2436 non
1710 2395 1776 2436 os
1807 2377 2189 2453 potissimum
2236 2396 2329 2436 me
2363 2378 2651 2437 Dominus
2689 2376 2763 2434 ab
2797 2394 2992 2435 errore

368 2469 463 2525 est
495 2462 903 2547 confusu82).‘
972 2467 1160 2526 Natus
1192 2469 1285 2526 est
1314 2471 1484 2542 patre
1517 2466 1653 2524 Gal·
1708 2466 2048 2526 liberavit.‘
2113 2467 2328 2543 Magna
2372 2467 2566 2524 valuit
2610 2466 2802 2543 gratia
2833 2465 2993 2541 apud

373 2554 588 2615 liarnm
639 2554 932 2632 praefecto
977 2555 1369 2633 probabiliter
1398 2555 1655 2616 Treviris
1709 2555 2077 2627 Gratianum,
2117 2555 2601 2616 Valentinianum
2633 2557 2695 2615 et
2726 2553 2990 2614 Theodo-

370 2644 533 2703 intra
560 2664 610 2705 a.
637 2654 959 2717 338—40,
993 2659 1112 2722 quo
1143 2646 1423 2706 defuncto
1455 2666 1500 2704 c.
1526 2654 1651 2708 354
1710 2645 1869 2705 sium
1902 2646 1975 2703 M.
1993 2645 2134 2721 imp.
2182 2646 2357 2704 Hunc
2375 2646 2450 2704 ob
2490 2646 2693 2704 caedes
2716 2645 2991 2704 Thessal-

373 2734 925 2793 matercumtribus
940 2734 1333 2794 filiisRomam
1351 2738 1441 2794 est
1454 2753 1653 2793 rever·
1709 2735 1936 2793 lonicae
1968 2753 2019 2793 a.
2057 2744 2180 2797 390
2229 2734 2692 2810 praecipitanter
2726 2734 2991 2792 decretas

371 2840 454 2893 sa,
475 2841 612 2881 nam
646 2826 826 2901 gente
847 2826 907 2882 et
935 2824 1163 2882 familia
1198 2827 1326 2883 erat
1355 2841 1653 2883 romanus.
1708 2824 1780 2881 ad
1828 2823 2262 2898 poenitentiam
2308 2823 2525 2899 adegit,
2572 2841 2753 2898 quam
2785 2824 2991 2880 tantus

375 2911 625 2988 Egregie
663 2911 759 2971 hic
802 2912 1143 2983 institutus,
1186 2913 1430 2988 juvenis
1464 2913 1655 2971 adhuc
1709 2912 2033 2987 imperator
2076 2914 2170 2971 tot
2200 2911 2466 2971 victoriis
2500 2911 2761 2987 inclytus
2793 2910 2990 2968 humi-

370 3000 449 3060 ob
468 3001 730 3078 insignes
751 3002 934 3061 animi
956 3002 1126 3061 dotes
1142 3002 1334 3061 Probo
1353 3001 1654 3078 praetorio
1710 3001 1850 3059 liter
1879 3001 2159 3076 suscepit,
2193 3020 2330 3058 nam
2349 3002 2504 3058 teste
2523 3001 2658 3074 ipso
2677 2999 2990 3058 Ambrosio

371 3090 665 3165 praefecto
683 3107 950 3150 assessor
964 3091 1081 3149 fuit
1096 3093 1276 3165 atque
1291 3109 1427 3149 mox
1441 3108 1488 3150 c.
1510 3099 1654 3153 370.
1709 3091 1774 3147 in
1805 3108 1887 3151 or.
1921 3089 1995 3147 de
2024 3088 2337 3148 Theodosii
2368 3089 2539 3147 obitu
2571 3106 2618 3148 c.
2655 3097 2755 3159 34,
2794 3090 2990 3156 ‚stra-

367 3179 703 3238 consularis
740 3180 1035 3256 potestate
1064 3181 1440 3256 praepositus
1473 3179 1653 3256 Ligu·
1708 3178 1801 3237 vit
1849 3196 2039 3248 omne,
2090 3196 2208 3254 quo
2259 3177 2558 3248 utebatur,
2611 3177 2847 3253 insigne
2896 3195 2989 3234 re-

372 3267 490 3328 riae
552 3271 732 3344 atque
794 3268 1094 3331 Aemiliae.
1168 3269 1314 3328 Cum
1376 3271 1655 3327 mortuus
1708 3267 1896 3344 giam,
1945 3266 2186 3326 deflevit
2214 3267 2278 3325 in
2310 3266 2556 3325 ecclesia
2586 3265 2823 3342 publice
2855 3283 2989 3340 pec-

368 3360 532 3416 esset
550 3357 886 3416 Auxentius
906 3358 1223 3433 episcopus
1255 3356 1654 3416 mediolanen·
1708 3359 1908 3416 catum
1941 3375 2136 3426 suum,
2172 3405 2184 3417 .
2219 3402 2231 3414 .
2266 3401 2280 3414 .
2326 3356 2555 3432 gemitu
2602 3358 2664 3413 et
2727 3354 2989 3412 lacrimis

370 3445 457 3504 sis
490 3445 731 3505 arianus
757 3455 833 3509 37
844 3456 900 3517 4,
936 3447 1318 3523 populusque
1338 3446 1656 3505 dissideret
1710 3446 1903 3504 oravit
1946 3445 2242 3506 veniam‘
2307 3444 2462 3503 Hinc
2507 3443 2872 3503 Theodosius
2919 3442 2991 3501 de

371 3535 437 3596 in
469 3535 744 3612 eligendo
777 3553 1129 3606 successore,
1162 3536 1293 3610 ipse
1324 3554 1432 3611 pro
1462 3534 1654 3595 officio
1708 3553 1779 3593 eo
1812 3535 1963 3593 dixit
1997 3530 2183 3615 (apud
2216 3533 2781 3594 Theodoretum
2813 3532 2885 3591 H.
2919 3532 2985 3594 Ε.

369 3625 468 3684 eui
489 3625 756 3683 muneris
788 3624 851 3682 iu
883 3623 1192 3683 ecclesiam
1222 3628 1314 3683 est
1343 3624 1653 3700 ingressus
1708 3623 1777 3696 V,
1825 3621 1961 3706 17):
2010 3624 2412 3700 ,Episcopum
2459 3623 2707 3699 dignum
2754 3621 2990 3680 nullum

367 3713 445 3771 ad
470 3712 787 3772 sedandam
810 3715 1162 3772 commotam
1182 3712 1651 3773 multitudinem.
1712 3712 1835 3771 vidi
1905 3731 2081 3788 quam
2145 3712 2588 3773 Ambrosium.‘
2667 3711 2990 3769 Conatibus

374 3801 564 3861 Multa
594 3802 668 3861 de
699 3802 902 3878 quiete
934 3805 996 3862 et
1024 3801 1465 3876 tranquillitate
1486 3820 1652 3878 prae·
1708 3802 1746 3858 J
1750 3802 1988 3860 ustinae
2005 3801 2419 3876 imperatricis,
2453 3819 2606 3876 quae
2625 3800 2864 3859 Arianis
2885 3799 2989 3858 ad-

366 3891 527 3951 clare
555 3889 728 3962 dixit,
776 3908 911 3949 cum
958 3909 1110 3967 puer
1155 3890 1471 3967 derepente
1517 3910 1652 3950 eum
1707 3890 1868 3949 dicta
1886 3890 2253 3966 protectione
2287 3908 2397 3949 sua
2427 3890 2636 3947 horum
2671 3892 2870 3965 partes
2903 3888 2990 3947 fo-

367 3980 718 4056 episcopum
739 3979 1120 4039 exclamaret:
1157 3998 1336 4055 quam
1365 3980 1431 4038 in
1450 3998 1655 4039 vocem
1709 3979 1906 4050 vebat,
1953 3977 2254 4052 intrepide
2291 3977 2519 4036 restitit
2549 3978 2990 4053 prudentiaque

1709 4086 1820 4126 sua
1849 4083 1948 4125 eos
1978 4066 2318 4144 elusit.,1ta
2347 4069 2409 4124 et
2438 4065 2783 4141 Symmacho
2817 4065 2989 4123 Urbis

1708 4155 2023 4232 praefect0,
2087 4154 2192 4229 qui
2253 4155 2492 4213 nullum
2546 4172 2667 4212 non
2715 4153 2992 4211 movebat

414 4223 487 4293 ‘¹)
515 4220 598 4275 Cf·
625 4221 794 4291 Plur‘*
834 4221 905 4273 de
932 4237 995 4274 ‘³⁰
1023 4221 1179 4292 apud
1207 4219 1655 4303 Mingareolli
1710 4244 1985 4320 lapidem,
2034 4246 2106 4302 ut
2153 4261 2252 4301 ara
2299 4242 2589 4301 Victoriae
2635 4242 2700 4299 in
2745 4244 2988 4299 senatus

368 4289 433 4344 in
457 4292 626 4346 docto
653 4292 1056 4347 commentario
1084 4309 1219 4346 suae
1240 4292 1327 4348 ed.
1387 4309 1653 4348 raemisso

366 4363 567 4433 (etiam
610 4362 672 4419 in
716 4362 964 4434 migne
1009 4364 1067 4418 p,
1097 4365 1162 4418 (3,
1190 4365 1339 4417 XXX
1374 4365 1438 4426 X,
1485 4371 1654 4419 139-
1709 4334 1846 4392 aula
1874 4333 2309 4400 restitueretur,
2356 4330 2582 4389 restitit
2627 4330 2987 4405 praevaluit-

368 4438 497 4506 216)
516 4455 528 4494 3
570 4434 613 4486 L
630 4440 666 4487 fi
683 4451 713 4489 c
729 4434 768 4488 k
783 4452 813 4489 e
852 4435 915 4488 in
956 4434 1390 4505 quaestionibus
1433 4434 1529 4487 cit.
1558 4434 1652 4505 (ib.
1709 4441 1828 4498 que
1858 4423 1989 4499 ejus
2020 4420 2178 4497 apud
2215 4423 2340 4478 tres
2372 4420 2754 4494 imperatores
2786 4420 2988 4477 aucto-

368 4507 863 4630 h1731—1748);
892 4506 935 4558 B
951 4523 986 4560 a
1000 4525 1030 4560 r
1044 4507 1081 4560 d
1098 4524 1127 4560 e
1145 4526 1181 4561 n
1200 4508 1238 4560 h
1255 4523 1285 4560 e
1301 4524 1354 4559 w
1371 4523 1440 4560 er
1464 4517 1491 4571 5
1510 4508 1579 4562 70
1599 4508 1658 4557 et
1708 4512 1875 4570 ritas,

526 4576 625 4640 111,
669 4580 833 4634 1713:
885 4577 1655 4646 Fessler-Jungmann

370 4647 1229 4716 91203Nirs0h1115142s.

446 4723 488 4792 ¹)
516 4719 603 4773 Ita
642 4719 973 4774 Rufinus
1013 4721 1075 4777 in
1114 4722 1322 4774 Invect.
1353 4726 1401 4773 ⁶2.
1444 4719 1501 4773 in
1531 4717 1656 4771 Hie-

373 4807 693 4860 ronymum.

1806 4698 1905 4752 94.
1950 4688 2116 4750 Licet
2157 4690 2396 4746 tantum
2445 4687 2670 4746 valeret
2717 4684 2783 4743 in
2830 4684 2985 4760 aula,

1711 4776 2213 4854 gravissimasque
2276 4776 2468 4836 obiret
2531 4774 2858 4851 legationes
2927 4777 2990 4832 et
