3505 5161
1572 221 1831 276 Photius.

394 239 509 295 ⁷81
2886 239 3006 295 782

376 408 672 468 indefesso
722 408 986 467 excoluit
1033 408 1255 481 studio,
1305 408 1449 467 adeo
1499 410 1572 466 ut
1599 407 1661 465 in
1718 407 1960 465 annales
1975 403 2040 487 ¹).
2101 406 2347 467 Interim
2407 407 2658 468 Photius
2706 407 3010 484 ingentem

377 497 659 557 omnibus
689 500 957 556 versatus
977 500 1135 557 esset
1153 497 1482 573 disciplinis
1502 497 1664 556 ideo·
1718 495 1981 556 ostendit
2011 497 2388 568 industriam,
2422 501 2493 556 ut
2525 497 2682 557 sedis
2702 515 2844 556 suae
2859 497 3009 557 dila-

378 606 493 662 que
542 586 736 646 multa
783 604 1129 662 componere
1177 587 1442 662 potuerit
1488 602 1665 662 opera
1718 588 1877 645 taret
1905 587 2350 663 praerogativas
2383 590 2445 646 et
2476 586 2871 661 splendorem,
2906 606 3009 647 an-

375 695 516 737 sane
560 670 821 756 utilia1).
880 675 1104 735 Tarasii
1155 675 1452 751 quondam
1482 675 1665 750 patri·
1720 693 1937 751 sasque
1966 677 2262 736 inveniret
2290 675 2611 735 firmandae
2642 676 2946 735 scissionis
2977 696 3012 735 a

376 765 585 825 archae
614 782 906 840 pronepos
925 766 1066 835 erat,
1083 764 1473 825 nobilissimis
1493 766 1665 824 ortus
1720 765 1861 823 sede
1892 766 2214 840 apostolica
2255 765 2603 841 excogitatis
2648 763 2828 824 variis
2876 764 3010 824 doc·

376 849 453 935 (c.
488 850 643 936 820)
675 854 1038 929 parentibus,
1073 854 1180 929 qui
1210 873 1316 929 pro
1346 853 1507 912 avita
1550 852 1665 912 fide
1720 853 1914 913 trinae
1974 853 2442 931 disciplinaeque
2491 853 2806 930 capitibus,
2858 872 3009 929 quae

374 944 449 1002 ab
477 943 874 1002 iconomachis
918 942 1112 1003 multa
1150 947 1297 1002 sunt
1326 943 1503 1018 passi.
1552 943 1592 1001 J
1595 963 1664 1002 u·
1720 943 1947 1002 Latinis
1977 944 2374 1021 exprobraret.
2408 944 2522 1003 Sed
2553 962 2626 1002 en
2646 961 2857 1002 rursus
2876 963 3009 1002 mu-

377 1034 689 1091 ventutem
718 1032 1018 1109 transegit
1060 1030 1340 1091 discendo
1372 1031 1665 1092 docendo·
1718 1035 1886 1091 tatur
1933 1034 2064 1110 ejus
2113 1033 2369 1093 fortuna.
2437 1034 2730 1093 Defuncto
2790 1033 3012 1092 Basilio

374 1140 492 1196 que
522 1121 864 1197 multosque
895 1123 1141 1180 attraxit
1158 1121 1496 1197 discipulos.
1520 1122 1661 1181 Cum
1718 1121 1837 1181 Leo
1869 1121 2115 1199 Sapiens
2147 1122 2362 1193 dictus,
2394 1124 2525 1199 ejus
2556 1122 2856 1197 quondam
2887 1122 3010 1180 dis-

376 1228 516 1287 ergo
546 1209 952 1269 nobilissimae
971 1214 1131 1269 esset
1159 1210 1435 1276 familiae.
1470 1228 1663 1270 caesa-
1719 1212 1971 1287 cipulus,
2006 1232 2140 1271 eum
2175 1212 2391 1271 iterum
2426 1211 2705 1287 deposuit
2733 1214 2913 1287 atque
2944 1212 3011 1270 in

373 1317 507 1358 reae
549 1297 761 1369 affinis,
809 1303 992 1373 atque
1039 1298 1362 1377 diligenter
1389 1300 1663 1360 excultus
1720 1301 2151 1361 monasterium
2182 1302 2470 1378 relegavit
2502 1295 2704 1383 (886),
2738 1318 2856 1375 quo
2889 1301 3008 1361 ful-

375 1386 689 1463 splendida
718 1388 970 1463 adeptus
1003 1392 1093 1447 est
1121 1389 1187 1448 in
1218 1390 1357 1450 aula
1384 1408 1661 1450 munera:
1717 1390 1879 1450 mine
1908 1391 2100 1450 veluti
2131 1390 2353 1451 fractus
2402 1390 2656 1450 decessit
2699 1408 2747 1449 c.
2779 1408 2828 1447 a.
2863 1398 3008 1461 891,

375 1476 495 1536 fuit
537 1475 696 1536 enim
741 1477 1271 1553 protospatharius,
1318 1479 1662 1554 imperatori
1709 1482 1887 1557 juxta
1916 1480 2065 1539 alios
2100 1489 2248 1555 897,
2283 1480 2429 1555 quin
2462 1480 2569 1537 illo
2602 1479 3010 1554 quinquennio

373 1566 602 1641 primus
644 1585 680 1624 a
728 1567 990 1625 consiliis
1022 1569 1203 1643 atque
1234 1572 1487 1628 senator.
1548 1569 1662 1628 De·
1720 1589 1863 1629 suae
1924 1569 2205 1628 navitatis
2269 1569 2460 1628 veluti
2519 1567 2761 1627 innatae
2816 1568 3009 1627 ullum

365 1656 527 1730 jecto
559 1654 796 1732 Ignatio
825 1655 952 1731 ipse
998 1674 1174 1732 opera
1203 1657 1428 1716 Bardae
1459 1658 1662 1718 Caesa·
1718 1660 1890 1719 daret
1917 1658 2172 1734 amplius
2203 1658 2510 1717 indicium.

374 1745 459 1804 ris
488 1744 713 1803 electus
763 1748 854 1803 est
894 1744 957 1803 in
988 1745 1382 1821 patriarcham
1429 1748 1665 1823 paucis-

374 1852 491 1909 que
523 1831 735 1892 diebus
752 1852 953 1893 omnes
983 1834 1252 1911 suscepit
1280 1853 1476 1896 sacros
1508 1837 1665 1896 ordi·
1815 1846 1962 1900 426.
1995 1837 2196 1896 Photii
2227 1855 2406 1912 opera
2427 1836 2674 1895 collecta
2692 1853 3006 1911 cooperan-

373 1941 479 1984 nes
510 1916 717 2004 (857).
781 1922 999 1982 Verum
1033 1923 1409 1984 Nicolaus
1441 1927 1487 1985 1.
1519 1927 1670 1984 hanc
1722 1927 1891 1985 tibus
1923 1925 1979 1985 J.
2011 1927 2077 1984 B.
2109 1926 2363 1984 Malou
2407 1928 2468 1985 et
2517 1925 2643 1987 Jos.
2672 1925 3007 2001 Hergen-

375 2010 726 2072 electionem
756 2012 1027 2082 cassavit,
1062 2016 1124 2071 et
1152 2016 1466 2090 postquam
1498 2016 1665 2074 Basi-
1723 2016 1999 2074 rother
2040 2015 2396 2091 prodierunt
2441 2015 2502 2073 in
2547 2015 2799 2088 Migne
2845 2015 2907 2076 P.
2941 2016 3006 2073 G.

374 2102 499 2161 lius
548 2100 787 2161 Macedo
837 2120 1090 2178 regnum
1139 2102 1306 2173 adiit,
1358 2103 1669 2180 depositus
1731 2109 1770 2168 t.
1803 2104 2068 2175 01-01v.‚
2110 2104 2522 2180 supplementa
2554 2102 2799 2179 praebet
2829 2104 3008 2163 Her-

376 2190 502 2267 ipse
562 2194 657 2248 est
715 2193 896 2265 atque
940 2191 1261 2251 restitutus
1306 2210 1353 2251 s.
1395 2194 1670 2270 Ignatius
1724 2194 2156 2271 genrother
2229 2193 2617 2253 Monumenta
2676 2211 2886 2269 graeca
2935 2192 3008 2252 ad

377 2272 577 2361 (867).
639 2279 785 2338 Post
815 2279 998 2355 hujus
1029 2299 1169 2339 vero
1200 2285 1447 2340 mortem
1483 2279 1668 2364 (877)
1731 2284 2005 2343 Photium
2040 2283 2291 2358 ejusque
2321 2282 2630 2341 historiam
2658 2283 3006 2358 spectantia,

375 2369 595 2427 iterum
615 2369 867 2444 adeptus
884 2371 975 2428 est
988 2369 1187 2428 sedem
1202 2372 1669 2446 patriarchalem.

376 2457 561 2516 Nisus
597 2457 837 2531 quidem
861 2461 954 2518 est
974 2459 1132 2517 sedis
1155 2461 1512 2535 apostolicae
1532 2479 1667 2519 con·

376 2546 547 2623 sequi
597 2546 1077 2623 approbationem
1127 2548 1471 2627 legatosque
1530 2569 1667 2627 apo-

377 2635 619 2696 stolicos
651 2637 878 2696 astutia
908 2655 1021 2697 sua
1051 2638 1285 2714 decepit
1316 2640 1550 2716 sibique
1584 2640 1670 2698 fa-

379 2728 582 2784 ventes
631 2725 909 2796 reddidit,
960 2726 1046 2786 ita
1092 2731 1164 2786 ut
1206 2726 1468 2788 Joannes
1514 2729 1668 2788 VIII.

374 2819 618 2890 paratus
650 2818 806 2876 esset
855 2816 969 2875 sub
1018 2817 1193 2875 certis
1226 2818 1670 2877 conditionibus

374 2922 512 2962 eum
544 2921 880 2980 agnoscere,
931 2904 1034 2964 sed
1084 2905 1329 2964 meliora
1359 2907 1604 2965 edoctus
1636 2927 1670 2964 a

373 2992 604 3051 Marino
641 2991 946 3065 cardinali,
979 2995 1084 3069 qui
1105 2994 1269 3054 illius
1288 2995 1405 3053 viri
1436 2996 1670 3055 fraudes

1727 2372 2128 2431 Batisbonnae
2169 2380 2331 2433 1869
2354 2373 2416 2429 et
2434 2371 2723 2446 quaedam
2757 2372 3012 2430 minoris

1726 2462 2013 2521 momenti
2027 2462 2098 2519 A.
2115 2461 2160 2517 P
2176 2480 2210 2518 a
2224 2480 2261 2535 p
2277 2479 2311 2518 a
2326 2460 2365 2518 d
2380 2478 2413 2517 o
2431 2479 2468 2536 p
2483 2460 2653 2519 ulos
2685 2461 3007 2520 Kerameus

1726 2551 1792 2610 in
1824 2550 1962 2610 fasc.
2015 2548 2317 2609 societatis
2368 2549 2633 2610 russicae
2684 2549 3009 2624 palestinae

1725 2647 1768 2698 t.
1786 2640 1987 2709 XXXI,
2008 2639 2369 2716 Petersburg
2393 2651 2411 2701 l
2432 2648 2576 2701 892.
2591 2638 2828 2698 Potiora
2847 2644 3006 2699 sunt:

1725 2729 2133 2802 Amphilochia
2165 2729 2408 2786 collectio
2439 2729 2567 2792 scil.
2587 2728 3009 2803 quaestionum

1727 2815 1917 2896 (ultra
1940 2814 2114 2898 300),
2150 2835 2297 2892 quas
2317 2817 2667 2892 praesertim
2701 2817 2750 2874 A
2769 2836 2824 2874 m
2842 2836 2882 2892 p
2897 2817 2937 2874 h
2954 2817 3005 2874 i-

1724 2908 1746 2965 l
1764 2923 1797 2963 o
1813 2925 1843 2965 c
1859 2907 1933 2965 hi
1951 2924 1993 2964 u
2009 2925 2037 2964 s
2070 2906 2260 2981 Cyzici
2277 2905 2659 2981 metropolita
2679 2899 2846 2986 (hinc
2867 2908 3007 2965 Am-

1725 2995 2057 3071 philochiae
2088 2994 2428 3070 inscriptio)
2461 2994 2576 3069 ipsi
2590 2997 2857 3069 tempore
2873 3000 3006 3054 ten-

372 3082 524 3141 bene
572 3085 834 3153 noverat,
881 3083 1194 3141 anathema
1237 3084 1301 3142 in
1351 3103 1488 3143 eum
1521 3085 1672 3142 dixit
1723 3085 2020 3143 tationum
2076 3079 2284 3166 (primi
2317 3078 2539 3166 exsilii)
2588 3085 2899 3158 proposuit
2947 3089 3008 3144 et

375 3165 451 3251 (a.
489 3170 673 3245 881):
706 3174 767 3230 et
796 3172 1012 3231 merito
1027 3171 1441 3246 quidem,nam
1458 3174 1666 3249 genui-

372 3278 510 3318 nam
542 3260 734 3335 ipsius
767 3260 1068 3335 pontificis
1118 3262 1357 3320 literam
1390 3280 1666 3338 suppres—

375 3351 535 3408 serat
547 3367 877 3424 novamque
900 3349 1164 3420 finxerat,
1182 3350 1247 3409 in
1268 3370 1384 3425 qua
1403 3351 1666 3426 pontifex

374 3438 625 3497 summis
645 3457 779 3497 eum
801 3438 1082 3498 laudibus
1100 3439 1515 3515 prosequitur:
1549 3440 1668 3498 imo

373 3528 435 3586 et
465 3545 533 3585 ex
586 3527 776 3602 capite
824 3545 932 3586 suo
982 3527 1234 3586 finxerat
1283 3532 1414 3587 acta
1459 3529 1668 3604 synodi

373 3616 799 3688 oecumenicae,
846 3634 915 3675 eo
960 3619 1197 3675 tantum
1242 3617 1374 3685 fine,
1408 3621 1481 3676 ut
1510 3636 1666 3676 conc.

373 3704 736 3763 oecumenici
768 3704 923 3767 VIII.
967 3705 1230 3764 aboleret
1260 3707 1666 3766 auctoritatem

372 3795 435 3853 et
461 3794 674 3864 omnia,
709 3813 860 3868 quae
892 3797 1097 3853 contra
1115 3795 1311 3871 ipsum
1332 3795 1474 3854 olim
1495 3814 1666 3854 cano·

371 3881 502 3941 nice
545 3892 679 3941 acta
715 3883 972 3953 fuerant,
1024 3884 1407 3943 rescinderet.
1468 3885 1668 3943 Falsa-

1724 3173 1850 3250 ipse
1861 3173 2055 3233 solvit.
2068 3171 2469 3232 Diversissimi
2486 3177 2683 3230 autem
2706 3172 2931 3231 ordinis
2943 3194 3009 3233 ac

1724 3264 1962 3339 generis
1996 3265 2141 3321 sunt
2172 3265 2527 3338 argumenta
2550 3279 2619 3320 eo
2648 3261 2712 3319 in
2745 3280 2836 3337 op.
2871 3282 3004 3336 per-

1725 3357 1996 3411 tractata.
2016 3351 2160 3410 Tres
2177 3354 2378 3409 tamen
2398 3352 2614 3409 classes
2635 3351 3003 3410 dissertatio-

1724 3460 1868 3499 num
1904 3442 2044 3499 licet
2075 3440 2464 3516 distinguere,
2498 3459 2757 3515 quarum
2796 3452 2848 3502 l.
2880 3459 3006 3499 om-

1724 3530 1891 3590 nium
1940 3529 2236 3587 ditissima
2281 3547 2312 3587 e
2328 3548 2362 3586 x
2381 3547 2462 3605 eg
2477 3548 2508 3587 e
2528 3538 2552 3587 t
2570 3529 2590 3587 i
2607 3547 2638 3586 c
2653 3549 2687 3587 a
2703 3547 2730 3587 s
2781 3533 2843 3589 et
2873 3530 3002 3589 her-

1724 3619 2089 3677 menenticas
2105 3618 2522 3694 complectitur
2531 3618 3004 3696 disquisitiones,

1727 3717 1785 3769 2.
1819 3707 2035 3784 dogm
2058 3707 2320 3777 aticas,
2377 3717 2433 3770 3.
2465 3707 2704 3766 demum
2755 3708 3004 3783 philo-

1725 3815 1751 3854 s
1769 3815 1803 3855 o
1818 3816 1857 3872 p
1874 3797 1914 3854 h
1929 3798 1944 3853 i
1965 3814 1995 3855 c
2013 3815 2046 3854 a
2061 3815 2104 3865 s,
2124 3795 2571 3873 mythologicas,
2590 3797 3003 3870 grammaticas

1724 3888 1785 3943 et
1815 3885 2132 3944 nonnullas
2161 3884 2490 3948 historicas,
2555 3885 2758 3943 Utitur
2790 3886 2853 3944 in
2883 3905 3003 3945 res-

372 3970 531 4030 rium
562 3971 776 4030 Photio
822 3972 1195 4031 audaciorem
1239 3976 1300 4031 et
1348 3972 1666 4048 impuden-
1722 3973 3003 4050 ponsionibuslibenteroperibusPolycbro—

371 4060 587 4119 tiorem
618 4061 859 4120 nullum
889 4064 1354 4120 commemorant
1372 4062 1666 4121 Ecclesiae
1722 4064 1826 4133 nii,
1860 4063 2060 4139 Cyrilli
2093 4063 2256 4132 alex„
2291 4064 2566 4121 Germani
2590 4064 2718 4136 CR,
2754 4064 3003 4122 Joannis

1721 4152 2082 4222 Damasceni,
2117 4153 2179 4210 in
2211 4152 2422 4229 primis
2443 4151 2808 4220 Theodoreti,
2830 4171 2861 4209 e
2882 4170 3001 4227 quo

451 4284 488 4353 1)
515 4281 726 4336 Merito
754 4286 946 4337 tamen
988 4285 1153 4339 notat
1178 4283 1524 4337 Ehrhard
1552 4283 1601 4337 Κ
2092 4330 2103 4341 .
2849 4329 2860 4341 .

371 4353 469 4417 ΙΧ,
496 4355 670 4409 2087:
722 4353 963 4408 Photius
1004 4354 1346 4425 Bedeutung
1385 4355 1471 4408 als
1511 4355 1667 4409 eines
1719 4330 1945 4406 abssque
1978 4329 2186 4390 ordme
2219 4332 2279 4388 0¹³
2309 4329 2584 4387 methodo
2631 4333 2775 4387 sunt
2805 4329 3002 4406 d¹SP0·

372 4423 589 4477 Theolo
633 4440 707 4477 en
752 4425 830 4477 ist
872 4427 960 4479 oft
1003 4426 1366 4480 ebersohatzt
1415 4427 1663 4481 worden.
1722 4418 1890 4490 sitae,
1940 4419 2192 4477 diversis
2225 4418 2598 4493 temporibus
2630 4418 2702 4476 ad
2736 4418 3001 4477 erudito-

372 4493 541 4549 Seine
584 4498 610 4549 t
655 4494 1023 4566 eologischen
1049 4497 1665 4569 Gesammtleistungen
1720 4527 1852 4566 mm
1910 4508 2234 4567 amicorum
2282 4506 2551 4582 quaesita
2614 4507 2998 4582 conscriptae,

373 4566 570 4622 stellen
597 4567 703 4620 ihu
730 4571 899 4624 unter
922 4567 955 4620 J
960 4568 1050 4622 oh.
1083 4585 1191 4623 von
1213 4569 1523 4623 Damascus
1543 4570 1662 4623 und

371 4637 560 4691 lassen
585 4637 695 4691 mit
718 4638 898 4693 denen
928 4639 1027 4693 des
1054 4639 1337 4695 Maximus
1364 4640 1665 4696 Confessor
1720 4651 1739 4654 “
1851 4653 1862 4654 ’

372 4708 825 4848 ἓιιίἕὶιὲὴΙιὲἕηῦἰιιε
867 4727 979 4764 von
1028 4710 1247 4779 Byzanz
1295 4712 1498 4767 keinen
1529 4714 1661 4766 Ver·
1717 4713 2146 4855 01¹}Clt'ipraef.
2173 4713 2235 4767 in
2262 4731 2394 4785 opp.
2422 4713 2615 4768 Photii
2641 4713 2726 4767 ed.
2756 4712 2901 4783 Mig
2919 4731 2954 4764 n
2971 4730 3002 4766 e

1604 4284 1664 4337 L·
1727 4250 1806 4307 32
1843 4242 1983 4299 diss.
2036 4241 2111 4299 ad
2156 4240 2408 4299 verbum
2459 4239 2822 4298 transcribit.
2886 4242 3002 4300 Eae
3106 4276 3122 4290 .
