3505 5161
502 222 535 276 5
557 224 573 273 ι
593 224 626 272 9
1060 209 1358 260 551-600.
1386 204 1652 258 Controv.
1679 202 1749 256 de
1776 202 1962 257 tribus
1988 216 2112 273 cap.
2140 202 2443 256 Facundus
2470 206 2575 256 etc.

2997 220 3123 274 520

500 391 961 461 eruditissimus,
1011 392 1435 451 hermianensis
1466 390 1781 465 episcopus
1836 388 2051 448 tavit.‘
2083 389 2548 449 Controvertunt
2571 390 2695 465 jam
2730 390 2847 448 viri
2879 390 3125 460 eruditi,

500 481 564 539 in
618 481 846 540 Africae
907 481 1206 557 provincia
1266 482 1573 557 byzacena,
1638 479 1781 538 dum
1837 483 2044 537 utrum
2090 478 2152 537 hi
2195 478 2314 538 duo
2364 479 2556 538 libelli
2607 480 2730 537 sint
2780 477 2937 537 idem
2987 498 3129 538 cum

501 570 1014 646 Constantinopoli
1054 570 1294 647 degeret
1338 570 1409 629 ad
1457 588 1549 628 res
1598 569 1781 628 eccle·
1838 578 2011 644 ‘opere
2056 585 2163 642 pro
2210 568 2550 628 defensione
2595 569 2783 627 trium
2829 568 3122 644 capitulo·

503 660 622 717 siae
654 660 947 719 africanae
991 660 1404 734 procurandas,
1455 662 1516 717 et
1561 656 1782 717 ibidem
1837 672 1992 726 rum,
2041 655 2202 731 quod
2233 657 2468 717 divisim
2503 659 2565 716 in
2604 667 2637 719 2
2672 676 2775 734 pp.
2808 656 2954 716 olim
2986 676 3122 734 pro-

501 749 644 806 haec
665 749 936 822 quaestio
955 748 1149 807 acrius
1171 750 1518 826 agitaretur,
1553 752 1613 806 et
1645 746 1779 822 qui·
1840 746 1969 816 diit,
2004 765 2080 804 an
2112 746 2293 822 hujus
2325 765 2419 822 op.
2451 747 2765 822 particula,
2813 765 2889 804 an
2933 748 3123 822 perie-

501 837 634 896 dem
668 857 734 897 eo
764 841 1049 913 tempore,
1085 856 1203 913 quo
1237 839 1489 914 ipsemet
1523 837 1782 913 Vigilius
1837 830 2039 916 rint1).
2088 867 2177 877 —
2238 835 2421 894 Initio
2483 838 2690 895 saltem
2756 836 3122 894 damnationi

503 926 902 986 defensionem
978 927 1302 986 eorundem
1381 926 1783 1003 capitulorum
1837 924 2020 982 trium
2042 923 2444 998 capitulorum
2465 923 2935 984 adversabantur
2962 925 3126 982 Pri-

503 1020 857 1091 susceperat.
942 1016 1282 1090 Composuit
1332 1016 1783 1090 responsionem
1839 1012 2088 1072 masiu
2108 1032 2134 1071 s
2172 1009 2409 1091 (postea
2440 1033 2507 1073 ea
2537 1033 2670 1073 cum
2704 1014 2921 1089 Vigilio
2952 1013 3121 1071 dam·

502 1105 798 1180 quandam
809 1108 934 1180 jam
948 1105 1172 1180 pridem
1190 1105 1583 1181 deperditam,
1605 1123 1781 1179 quam
1841 1101 2023 1170 navit,
2057 1101 2129 1160 de
2161 1120 2279 1178 quo
2298 1122 2433 1161 mox
2453 1104 2611 1162 inter
2629 1098 2944 1183 exegetas),
2976 1103 3115 1160 Ful·-

497 1195 676 1269 jussu
709 1193 981 1271 Magistri
1012 1193 1351 1253 Officiorum
1385 1193 1688 1270 scripsisse
1721 1208 1784 1250 se
1839 1191 2079 1267 gentius
2120 1191 2565 1250 Ferrandus
2587 1236 2600 1262 ,
2652 1193 2723 1251 de
2773 1210 2893 1267 quo
2943 1210 3121 1266 supra

504 1284 662 1342 intra
681 1288 906 1358 septem
927 1282 1055 1341 dies
1075 1287 1349 1354 testatur,
1373 1284 1511 1342 dein
1532 1278 1606 1363 (a.
1629 1278 1783 1364 548)
1840 1280 2069 1357 egimus
2084 1299 2139 1355 p.
2159 1288 2303 1350 498,
2318 1282 2379 1338 in
2393 1299 2485 1356 ep.
2501 1283 2581 1340 ad
2593 1281 2886 1358 Pelaqium
2897 1287 2947 1338 et
2957 1282 3123 1339 Ana·

503 1373 862 1431 moderatius
883 1376 944 1430 et
962 1372 1294 1431 ordinatius
1311 1373 1577 1449 digestos
1592 1373 1657 1431 11.
1673 1371 1783 1431 XII
1840 1370 2041 1427 lolium
2073 1369 2351 1428 diaconos
2394 1370 2562 1429 urbis
2594 1371 2808 1429 Romae
2839 1363 2926 1451 (M
2943 1370 2963 1427 i
2981 1389 3021 1447 g
3036 1389 3077 1427 n
3092 1388 3125 1429 e

493 1478 612 1534 pro
644 1462 967 1536 defensione
998 1464 1177 1520 trium
1205 1464 1612 1538 capitulorum,
1649 1462 1782 1536 qui·
1838 1458 2065 1529 LXVII,
2134 1463 2508 1533 921—928)
2570 1464 2631 1517 et
2680 1460 2727 1516 P
2743 1477 2777 1517 o
2796 1478 2835 1517 11
2851 1470 2877 1516 t
2894 1459 2964 1517 ia
2979 1478 3020 1516 n
3036 1472 3079 1517 u
3097 1477 3125 1518 s

502 1551 614 1608 bus
659 1569 861 1609 eorum
894 1551 1329 1610 damnationem
1361 1556 1626 1609 avertere
1657 1568 1784 1610 mo-

505 1639 675 1709 liens,
721 1640 1039 1716 benignam
1085 1640 1149 1698 in
1188 1640 1585 1716 dijudicandis
1618 1644 1780 1698 vete-

504 1748 636 1787 rum
683 1729 924 1805 scriptis
971 1730 1332 1805 aequitatem
1365 1731 1566 1807 exigit.
1629 1729 1784 1787 Hinc

503 1817 609 1876 illa
639 1818 703 1876 in
734 1817 1126 1877 orthodoxum
1163 1819 1544 1894 interpretari
1567 1818 1786 1877 nititur

506 1922 765 1979 sensum,
782 1906 1046 1966 defuncti
1061 1907 1497 1966 damnationem
1512 1906 1783 1967 illicitam

505 1997 737 2070 asserit,
774 1995 985 2071 synodi
1017 1996 1492 2055 chalcedonensis
1526 1996 1785 2056 auctori-

506 2088 688 2143 tatem
720 2086 944 2154 tuetur,
992 2088 1054 2143 et
1095 2085 1472 2161 imperatoris
1502 2105 1624 2146 non
1654 2100 1785 2144 esse

504 2174 567 2232 in
611 2174 790 2232 rebus
836 2173 1244 2234 ecclesiasticis
1293 2175 1443 2235 ferre
1467 2175 1782 2251 judicium,

506 2261 702 2321 verbis
723 2264 1093 2340 gravissimis
1112 2264 1385 2327 inculcat.
1419 2266 1613 2324 Multa
1644 2284 1785 2324 sane

505 2352 805 2427 praeclara
835 2371 903 2411 eo
934 2353 1000 2411 in
1031 2371 1206 2429 opere
1235 2355 1571 2427 occurrunt,
1607 2355 1785 2412 etiam

504 2458 610 2515 pro
643 2442 1003 2500 auctoritate
1021 2460 1399 2501 romanorum
1419 2443 1783 2519 pontificum.

505 2530 619 2588 Pro
653 2549 720 2589 ea
752 2529 1091 2590 defensione
1120 2531 1183 2591 in
1201 2531 1476 2591 exsilium
1495 2532 1613 2592 suit
1634 2530 1782 2609 ejec-

505 2623 623 2681 tus,
688 2620 830 2679 Cum
877 2639 1014 2680 vero
1061 2620 1319 2698 Vigilius
1368 2624 1602 2681 mutata
1651 2641 1784 2681 sen·

504 2709 697 2766 tentia
728 2709 1095 2769 damnationi
1126 2711 1365 2770 illorum
1386 2711 1787 2787 capitulorum

507 2797 872 2868 assensisset,
894 2800 968 2858 ab
989 2801 1117 2874 ejus
1139 2799 1355 2858 defecit
1373 2800 1787 2859 communione

507 2889 570 2944 et
614 2887 773 2946 inter
819 2888 1218 2947 schismaticos
1269 2890 1466 2963 coepit
1509 2889 1786 2959 militare,

506 2978 685 3050 atque
716 2977 781 3035 in
812 2977 850 3038 1.
884 2985 1083 3036 contra
1113 2977 1445 3037 Mocianum
1477 2978 1786 3038 scholasti-

507 3082 642 3123 cum
687 3083 826 3124 suae
873 3065 1222 3125 defectionis
1266 3067 1464 3125 reddit
1493 3068 1788 3125 rationem

510 3151 684 3233 (forte
715 3156 956 3214 nonnisi
990 3173 1035 3214 c.
1069 3176 1119 3214 a.
1145 3151 1313 3237 571).
1364 3157 1554 3215 Multo
1588 3157 1787 3232 elapso

506 3246 771 3318 tempore
819 3243 1056 3321 scripsit
1100 3246 1399 3318 epistolam
1429 3247 1565 3320 fidei
1595 3246 1787 3304 catho-

508 3332 650 3389 licae
681 3334 743 3391 in
763 3333 947 3390 trium
972 3334 1366 3407 capitulorum
1388 3334 1789 3393 defensionem

509 3421 803 3480 acerbiore
835 3422 1030 3481 animo
1063 3427 1123 3479 et
1156 3441 1422 3482 sermone
1453 3441 1552 3482 eos
1585 3423 1787 3481 redar-

510 3527 718 3585 guens,
759 3510 864 3584 qui
899 3511 1139 3570 scissam
1169 3512 1462 3571 Ecclesiae
1493 3512 1788 3570 unitatem

510 3599 787 3657 resarcire
837 3599 1147 3659 studentes
1192 3621 1226 3659 a
1272 3600 1586 3659 schismate
1630 3619 1786 3659 rece-

510 3686 770 3745 dendum
816 3689 1159 3766 suadebant.
1223 3690 1382 3747 Num
1429 3693 1628 3749 autem
1678 3689 1787 3747 Ec-

511 3775 721 3835 clesiae
753 3777 1169 3837 reconciliatus
1217 3779 1430 3838 obierit
1475 3779 1790 3840 incertum.

509 3864 652 3939 Ejus
672 3884 848 3940 opera
867 3868 1089 3941 optime
1111 3868 1269 3926 edita
1300 3872 1443 3926 sunt
1474 3868 1537 3926 in
1557 3868 1612 3926 J.
1636 3868 1672 3925 S
1693 3868 1708 3924 i
1727 3887 1786 3924 r-

1839 1549 2155 1623 episcopus
2175 1548 2483 1618 africanuS,
2517 1550 2690 1623 cujus
2712 1551 2906 1607 exstat
2925 1548 3131 1607 brevis

1839 1636 2095 1713 epistola
2126 1638 2206 1695 ad
2226 1637 2635 1697 Justinianum
2666 1640 2804 1713 imp.
2837 1634 2940 1719 (ib.
2967 1646 3122 1700 995·

1842 1720 2019 1806 996).
2068 1725 2132 1784 in
2177 1745 2297 1801 qua
2343 1730 2609 1786 mortuos
2643 1745 2763 1785 non
2795 1743 2926 1785 esse
2960 1727 3123 1784 dam—

1839 1814 2064 1874 nandos
2093 1819 2319 1880 tuetur.

1933 2002 2076 2055 292.
2111 1993 2398 2069 Expedita
2428 1995 2535 2053 h‘ac
2566 1993 2855 2052 diuturna
2900 1995 2961 2051 et
2990 1996 3118 2050 tur-

1839 2082 2088 2141 bulenta
2148 2083 2564 2152 controversia,
2644 2082 2787 2141 alias
2865 2082 3121 2140 breviter

1839 2171 2202 2248 attingemus
2247 2172 2494 2231 minoris
2540 2172 2829 2247 strepitus
2883 2175 2945 2229 et
2997 2188 3129 2229 mo·

1842 2262 2044 2319 menti.
2115 2261 2591 2339 Gregentius
2639 2262 2868 2338 origine
2899 2261 3119 2319 medio-

1841 2350 2122 2422 lanensis,
2170 2354 2240 2411 ut
2283 2353 2347 2409 in
2381 2351 2636 2410 Menaeis
2669 2368 3014 2428 graecorum
3048 2351 3122 2409 ad

1850 2450 1946 2502 19.
1969 2440 2100 2497 Dec.
2121 2441 2361 2517 legitur,
2396 2440 2741 2517 Aegyptum
2759 2439 3127 2500 contendens

1840 2528 2025 2588 vitam
2047 2530 2510 2590 anachoreticam
2530 2532 2623 2590 est
2641 2530 2962 2607 amplexus,
2984 2528 3124 2588 dein

1841 2619 1912 2676 ad
1962 2619 2281 2696 regendam
2333 2619 2769 2679 Homeritarum
2815 2615 3121 2700 (Himjari·

1841 2709 2062 2784 tarum)
2095 2709 2158 2767 in
2177 2708 2397 2768 Arabia
2425 2709 2581 2767 felici
2613 2708 2913 2768 ecclesiam
2925 2702 2977 2789 ²)
3012 2725 3124 2766 seu

1843 2796 1915 2854 ad
1993 2798 2190 2856 sedem
2283 2798 2698 2873 tapharensem
2774 2803 3131 2873 assumptus

1844 2885 2028 2944 fuisse
2073 2887 2337 2946 traditur
2367 2883 2429 2966 (†
2471 2899 2564 2950 19.
2598 2888 2731 2946 Dec.
2767 2885 2939 2966 552).
3004 2887 3126 2944 Ha-

1841 2974 1978 3033 buit
2022 2975 2242 3033 ibidem
2288 2994 2336 3038 c.
2383 2995 2432 3038 a.
2484 2986 2606 3039 540
2654 2975 3126 3051 disputationem

1845 3081 1978 3121 cum
2012 3064 2249 3123 Herban
2273 3066 2511 3141 Judaeo,
2554 3065 2970 3140 praesentibus
3004 3064 3124 3122 Ho-

1844 3152 2191 3211 meritarum
2237 3172 2392 3231 rege,
2444 3154 2673 3229 aliquot
2721 3153 3015 3228 episcopis
3065 3155 3128 3211 et

1844 3242 2055 3300 multis
2086 3242 2351 3314 Judaeis,
2386 3262 2562 3319 quam
2597 3243 2829 3317 excepit
2860 3243 3122 3301 Palla-

1845 3329 2023 3389 dius
2058 3331 2460 3394 scholasticus.
2508 3332 2642 3390 Non
2674 3332 2896 3390 desunt
2924 3335 3121 3390 tamen

1844 3419 1957 3477 viri
2023 3437 2231 3496 graves
2293 3421 2397 3496 qui
2466 3420 2618 3479 hanc
2677 3422 3114 3497 disputationem

1844 3511 2120 3567 censeant
2152 3510 2477 3569 confictam.
2542 3510 2776 3568 Prodiit
2821 3529 2888 3568 ea
2915 3525 3115 3584 graece

1847 3599 1909 3654 et
1939 3598 2124 3657 latine
2156 3617 2290 3657 cum
2321 3600 2482 3658 notis
2502 3599 2591 3657 ed.
2614 3599 2972 3666 Guloni0,
3007 3596 3115 3653 Pa-

1844 3687 2003 3745 risiis
2042 3696 2206 3750 1586
2258 3689 2318 3746 in
2368 3697 2436 3758 8;
2483 3688 2546 3746 in
2592 3687 2735 3750 bibl.
2770 3689 2879 3746 PP.
2911 3687 3018 3747 col.
3050 3683 3121 3753 V,

1851 3787 1904 3844 1,
1943 3785 2068 3838 919
2104 3795 2214 3849 se.;
2248 3777 2615 3836 Gallandi
2646 3780 2690 3835 t.
2730 3777 2827 3847 XI,
2867 3786 3129 3844 5998s.;

1845 3864 2103 3940 Migne
2134 3867 2197 3924 P.
2231 3866 2295 3924 G.
2328 3866 2625 3935 LXXXVI,
2671 3876 2719 3936 1,
2759 3873 3124 3928 621—784.

509 3972 570 4011 m
587 3972 621 4012 o
636 3974 675 4012 n
691 3954 764 4012 di
811 3975 944 4030 opp.
991 3956 1236 4015 Parisiis
1276 3969 1301 4020 1
1318 3968 1351 4019 6
1363 3969 1394 4016 9
1406 3968 1439 4019 6
1463 3979 1475 4026 ς
1525 3957 1790 4015 Venetiis
1847 3953 2147 4013 Firmatur
2178 3955 2242 4012 in
2274 3974 2343 4013 ea
2373 3955 2604 4032 dialogo
2634 3954 2777 4013 fides
2797 3954 3135 4013 christiana

518 4050 634 4106 172
647 4052 701 4106 8.
723 4043 796 4114 ΙΙ,
828 4054 861 4106 2
874 4056 907 4107 9
919 4056 950 4107 7
962 4056 1081 4108 —6
1094 4055 1172 4109 08
1193 4067 1207 4116 ;
1243 4046 1290 4104 G
1306 4047 1375 4104 al
1390 4047 1410 4104 1
1429 4066 1463 4104 a
1476 4065 1516 4103 n
1532 4045 1607 4103 di
1640 4045 1788 4103 bibl.
1846 4044 1977 4100 tum
1996 4042 2337 4102 divinorum
2353 4045 2723 4103 oraculorum
2739 4042 3124 4119 expositione,

509 4132 608 4202 XI,
637 4143 1016 4202 6363—8213
1051 4134 1547 4212 MigneLXVII,
1573 4144 1791 4197 521—

515 4231 657 4283 878.
724 4221 924 4282 Refert
968 4223 1520 4283 Cassiodorius
1572 4224 1785 4300 Expos,

1922 4276 1958 4330 ¹)
1989 4267 2069 4321 Cf.
2099 4265 2464 4320 Gallaudi
2504 4265 2565 4319 in
2606 4266 2823 4336 proleg.
2862 4281 2997 4318 suae
3039 4263 3129 4316 ed.

512 4311 576 4368 in
608 4311 902 4386 psalmum
948 4320 1063 4375 138
1112 4313 1224 4371 sub
1258 4312 1465 4370 finem:
1518 4313 1789 4380 ,Facun-
1845 4357 1892 4394 ο.
1923 4346 1987 4395 13
2013 4338 2226 4410 (Migue
2254 4337 2473 4401 LXVII,
2517 4341 2769 4408 521.2g);
2810 4337 3126 4392 Fegsler-

512 4399 623 4457 dus
645 4400 1000 4458 venerabilis
1015 4401 1338 4476 episcopua,
1361 4401 1789 4460 haereticorum
1845 4411 1875 4463 J
1896 4429 1932 4463 u
1950 4431 1988 4465 n
2060 4429 2113 4462 rn
2131 4425 2164 4462 a
2181 4426 2220 4462 n
2236 4426 2275 4462 n
2303 4409 2369 4471 11,
2398 4415 2447 4471 2,
2478 4415 2580 4465 543
2606 4411 2803 4462 annot.

511 4489 866 4563 penetrabili
888 4490 1206 4549 securitate
1227 4490 1577 4560 destructor,
1598 4508 1791 4566 nuper

513 4578 585 4634 ad
617 4579 1025 4637 Justinianum
1056 4579 1382 4655 principem
1417 4579 1680 4637 scribens
1715 4579 1788 4637 de

1919 4484 1960 4552 ς)
2039 4497 2067 4534 e
2094 4480 2184 4533 his
2213 4479 2536 4541 Homeritis‚
2564 4479 2898 4550 praesertim
2915 4479 2984 4532 de
3003 4494 3125 4549 per-

1846 4552 2252 4615 secutionibus,
2293 4568 2435 4620 quas
2476 4553 2548 4605 ob
2589 4551 2753 4606 fidem
2796 4554 2931 4605 sunt
2955 4549 3125 4620 passi,

1846 4623 2091 4693 scripsit,
2119 4627 2186 4677 ut
2208 4624 2325 4693 jam
2354 4639 2526 4693 supra
2553 4622 2912 4677 narravimus
2937 4639 2992 4690 p.
3019 4627 3126 4676 494

514 4666 746 4726 duabus
797 4668 1027 4725 naturis
1081 4667 1312 4725 Domini
1363 4668 1581 4726 Christi
1636 4667 1787 4727 duos
1845 4711 1913 4758 a„
1940 4695 2011 4748 Si
2028 4713 2084 4747 m
2101 4710 2129 4748 e
2148 4710 2179 4748 ο
2195 4712 2234 4747 n
2261 4710 2347 4765 ep·
2377 4693 2817 4748 &ihm-„cham
2860 4692 2941 4747 cf,
2968 4690 3012 4744 B
3027 4706 3126 4742 ar-

516 4752 746 4811 libellos
778 4759 946 4812 acute
967 4755 1145 4813 nimis
1166 4756 1618 4831 luculenterque
1636 4759 1791 4814 trac·
1847 4766 1882 4818 d
1902 4783 1980 4818 en
1997 4766 2035 4817 h
2053 4783 2081 4818 e
2101 4783 2151 4817 w
2166 4781 2196 4818 e
2213 4784 2241 4818 1·
2267 4775 2294 4831 5
2326 4771 2424 4822 102
2453 4785 2507 4818 n.
2534 4774 2581 4820 4.
