<?xml version="1.0" encoding="UTF-8"?>
<!DOCTYPE html PUBLIC "-//W3C//DTD XHTML 1.0 Transitional//EN"
    "http://www.w3.org/TR/xhtml1/DTD/xhtml1-transitional.dtd">
<html xmlns="http://www.w3.org/1999/xhtml" xml:lang="en" lang="en">
 <head>
  <title>
</title>
<meta http-equiv="Content-Type" content="text/html;charset=utf-8" />
  <meta name='ocr-system' content='tesseract 3.04.00' />
  <meta name='ocr-capabilities' content='ocr_page ocr_carea ocr_par ocr_line ocrx_word'/>
</head>
<body>
  <div class='ocr_page' id='page_1' title='image "./nomenclatorlite09hurtgoog_0428.png"; bbox 0 0 3505 5161; ppageno 0'>
   <div class='ocr_carea' id='block_1_1' title="bbox 1202 224 2586 287">
    <p class='ocr_par' dir='ltr' id='par_1_1' title="bbox 1202 224 2586 287">
     <span class='ocr_line' id='line_1_1' title="bbox 1202 224 2586 287; baseline -0.003 -5"><span class='ocrx_word' id='word_1_1' title='bbox 1202 233 1501 283; x_wconf 82' lang='lat'><strong>851-900.</strong></span> <span class='ocrx_word' id='word_1_2' title='bbox 1532 226 1735 281; x_wconf 84' lang='lat' dir='ltr'><strong>Variae</strong></span> <span class='ocrx_word' id='word_1_3' title='bbox 1763 224 2197 282; x_wconf 82' lang='lat' dir='ltr'><strong>controversiae.</strong></span> <span class='ocrx_word' id='word_1_4' title='bbox 2225 225 2586 287; x_wconf 81' lang='lat' dir='ltr'><strong>Batramnus,</strong></span> 
     </span>
    </p>
   </div>
   <div class='ocr_carea' id='block_1_2' title="bbox 592 241 3198 301">
    <p class='ocr_par' dir='ltr' id='par_1_2' title="bbox 592 241 3198 301">
     <span class='ocr_line' id='line_1_2' title="bbox 592 241 3198 301; baseline -0.013 26"><span class='ocrx_word' id='word_1_5' title='bbox 592 241 712 301; x_wconf 71' lang='lat'><strong>3¹5</strong></span> <span class='ocrx_word' id='word_1_6' title='bbox 3079 246 3198 299; x_wconf 68' lang='lat' dir='ltr'><strong>81ss</strong></span> 
     </span>
    </p>
   </div>
   <div class='ocr_carea' id='block_1_3' title="bbox 587 413 3209 1199">
    <p class='ocr_par' dir='ltr' id='par_1_3' title="bbox 587 413 3209 1199">
     <span class='ocr_line' id='line_1_3' title="bbox 590 413 3202 492; baseline -0.001 -19"><span class='ocrx_word' id='word_1_7' title='bbox 590 418 724 475; x_wconf 87' lang='lat' dir='ltr'><strong>dam</strong></span> <span class='ocrx_word' id='word_1_8' title='bbox 755 435 860 492; x_wconf 91' lang='lat' dir='ltr'><strong>per</strong></span> <span class='ocrx_word' id='word_1_9' title='bbox 892 415 1231 475; x_wconf 74' lang='lat' dir='ltr'><strong>Germaniae</strong></span> <span class='ocrx_word' id='word_1_10' title='bbox 1251 416 1451 490; x_wconf 88' lang='lat' dir='ltr'><strong>partes</strong></span> <span class='ocrx_word' id='word_1_11' title='bbox 1474 414 1871 492; x_wconf 87' lang='lat' dir='ltr'><strong>dogmatizare</strong></span> <span class='ocrx_word' id='word_1_12' title='bbox 1927 415 2002 474; x_wconf 90' lang='lat' dir='ltr'><strong>lis</strong></span> <span class='ocrx_word' id='word_1_13' title='bbox 2035 414 2319 490; x_wconf 88' lang='lat' dir='ltr'><strong>loquendi</strong></span> <span class='ocrx_word' id='word_1_14' title='bbox 2353 413 2538 482; x_wconf 78' lang='lat' dir='ltr'><strong>darie,</strong></span> <span class='ocrx_word' id='word_1_15' title='bbox 2574 413 2855 482; x_wconf 86' lang='lat' dir='ltr'><strong>insolitis,</strong></span> <span class='ocrx_word' id='word_1_16' title='bbox 2907 413 3202 471; x_wconf 81' lang='lat' dir='ltr'>obscuris:</span> 
     </span>
     <span class='ocr_line' id='line_1_4' title="bbox 590 502 3203 581; baseline -0.002 -17"><span class='ocrx_word' id='word_1_17' title='bbox 590 542 618 575; x_wconf 78' lang='lat'><strong>,</strong></span> <span class='ocrx_word' id='word_1_18' title='bbox 633 504 1180 564; x_wconf 76' lang='lat' dir='ltr'><strong>christiinfantiam</strong></span> <span class='ocrx_word' id='word_1_19' title='bbox 1192 523 1295 579; x_wconf 90' lang='lat' dir='ltr'><strong>per</strong></span> <span class='ocrx_word' id='word_1_20' title='bbox 1308 503 1614 581; x_wconf 89' lang='lat' dir='ltr'><strong>virginalis</strong></span> <span class='ocrx_word' id='word_1_21' title='bbox 1623 505 1868 580; x_wconf 88' lang='lat' dir='ltr'><strong>januam</strong></span> <span class='ocrx_word' id='word_1_22' title='bbox 1927 505 2149 563; x_wconf 89' lang='lat' dir='ltr'><strong>frustra</strong></span> <span class='ocrx_word' id='word_1_23' title='bbox 2162 506 2362 562; x_wconf 83' lang='lat' dir='ltr'><strong>tamen</strong></span> <span class='ocrx_word' id='word_1_24' title='bbox 2377 503 2820 562; x_wconf 75' lang='lat' dir='ltr'><strong>sacramentarii</strong></span> <span class='ocrx_word' id='word_1_25' title='bbox 2844 502 2917 560; x_wconf 89' lang='lat' dir='ltr'><strong>ad</strong></span> <span class='ocrx_word' id='word_1_26' title='bbox 2935 502 3203 559; x_wconf 86' lang='lat' dir='ltr'><strong>Batram-</strong></span> 
     </span>
     <span class='ocr_line' id='line_1_5' title="bbox 588 591 3205 669; baseline -0.002 -16"><span class='ocrx_word' id='word_1_27' title='bbox 588 595 800 653; x_wconf 81' lang='lat' dir='ltr'><strong>vulvae</strong></span> <span class='ocrx_word' id='word_1_28' title='bbox 833 595 1123 652; x_wconf 90' lang='lat' dir='ltr'><strong>humanae</strong></span> <span class='ocrx_word' id='word_1_29' title='bbox 1154 592 1488 651; x_wconf 86' lang='lat' dir='ltr'><strong>nativitatis</strong></span> <span class='ocrx_word' id='word_1_30' title='bbox 1522 612 1728 653; x_wconf 87' lang='lat' dir='ltr'><strong>verum</strong></span> <span class='ocrx_word' id='word_1_31' title='bbox 1750 612 1872 651; x_wconf 90' lang='lat' dir='ltr'><strong>non</strong></span> <span class='ocrx_word' id='word_1_32' title='bbox 1927 614 2073 652; x_wconf 91' lang='lat' dir='ltr'><strong>num</strong></span> <span class='ocrx_word' id='word_1_33' title='bbox 2095 596 2436 669; x_wconf 80' lang='lat' dir='ltr'><strong>provocant,</strong></span> <span class='ocrx_word' id='word_1_34' title='bbox 2474 592 2644 667; x_wconf 84' lang='lat' dir='ltr'><strong>quasi</strong></span> <span class='ocrx_word' id='word_1_35' title='bbox 2678 592 2784 650; x_wconf 86' lang='lat' dir='ltr'><strong>diu</strong></span> <span class='ocrx_word' id='word_1_36' title='bbox 2817 594 2955 650; x_wconf 87' lang='lat' dir='ltr'><strong>ante</strong></span> <span class='ocrx_word' id='word_1_37' title='bbox 2987 591 3205 649; x_wconf 88' lang='lat' dir='ltr'><strong>Beren-</strong></span> 
     </span>
     <span class='ocr_line' id='line_1_6' title="bbox 589 679 3205 759; baseline -0.002 -18"><span class='ocrx_word' id='word_1_38' title='bbox 589 684 867 742; x_wconf 89' lang='lat' dir='ltr'><strong>habuisse</strong></span> <span class='ocrx_word' id='word_1_39' title='bbox 931 687 1148 752; x_wconf 87' lang='lat' dir='ltr'><strong>ortum,</strong></span> <span class='ocrx_word' id='word_1_40' title='bbox 1213 682 1313 741; x_wconf 87' lang='lat' dir='ltr'><strong>sed</strong></span> <span class='ocrx_word' id='word_1_41' title='bbox 1361 686 1741 742; x_wconf 78' lang='lat' dir='ltr'><strong>monstruose</strong></span> <span class='ocrx_word' id='word_1_42' title='bbox 1798 682 1870 740; x_wconf 90' lang='lat' dir='ltr'><strong>de</strong></span> <span class='ocrx_word' id='word_1_43' title='bbox 1927 683 2161 759; x_wconf 76' lang='lat' dir='ltr'><strong>gai-ium</strong></span> <span class='ocrx_word' id='word_1_44' title='bbox 2191 681 2503 758; x_wconf 79' lang='lat' dir='ltr'><strong>negaverit</strong></span> <span class='ocrx_word' id='word_1_45' title='bbox 2547 679 3205 740; x_wconf 76' lang='lat' dir='ltr'><strong>transubstantiationis</strong></span> 
     </span>
     <span class='ocr_line' id='line_1_7' title="bbox 588 769 3204 846; baseline -0.002 -15"><span class='ocrx_word' id='word_1_46' title='bbox 588 776 809 831; x_wconf 88' lang='lat' dir='ltr'><strong>secreto</strong></span> <span class='ocrx_word' id='word_1_47' title='bbox 840 772 1070 830; x_wconf 81' lang='lat' dir='ltr'><strong>ventris</strong></span> <span class='ocrx_word' id='word_1_48' title='bbox 1101 771 1327 831; x_wconf 89' lang='lat' dir='ltr'><strong>incerto</strong></span> <span class='ocrx_word' id='word_1_49' title='bbox 1347 771 1588 830; x_wconf 77' lang='lat' dir='ltr'><strong>tramite</strong></span> <span class='ocrx_word' id='word_1_50' title='bbox 1621 771 1869 831; x_wconf 90' lang='lat' dir='ltr'><strong>luminis</strong></span> <span class='ocrx_word' id='word_1_51' title='bbox 1931 773 2025 830; x_wconf 85' lang='lat' dir='ltr'><strong>vel</strong></span> <span class='ocrx_word' id='word_1_52' title='bbox 2058 772 2233 831; x_wconf 91' lang='lat' dir='ltr'><strong>realis</strong></span> <span class='ocrx_word' id='word_1_53' title='bbox 2266 770 2526 846; x_wconf 80' lang='lat' dir='ltr'><strong>corporis</strong></span> <span class='ocrx_word' id='word_1_54' title='bbox 2560 770 2777 829; x_wconf 84' lang='lat' dir='ltr'><strong>Christi</strong></span> <span class='ocrx_word' id='word_1_55' title='bbox 2812 771 2874 828; x_wconf 92' lang='lat' dir='ltr'><strong>in</strong></span> <span class='ocrx_word' id='word_1_56' title='bbox 2907 769 3204 828; x_wconf 87' lang='lat' dir='ltr'><strong>eucharis·</strong></span> 
     </span>
     <span class='ocr_line' id='line_1_8' title="bbox 588 858 3206 938; baseline -0.001 -20"><span class='ocrx_word' id='word_1_57' title='bbox 588 861 649 919; x_wconf 90' lang='lat' dir='ltr'><strong>in</strong></span> <span class='ocrx_word' id='word_1_58' title='bbox 681 879 853 920; x_wconf 87' lang='lat' dir='ltr'><strong>auras</strong></span> <span class='ocrx_word' id='word_1_59' title='bbox 885 860 1091 931; x_wconf 86' lang='lat' dir='ltr'><strong>exisse,</strong></span> <span class='ocrx_word' id='word_1_60' title='bbox 1110 861 1272 935; x_wconf 90' lang='lat' dir='ltr'><strong>quod</strong></span> <span class='ocrx_word' id='word_1_61' title='bbox 1297 879 1419 919; x_wconf 90' lang='lat' dir='ltr'><strong>non</strong></span> <span class='ocrx_word' id='word_1_62' title='bbox 1437 864 1531 919; x_wconf 90' lang='lat' dir='ltr'><strong>est</strong></span> <span class='ocrx_word' id='word_1_63' title='bbox 1548 861 1730 931; x_wconf 90' lang='lat' dir='ltr'><strong>nasci,</strong></span> <span class='ocrx_word' id='word_1_64' title='bbox 1767 860 1870 919; x_wconf 89' lang='lat' dir='ltr'><strong>sed</strong></span> <span class='ocrx_word' id='word_1_65' title='bbox 1928 862 2015 919; x_wconf 91' lang='lat' dir='ltr'><strong>tia</strong></span> <span class='ocrx_word' id='word_1_66' title='bbox 2045 861 2414 938; x_wconf 88' lang='lat' dir='ltr'><strong>praesentiae</strong></span> <span class='ocrx_word' id='word_1_67' title='bbox 2438 858 2669 936; x_wconf 83' lang='lat' dir='ltr'><strong>dogma,</strong></span> <span class='ocrx_word' id='word_1_68' title='bbox 2703 880 2839 918; x_wconf 89' lang='lat' dir='ltr'><strong>nam</strong></span> <span class='ocrx_word' id='word_1_69' title='bbox 2870 862 2998 917; x_wconf 90' lang='lat' dir='ltr'><strong>tam</strong></span> <span class='ocrx_word' id='word_1_70' title='bbox 3030 877 3206 935; x_wconf 87' lang='lat' dir='ltr'><strong>argu-</strong></span> 
     </span>
     <span class='ocr_line' id='line_1_9' title="bbox 589 946 3207 1031; baseline -0.001 -22"><span class='ocrx_word' id='word_1_71' title='bbox 589 952 853 1027; x_wconf 88' lang='lat' dir='ltr'><strong>erupisse</strong></span> <span class='ocrx_word' id='word_1_72' title='bbox 904 947 1178 1030; x_wconf 82' lang='lat' dir='ltr'><strong>(Migne</strong></span> <span class='ocrx_word' id='word_1_73' title='bbox 1210 948 1402 1018; x_wconf 84' lang='lat' dir='ltr'>CXXI,</span> <span class='ocrx_word' id='word_1_74' title='bbox 1441 946 1610 1031; x_wconf 75' lang='lat'>83).‘</span> <span class='ocrx_word' id='word_1_75' title='bbox 1658 950 1873 1009; x_wconf 85' lang='lat' dir='ltr'><strong>Contra</strong></span> <span class='ocrx_word' id='word_1_76' title='bbox 1926 951 2141 1009; x_wconf 86' lang='lat' dir='ltr'><strong>mentis</strong></span> <span class='ocrx_word' id='word_1_77' title='bbox 2171 949 2429 1010; x_wconf 86' lang='lat' dir='ltr'><strong>externis</strong></span> <span class='ocrx_word' id='word_1_78' title='bbox 2462 968 2643 1024; x_wconf 88' lang='lat' dir='ltr'><strong>quam</strong></span> <span class='ocrx_word' id='word_1_79' title='bbox 2670 949 2944 1018; x_wconf 88' lang='lat' dir='ltr'><strong>internis,</strong></span> <span class='ocrx_word' id='word_1_80' title='bbox 2979 966 3085 1006; x_wconf 90' lang='lat' dir='ltr'><strong>seu</strong></span> <span class='ocrx_word' id='word_1_81' title='bbox 3104 967 3207 1024; x_wconf 88' lang='lat' dir='ltr'><strong>op·</strong></span> 
     </span>
     <span class='ocr_line' id='line_1_10' title="bbox 587 1037 3209 1116; baseline -0.001 -18"><span class='ocrx_word' id='word_1_82' title='bbox 587 1040 694 1098; x_wconf 88' lang='lat' dir='ltr'><strong>hos</strong></span> <span class='ocrx_word' id='word_1_83' title='bbox 728 1043 936 1098; x_wconf 87' lang='lat' dir='ltr'><strong>tuetur</strong></span> <span class='ocrx_word' id='word_1_84' title='bbox 955 1039 1309 1097; x_wconf 87' lang='lat' dir='ltr'><strong>Batramnus</strong></span> <span class='ocrx_word' id='word_1_85' title='bbox 1332 1040 1473 1098; x_wconf 87' lang='lat' dir='ltr'><strong>stilo</strong></span> <span class='ocrx_word' id='word_1_86' title='bbox 1494 1040 1640 1098; x_wconf 87' lang='lat' dir='ltr'><strong>satis</strong></span> <span class='ocrx_word' id='word_1_87' title='bbox 1663 1039 1871 1098; x_wconf 83' lang='lat' dir='ltr'><strong>acerbo</strong></span> <span class='ocrx_word' id='word_1_88' title='bbox 1924 1044 2185 1116; x_wconf 89' lang='lat' dir='ltr'><strong>portuna</strong></span> <span class='ocrx_word' id='word_1_89' title='bbox 2195 1039 2451 1098; x_wconf 90' lang='lat' dir='ltr'><strong>locorum</strong></span> <span class='ocrx_word' id='word_1_90' title='bbox 2462 1038 2772 1097; x_wconf 88' lang='lat' dir='ltr'><strong>collatione</strong></span> <span class='ocrx_word' id='word_1_91' title='bbox 2791 1038 2935 1096; x_wconf 88' lang='lat' dir='ltr'><strong>satis</strong></span> <span class='ocrx_word' id='word_1_92' title='bbox 2947 1037 3209 1096; x_wconf 79' lang='lat' dir='ltr'><strong>vindica-</strong></span> 
     </span>
     <span class='ocr_line' id='line_1_11' title="bbox 588 1127 3207 1199; baseline -0.001 -13"><span class='ocrx_word' id='word_1_93' title='bbox 588 1129 843 1197; x_wconf 86' lang='lat' dir='ltr'><strong>l.citato,</strong></span> <span class='ocrx_word' id='word_1_94' title='bbox 858 1128 1157 1186; x_wconf 85' lang='lat' dir='ltr'><strong>Christum</strong></span> <span class='ocrx_word' id='word_1_95' title='bbox 1172 1128 1870 1187; x_wconf 87' lang='lat' dir='ltr'><strong>eumhabuissedeutero</strong></span> <span class='ocrx_word' id='word_1_96' title='bbox 1927 1132 2030 1186; x_wconf 90' lang='lat' dir='ltr'><strong>tur</strong></span> <span class='ocrx_word' id='word_1_97' title='bbox 2059 1129 2363 1187; x_wconf 82' lang='lat' dir='ltr'><strong>Batramni</strong></span> <span class='ocrx_word' id='word_1_98' title='bbox 2384 1127 2748 1199; x_wconf 80' lang='lat' dir='ltr'><strong>orthodoxia,</strong></span> <span class='ocrx_word' id='word_1_99' title='bbox 2788 1130 2856 1185; x_wconf 92' lang='lat' dir='ltr'><strong>ut</strong></span> <span class='ocrx_word' id='word_1_100' title='bbox 2875 1145 2996 1184; x_wconf 88' lang='lat' dir='ltr'><strong>non</strong></span> <span class='ocrx_word' id='word_1_101' title='bbox 3017 1127 3207 1184; x_wconf 89' lang='lat' dir='ltr'><strong>solum</strong></span> 
     </span>
    </p>
   </div>
   <div class='ocr_carea' id='block_1_4' title="bbox 582 1216 1872 2095">
    <p class='ocr_par' dir='ltr' id='par_1_4' title="bbox 582 1216 1872 2095">
     <span class='ocr_line' id='line_1_12' title="bbox 589 1216 1870 1294; baseline 0.001 -20"><span class='ocrx_word' id='word_1_102' title='bbox 589 1217 840 1294; x_wconf 80' lang='lat' dir='ltr'><strong>virginis</strong></span> <span class='ocrx_word' id='word_1_103' title='bbox 862 1216 1106 1287; x_wconf 83' lang='lat' dir='ltr'><strong>exitum,</strong></span> <span class='ocrx_word' id='word_1_104' title='bbox 1129 1236 1306 1291; x_wconf 89' lang='lat' dir='ltr'><strong>quem</strong></span> <span class='ocrx_word' id='word_1_105' title='bbox 1327 1218 1420 1275; x_wconf 85' lang='lat' dir='ltr'><strong>lex</strong></span> <span class='ocrx_word' id='word_1_106' title='bbox 1437 1221 1686 1276; x_wconf 87' lang='lat' dir='ltr'><strong>naturae</strong></span> <span class='ocrx_word' id='word_1_107' title='bbox 1702 1235 1870 1276; x_wconf 92' lang='lat' dir='ltr'><strong>mon·</strong></span> 
     </span>
     <span class='ocr_line' id='line_1_13' title="bbox 586 1306 1864 1382; baseline -0.001 -17"><span class='ocrx_word' id='word_1_108' title='bbox 586 1310 754 1377; x_wconf 87' lang='lat' dir='ltr'><strong>strat,</strong></span> <span class='ocrx_word' id='word_1_109' title='bbox 789 1324 865 1364; x_wconf 91' lang='lat' dir='ltr'><strong>ne</strong></span> <span class='ocrx_word' id='word_1_110' title='bbox 897 1306 1027 1382; x_wconf 90' lang='lat' dir='ltr'><strong>ipsa</strong></span> <span class='ocrx_word' id='word_1_111' title='bbox 1058 1306 1341 1364; x_wconf 60' lang='lat' dir='ltr'><strong>nativitis</strong></span> <span class='ocrx_word' id='word_1_112' title='bbox 1365 1307 1579 1365; x_wconf 85' lang='lat' dir='ltr'><strong>Christi</strong></span> <span class='ocrx_word' id='word_1_113' title='bbox 1614 1307 1864 1366; x_wconf 81' lang='lat' dir='ltr'><strong>veritas-</strong></span> 
     </span>
     <span class='ocr_line' id='line_1_14' title="bbox 590 1395 1868 1470; baseline -0.001 -16"><span class='ocrx_word' id='word_1_114' title='bbox 590 1414 706 1470; x_wconf 88' lang='lat' dir='ltr'><strong>que</strong></span> <span class='ocrx_word' id='word_1_115' title='bbox 737 1400 985 1454; x_wconf 84' lang='lat' dir='ltr'><strong>naturae</strong></span> <span class='ocrx_word' id='word_1_116' title='bbox 1006 1395 1297 1453; x_wconf 89' lang='lat' dir='ltr'><strong>humanae</strong></span> <span class='ocrx_word' id='word_1_117' title='bbox 1329 1396 1392 1453; x_wconf 90' lang='lat' dir='ltr'><strong>in</strong></span> <span class='ocrx_word' id='word_1_118' title='bbox 1425 1396 1674 1455; x_wconf 86' lang='lat' dir='ltr'><strong>dubium</strong></span> <span class='ocrx_word' id='word_1_119' title='bbox 1697 1414 1868 1454; x_wconf 87' lang='lat' dir='ltr'><strong>voca·</strong></span> 
     </span>
     <span class='ocr_line' id='line_1_15' title="bbox 587 1484 1871 1555; baseline -0.002 -12"><span class='ocrx_word' id='word_1_120' title='bbox 587 1488 784 1543; x_wconf 87' lang='lat' dir='ltr'><strong>retur:</strong></span> <span class='ocrx_word' id='word_1_121' title='bbox 828 1488 1094 1544; x_wconf 86' lang='lat' dir='ltr'><strong>attamen</strong></span> <span class='ocrx_word' id='word_1_122' title='bbox 1140 1484 1381 1555; x_wconf 87' lang='lat' dir='ltr'><strong>fatetur,</strong></span> <span class='ocrx_word' id='word_1_123' title='bbox 1433 1484 1546 1542; x_wconf 85' lang='lat' dir='ltr'><strong>fide</strong></span> <span class='ocrx_word' id='word_1_124' title='bbox 1580 1485 1871 1544; x_wconf 81' lang='lat' dir='ltr'><strong>catholica</strong></span> 
     </span>
     <span class='ocr_line' id='line_1_16' title="bbox 587 1573 1870 1642; baseline -0.001 -10"><span class='ocrx_word' id='word_1_125' title='bbox 587 1574 943 1632; x_wconf 87' lang='lat' dir='ltr'><strong>credendum</strong></span> <span class='ocrx_word' id='word_1_126' title='bbox 1007 1591 1153 1642; x_wconf 89' lang='lat' dir='ltr'><strong>esse,</strong></span> <span class='ocrx_word' id='word_1_127' title='bbox 1223 1573 1466 1632; x_wconf 86' lang='lat' dir='ltr'><strong>Mariam</strong></span> <span class='ocrx_word' id='word_1_128' title='bbox 1531 1576 1687 1633; x_wconf 88' lang='lat' dir='ltr'><strong>sicut</strong></span> <span class='ocrx_word' id='word_1_129' title='bbox 1732 1576 1870 1631; x_wconf 85' lang='lat' dir='ltr'><strong>ante</strong></span> 
     </span>
     <span class='ocr_line' id='line_1_17' title="bbox 585 1663 1872 1739; baseline -0.002 -18"><span class='ocrx_word' id='word_1_130' title='bbox 585 1668 849 1739; x_wconf 85' lang='lat' dir='ltr'><strong>partum:</strong></span> <span class='ocrx_word' id='word_1_131' title='bbox 914 1663 1001 1721; x_wconf 74' lang='lat' dir='ltr'><strong>ita</strong></span> <span class='ocrx_word' id='word_1_132' title='bbox 1048 1663 1229 1721; x_wconf 83' lang='lat' dir='ltr'><strong>etiam</strong></span> <span class='ocrx_word' id='word_1_133' title='bbox 1282 1663 1344 1721; x_wconf 90' lang='lat' dir='ltr'><strong>in</strong></span> <span class='ocrx_word' id='word_1_134' title='bbox 1395 1667 1573 1737; x_wconf 90' lang='lat' dir='ltr'><strong>partu</strong></span> <span class='ocrx_word' id='word_1_135' title='bbox 1623 1666 1685 1720; x_wconf 89' lang='lat' dir='ltr'><strong>et</strong></span> <span class='ocrx_word' id='word_1_136' title='bbox 1735 1665 1872 1738; x_wconf 91' lang='lat' dir='ltr'><strong>post</strong></span> 
     </span>
     <span class='ocr_line' id='line_1_18' title="bbox 585 1751 1870 1829; baseline -0.001 -19"><span class='ocrx_word' id='word_1_137' title='bbox 585 1757 825 1828; x_wconf 88' lang='lat' dir='ltr'><strong>partum</strong></span> <span class='ocrx_word' id='word_1_138' title='bbox 848 1751 1137 1829; x_wconf 85' lang='lat' dir='ltr'><strong>virginem</strong></span> <span class='ocrx_word' id='word_1_139' title='bbox 1157 1752 1568 1827; x_wconf 87' lang='lat' dir='ltr'><strong>permansisse.</strong></span> <span class='ocrx_word' id='word_1_140' title='bbox 1602 1752 1870 1810; x_wconf 86' lang='lat' dir='ltr'><strong>Alterius</strong></span> 
     </span>
     <span class='ocr_line' id='line_1_19' title="bbox 588 1840 1871 1900; baseline 0 -1"><span class='ocrx_word' id='word_1_141' title='bbox 588 1842 919 1899; x_wconf 86' lang='lat' dir='ltr'><strong>sententiae</strong></span> <span class='ocrx_word' id='word_1_142' title='bbox 965 1841 1080 1899; x_wconf 85' lang='lat' dir='ltr'><strong>suit</strong></span> <span class='ocrx_word' id='word_1_143' title='bbox 1130 1840 1485 1900; x_wconf 84' lang='lat' dir='ltr'><strong>Paschasius</strong></span> <span class='ocrx_word' id='word_1_144' title='bbox 1538 1842 1585 1898; x_wconf 83' lang='lat' dir='ltr'><strong>R</strong></span> <span class='ocrx_word' id='word_1_145' title='bbox 1605 1841 1793 1899; x_wconf 90' lang='lat' dir='ltr'><strong>adbe</strong></span> <span class='ocrx_word' id='word_1_146' title='bbox 1812 1859 1871 1898; x_wconf 90' lang='lat' dir='ltr'><strong>r-</strong></span> 
     </span>
     <span class='ocr_line' id='line_1_20' title="bbox 585 1930 1869 2005; baseline -0.001 -16"><span class='ocrx_word' id='word_1_147' title='bbox 585 1934 615 1988; x_wconf 80' lang='lat' dir='ltr'><strong>t</strong></span> <span class='ocrx_word' id='word_1_148' title='bbox 630 1950 670 1989; x_wconf 89' lang='lat' dir='ltr'><strong>u</strong></span> <span class='ocrx_word' id='word_1_149' title='bbox 687 1949 729 1998; x_wconf 87' lang='lat' dir='ltr'><strong>S,</strong></span> <span class='ocrx_word' id='word_1_150' title='bbox 765 1932 935 2005; x_wconf 88' lang='lat' dir='ltr'><strong>cujus</strong></span> <span class='ocrx_word' id='word_1_151' title='bbox 955 1934 1155 1988; x_wconf 91' lang='lat' dir='ltr'><strong>tamen</strong></span> <span class='ocrx_word' id='word_1_152' title='bbox 1169 1931 1206 1992; x_wconf 89' lang='lat'><strong>1.</strong></span> <span class='ocrx_word' id='word_1_153' title='bbox 1224 1948 1343 1988; x_wconf 89' lang='lat' dir='ltr'><strong>non</strong></span> <span class='ocrx_word' id='word_1_154' title='bbox 1359 1930 1600 1989; x_wconf 78' lang='lat' dir='ltr'><strong>videtur</strong></span> <span class='ocrx_word' id='word_1_155' title='bbox 1614 1930 1869 1989; x_wconf 83' lang='lat' dir='ltr'><strong>novisse.</strong></span> 
     </span>
     <span class='ocr_line' id='line_1_21' title="bbox 582 2018 1867 2095; baseline -0.002 -18"><span class='ocrx_word' id='word_1_156' title='bbox 582 2018 817 2078; x_wconf 86' lang='lat' dir='ltr'><strong>Prodiit</strong></span> <span class='ocrx_word' id='word_1_157' title='bbox 848 2020 950 2077; x_wconf 89' lang='lat' dir='ltr'><strong>ille</strong></span> <span class='ocrx_word' id='word_1_158' title='bbox 987 2018 1052 2076; x_wconf 91' lang='lat' dir='ltr'><strong>in</strong></span> <span class='ocrx_word' id='word_1_159' title='bbox 1090 2018 1405 2095; x_wconf 89' lang='lat' dir='ltr'><strong>Spicilegio</strong></span> <span class='ocrx_word' id='word_1_160' title='bbox 1456 2019 1791 2078; x_wconf 88' lang='lat' dir='ltr'><strong>Dacherii</strong></span> <span class='ocrx_word' id='word_1_161' title='bbox 1822 2019 1867 2087; x_wconf 94' lang='lat' dir='ltr'><strong>I,</strong></span> 
     </span>
    </p>
   </div>
   <div class='ocr_carea' id='block_1_5' title="bbox 1926 1216 3210 2078">
    <p class='ocr_par' dir='ltr' id='par_1_5' title="bbox 1926 1216 3210 2078">
     <span class='ocr_line' id='line_1_22' title="bbox 1928 1216 3209 1293; baseline -0.002 -18"><span class='ocrx_word' id='word_1_162' title='bbox 1928 1220 2134 1276; x_wconf 85' lang='lat' dir='ltr'><strong>contra</strong></span> <span class='ocrx_word' id='word_1_163' title='bbox 2183 1217 2687 1293; x_wconf 77' lang='lat' dir='ltr'><strong>sacramentarios,</strong></span> <span class='ocrx_word' id='word_1_164' title='bbox 2739 1216 2844 1274; x_wconf 88' lang='lat' dir='ltr'><strong>sed</strong></span> <span class='ocrx_word' id='word_1_165' title='bbox 2893 1219 2954 1274; x_wconf 91' lang='lat' dir='ltr'><strong>et</strong></span> <span class='ocrx_word' id='word_1_166' title='bbox 3004 1218 3209 1273; x_wconf 87' lang='lat' dir='ltr'><strong>contra</strong></span> 
     </span>
     <span class='ocr_line' id='line_1_23' title="bbox 1926 1302 3207 1385; baseline -0.003 -20"><span class='ocrx_word' id='word_1_167' title='bbox 1926 1306 2232 1383; x_wconf 88' lang='lat' dir='ltr'><strong>theologos</strong></span> <span class='ocrx_word' id='word_1_168' title='bbox 2295 1307 2613 1366; x_wconf 89' lang='lat' dir='ltr'><strong>catholicos</strong></span> <span class='ocrx_word' id='word_1_169' title='bbox 2679 1302 3006 1385; x_wconf 85' lang='lat' dir='ltr'><strong>(Sixtum</strong></span> <span class='ocrx_word' id='word_1_170' title='bbox 3065 1322 3207 1371; x_wconf 66' lang='lat' dir='ltr'><strong>sen„</strong></span> 
     </span>
     <span class='ocr_line' id='line_1_24' title="bbox 1929 1392 3207 1467; baseline -0.002 -14"><span class='ocrx_word' id='word_1_171' title='bbox 1929 1396 2202 1465; x_wconf 80' lang='lat' dir='ltr'><strong>Cellot,</strong></span> <span class='ocrx_word' id='word_1_172' title='bbox 2237 1395 2658 1466; x_wconf 83' lang='lat' dir='ltr'><strong>Hardouin,</strong></span> <span class='ocrx_word' id='word_1_173' title='bbox 2694 1392 3207 1467; x_wconf 79' lang='lat' dir='ltr'><strong>Schwaneetc.)</strong></span> 
     </span>
     <span class='ocr_line' id='line_1_25' title="bbox 1927 1482 3207 1561; baseline -0.002 -18"><span class='ocrx_word' id='word_1_174' title='bbox 1927 1485 2159 1543; x_wconf 82' lang='lat' dir='ltr'><strong>erudite</strong></span> <span class='ocrx_word' id='word_1_175' title='bbox 2192 1488 2252 1543; x_wconf 91' lang='lat' dir='ltr'><strong>et</strong></span> <span class='ocrx_word' id='word_1_176' title='bbox 2285 1485 2455 1543; x_wconf 88' lang='lat' dir='ltr'><strong>docte</strong></span> <span class='ocrx_word' id='word_1_177' title='bbox 2488 1484 2919 1561; x_wconf 78' lang='lat' dir='ltr'><strong>praestiterunt</strong></span> <span class='ocrx_word' id='word_1_178' title='bbox 2938 1482 3052 1541; x_wconf 79' lang='lat' dir='ltr'><strong>viri</strong></span> <span class='ocrx_word' id='word_1_179' title='bbox 3072 1501 3207 1541; x_wconf 89' lang='lat' dir='ltr'><strong>eru-</strong></span> 
     </span>
     <span class='ocr_line' id='line_1_26' title="bbox 1929 1569 3206 1655; baseline -0.002 -24"><span class='ocrx_word' id='word_1_180' title='bbox 1929 1573 2038 1632; x_wconf 91' lang='lat' dir='ltr'><strong>diti</strong></span> <span class='ocrx_word' id='word_1_181' title='bbox 2057 1569 2123 1655; x_wconf 84' lang='lat'><strong>¹).</strong></span> <span class='ocrx_word' id='word_1_182' title='bbox 2156 1573 2400 1632; x_wconf 87' lang='lat' dir='ltr'><strong>Relatus</strong></span> <span class='ocrx_word' id='word_1_183' title='bbox 2432 1579 2630 1632; x_wconf 87' lang='lat' dir='ltr'><strong>tamen</strong></span> <span class='ocrx_word' id='word_1_184' title='bbox 2663 1573 2780 1632; x_wconf 87' lang='lat' dir='ltr'><strong>fuit</strong></span> <span class='ocrx_word' id='word_1_185' title='bbox 2810 1573 2941 1647; x_wconf 87' lang='lat' dir='ltr'><strong>ejus</strong></span> <span class='ocrx_word' id='word_1_186' title='bbox 2975 1570 3127 1629; x_wconf 88' lang='lat' dir='ltr'><strong>liber</strong></span> <span class='ocrx_word' id='word_1_187' title='bbox 3146 1571 3206 1629; x_wconf 89' lang='lat' dir='ltr'><strong>in</strong></span> 
     </span>
     <span class='ocr_line' id='line_1_27' title="bbox 1927 1660 3205 1738; baseline -0.002 -19"><span class='ocrx_word' id='word_1_188' title='bbox 1927 1662 1987 1720; x_wconf 92' lang='lat' dir='ltr'><strong>ll.</strong></span> <span class='ocrx_word' id='word_1_189' title='bbox 2037 1661 2475 1738; x_wconf 84' lang='lat' dir='ltr'><strong>prohibitorum</strong></span> <span class='ocrx_word' id='word_1_190' title='bbox 2523 1662 2779 1721; x_wconf 89' lang='lat' dir='ltr'><strong>indicem</strong></span> <span class='ocrx_word' id='word_1_191' title='bbox 2830 1661 2999 1730; x_wconf 81' lang='lat' dir='ltr'><strong>forte,</strong></span> <span class='ocrx_word' id='word_1_192' title='bbox 3047 1660 3205 1736; x_wconf 90' lang='lat' dir='ltr'><strong>quod</strong></span> 
     </span>
     <span class='ocr_line' id='line_1_28' title="bbox 1927 1749 3210 1826; baseline -0.003 -16"><span class='ocrx_word' id='word_1_193' title='bbox 1927 1751 2289 1810; x_wconf 84' lang='lat' dir='ltr'><strong>occasionem</strong></span> <span class='ocrx_word' id='word_1_194' title='bbox 2325 1753 2537 1810; x_wconf 86' lang='lat' dir='ltr'><strong>saltem</strong></span> <span class='ocrx_word' id='word_1_195' title='bbox 2571 1751 2879 1826; x_wconf 86' lang='lat' dir='ltr'><strong>praeberet</strong></span> <span class='ocrx_word' id='word_1_196' title='bbox 2910 1749 3210 1808; x_wconf 86' lang='lat' dir='ltr'><strong>erroribus</strong></span> 
     </span>
     <span class='ocr_line' id='line_1_29' title="bbox 1926 1838 3209 1908; baseline -0.003 -9"><span class='ocrx_word' id='word_1_197' title='bbox 1926 1840 2077 1899; x_wconf 87' lang='lat' dir='ltr'><strong>circa</strong></span> <span class='ocrx_word' id='word_1_198' title='bbox 2093 1859 2169 1904; x_wconf 90' lang='lat' dir='ltr'><strong>ss.</strong></span> <span class='ocrx_word' id='word_1_199' title='bbox 2188 1840 2578 1899; x_wconf 85' lang='lat' dir='ltr'><strong>eucharistiae</strong></span> <span class='ocrx_word' id='word_1_200' title='bbox 2600 1842 3031 1899; x_wconf 88' lang='lat' dir='ltr'><strong>sacramentum</strong></span> <span class='ocrx_word' id='word_1_201' title='bbox 3050 1860 3064 1908; x_wconf 88' lang='lat'><strong>;</strong></span> <span class='ocrx_word' id='word_1_202' title='bbox 3090 1838 3209 1896; x_wconf 91' lang='lat' dir='ltr'><strong>imo</strong></span> 
     </span>
     <span class='ocr_line' id='line_1_30' title="bbox 1927 1928 3202 2005; baseline -0.002 -18"><span class='ocrx_word' id='word_1_203' title='bbox 1927 1930 2133 2005; x_wconf 88' lang='lat' dir='ltr'><strong>plures</strong></span> <span class='ocrx_word' id='word_1_204' title='bbox 2166 1929 2440 1988; x_wconf 83' lang='lat' dir='ltr'><strong>catholici</strong></span> <span class='ocrx_word' id='word_1_205' title='bbox 2473 1930 2646 1988; x_wconf 89' lang='lat' dir='ltr'><strong>illum</strong></span> <span class='ocrx_word' id='word_1_206' title='bbox 2679 1928 3037 1987; x_wconf 86' lang='lat' dir='ltr'><strong>declararint</strong></span> <span class='ocrx_word' id='word_1_207' title='bbox 3065 1928 3202 1986; x_wconf 91' lang='lat' dir='ltr'><strong>hae·</strong></span> 
     </span>
     <span class='ocr_line' id='line_1_31' title="bbox 1927 2017 3208 2078; baseline -0.004 0"><span class='ocrx_word' id='word_1_208' title='bbox 1927 2019 2177 2078; x_wconf 90' lang='lat' dir='ltr'><strong>reticum</strong></span> <span class='ocrx_word' id='word_1_209' title='bbox 2230 2022 2292 2076; x_wconf 90' lang='lat' dir='ltr'><strong>et</strong></span> <span class='ocrx_word' id='word_1_210' title='bbox 2341 2018 2618 2077; x_wconf 90' lang='lat' dir='ltr'><strong>haeretici</strong></span> <span class='ocrx_word' id='word_1_211' title='bbox 2665 2037 2870 2077; x_wconf 84' lang='lat' dir='ltr'><strong>revera</strong></span> <span class='ocrx_word' id='word_1_212' title='bbox 2900 2036 2970 2076; x_wconf 91' lang='lat' dir='ltr'><strong>eo</strong></span> <span class='ocrx_word' id='word_1_213' title='bbox 3001 2017 3208 2075; x_wconf 89' lang='lat' dir='ltr'><strong>abute-</strong></span> 
     </span>
    </p>
   </div>
   <div class='ocr_carea' id='block_1_6' title="bbox 592 2108 3208 2190">
    <p class='ocr_par' dir='ltr' id='par_1_6' title="bbox 592 2108 3208 2190">
     <span class='ocr_line' id='line_1_32' title="bbox 592 2108 3208 2190; baseline -0.003 -20"><span class='ocrx_word' id='word_1_214' title='bbox 592 2118 958 2171; x_wconf 79' lang='lat'>318—344.</span> <span class='ocrx_word' id='word_1_215' title='bbox 1006 2140 1092 2150; x_wconf 90' lang='lat'><strong>—</strong></span> <span class='ocrx_word' id='word_1_216' title='bbox 1139 2108 1695 2166; x_wconf 86' lang='lat' dir='ltr'><strong>Nominatissimum</strong></span> <span class='ocrx_word' id='word_1_217' title='bbox 1732 2125 1870 2166; x_wconf 88' lang='lat' dir='ltr'><strong>vero</strong></span> <span class='ocrx_word' id='word_1_218' title='bbox 1923 2111 2163 2190; x_wconf 89' lang='lat' dir='ltr'><strong>rentur:</strong></span> <span class='ocrx_word' id='word_1_219' title='bbox 2197 2126 2264 2165; x_wconf 85' lang='lat' dir='ltr'><strong>ex</strong></span> <span class='ocrx_word' id='word_1_220' title='bbox 2281 2126 2349 2166; x_wconf 93' lang='lat' dir='ltr'><strong>eo</strong></span> <span class='ocrx_word' id='word_1_221' title='bbox 2382 2108 2618 2167; x_wconf 88' lang='lat' dir='ltr'><strong>demum</strong></span> <span class='ocrx_word' id='word_1_222' title='bbox 2640 2127 2689 2169; x_wconf 89' lang='lat' dir='ltr'><strong>a.</strong></span> <span class='ocrx_word' id='word_1_223' title='bbox 2713 2117 2877 2170; x_wconf 85' lang='lat'>1900</span> <span class='ocrx_word' id='word_1_224' title='bbox 2901 2110 3208 2181; x_wconf 83' lang='lat' dir='ltr'><strong>exemptus</strong></span> 
     </span>
    </p>
   </div>
   <div class='ocr_carea' id='block_1_7' title="bbox 583 2196 1873 2897">
    <p class='ocr_par' dir='ltr' id='par_1_7' title="bbox 583 2196 1873 2897">
     <span class='ocr_line' id='line_1_33' title="bbox 590 2196 1870 2273; baseline 0 -19"><span class='ocrx_word' id='word_1_225' title='bbox 590 2197 850 2255; x_wconf 88' lang='lat' dir='ltr'><strong>reddidit</strong></span> <span class='ocrx_word' id='word_1_226' title='bbox 881 2196 1265 2255; x_wconf 85' lang='lat' dir='ltr'><strong>Batramnum</strong></span> <span class='ocrx_word' id='word_1_227' title='bbox 1310 2198 1657 2273; x_wconf 89' lang='lat' dir='ltr'><strong>praesertim</strong></span> <span class='ocrx_word' id='word_1_228' title='bbox 1688 2214 1870 2272; x_wconf 88' lang='lat' dir='ltr'><strong>penes</strong></span> 
     </span>
     <span class='ocr_line' id='line_1_34' title="bbox 590 2285 1873 2362; baseline -0.001 -18"><span class='ocrx_word' id='word_1_229' title='bbox 590 2285 1079 2345; x_wconf 87' lang='lat' dir='ltr'><strong>sacramentarios</strong></span> <span class='ocrx_word' id='word_1_230' title='bbox 1110 2285 1151 2349; x_wconf 80' lang='lat' dir='ltr'><strong>l.</strong></span> <span class='ocrx_word' id='word_1_231' title='bbox 1179 2286 1246 2343; x_wconf 83' lang='lat' dir='ltr'><strong>de</strong></span> <span class='ocrx_word' id='word_1_232' title='bbox 1266 2304 1503 2361; x_wconf 75' lang='lat' dir='ltr'><strong>corpore</strong></span> <span class='ocrx_word' id='word_1_233' title='bbox 1523 2294 1573 2343; x_wconf 86' lang='lat' dir='ltr'><strong>et</strong></span> <span class='ocrx_word' id='word_1_234' title='bbox 1591 2288 1873 2362; x_wconf 73' lang='lat' dir='ltr'><strong>sanquine</strong></span> 
     </span>
     <span class='ocr_line' id='line_1_35' title="bbox 594 2375 1870 2450; baseline 0 -17"><span class='ocrx_word' id='word_1_235' title='bbox 594 2375 847 2445; x_wconf 78' lang='lat' dir='ltr'><strong>Domini,</strong></span> <span class='ocrx_word' id='word_1_236' title='bbox 911 2393 1086 2449; x_wconf 89' lang='lat' dir='ltr'><strong>quem</strong></span> <span class='ocrx_word' id='word_1_237' title='bbox 1140 2375 1392 2450; x_wconf 87' lang='lat' dir='ltr'><strong>jubente</strong></span> <span class='ocrx_word' id='word_1_238' title='bbox 1442 2375 1644 2433; x_wconf 88' lang='lat' dir='ltr'><strong>Carolo</strong></span> <span class='ocrx_word' id='word_1_239' title='bbox 1695 2376 1870 2433; x_wconf 87' lang='lat' dir='ltr'><strong>Calvo</strong></span> 
     </span>
     <span class='ocr_line' id='line_1_36' title="bbox 583 2463 1860 2540; baseline -0.002 -18"><span class='ocrx_word' id='word_1_240' title='bbox 583 2464 932 2540; x_wconf 88' lang='lat' dir='ltr'><strong>composuit.</strong></span> <span class='ocrx_word' id='word_1_241' title='bbox 997 2464 1173 2522; x_wconf 88' lang='lat' dir='ltr'><strong>Ortae</strong></span> <span class='ocrx_word' id='word_1_242' title='bbox 1206 2463 1366 2522; x_wconf 88' lang='lat' dir='ltr'><strong>enim</strong></span> <span class='ocrx_word' id='word_1_243' title='bbox 1400 2467 1547 2521; x_wconf 88' lang='lat' dir='ltr'><strong>tunc</strong></span> <span class='ocrx_word' id='word_1_244' title='bbox 1579 2470 1723 2523; x_wconf 88' lang='lat' dir='ltr'><strong>sunt</strong></span> <span class='ocrx_word' id='word_1_245' title='bbox 1756 2464 1860 2521; x_wconf 89' lang='lat' dir='ltr'><strong>ali·</strong></span> 
     </span>
     <span class='ocr_line' id='line_1_37' title="bbox 587 2553 1869 2629; baseline -0.001 -16"><span class='ocrx_word' id='word_1_246' title='bbox 587 2556 736 2629; x_wconf 89' lang='lat' dir='ltr'><strong>quot</strong></span> <span class='ocrx_word' id='word_1_247' title='bbox 767 2553 1202 2613; x_wconf 87' lang='lat' dir='ltr'><strong>controversiae</strong></span> <span class='ocrx_word' id='word_1_248' title='bbox 1227 2554 1297 2612; x_wconf 88' lang='lat' dir='ltr'><strong>de</strong></span> <span class='ocrx_word' id='word_1_249' title='bbox 1318 2553 1677 2612; x_wconf 83' lang='lat' dir='ltr'><strong>eucharistia</strong></span> <span class='ocrx_word' id='word_1_250' title='bbox 1706 2553 1869 2612; x_wconf 91' lang='lat' dir='ltr'><strong>inco-</strong></span> 
     </span>
     <span class='ocr_line' id='line_1_38' title="bbox 592 2643 1859 2718; baseline 0 -17"><span class='ocrx_word' id='word_1_251' title='bbox 592 2643 740 2701; x_wconf 88' lang='lat' dir='ltr'><strong>lumi</strong></span> <span class='ocrx_word' id='word_1_252' title='bbox 772 2646 1046 2702; x_wconf 87' lang='lat' dir='ltr'><strong>manente</strong></span> <span class='ocrx_word' id='word_1_253' title='bbox 1078 2643 1353 2718; x_wconf 86' lang='lat' dir='ltr'><strong>dogmate</strong></span> <span class='ocrx_word' id='word_1_254' title='bbox 1375 2643 1663 2701; x_wconf 90' lang='lat' dir='ltr'><strong>catholico</strong></span> <span class='ocrx_word' id='word_1_255' title='bbox 1696 2662 1859 2717; x_wconf 87' lang='lat' dir='ltr'><strong>prae-</strong></span> 
     </span>
     <span class='ocr_line' id='line_1_39' title="bbox 594 2731 1870 2791; baseline 0 -1"><span class='ocrx_word' id='word_1_256' title='bbox 594 2733 803 2791; x_wconf 86' lang='lat' dir='ltr'><strong>sertim</strong></span> <span class='ocrx_word' id='word_1_257' title='bbox 835 2731 1132 2791; x_wconf 87' lang='lat' dir='ltr'><strong>occasione</strong></span> <span class='ocrx_word' id='word_1_258' title='bbox 1166 2732 1205 2791; x_wconf 91' lang='lat' dir='ltr'><strong>l.</strong></span> <span class='ocrx_word' id='word_1_259' title='bbox 1241 2732 1540 2790; x_wconf 85' lang='lat' dir='ltr'><strong>Paschasii</strong></span> <span class='ocrx_word' id='word_1_260' title='bbox 1572 2732 1870 2791; x_wconf 86' lang='lat' dir='ltr'><strong>Radberti.</strong></span> 
     </span>
     <span class='ocr_line' id='line_1_40' title="bbox 594 2821 1870 2897; baseline -0.001 -17"><span class='ocrx_word' id='word_1_261' title='bbox 594 2821 831 2897; x_wconf 89' lang='lat' dir='ltr'><strong>Duplici</strong></span> <span class='ocrx_word' id='word_1_262' title='bbox 867 2821 1202 2896; x_wconf 87' lang='lat' dir='ltr'><strong>quaestioni</strong></span> <span class='ocrx_word' id='word_1_263' title='bbox 1249 2821 1469 2879; x_wconf 89' lang='lat' dir='ltr'><strong>nititur</strong></span> <span class='ocrx_word' id='word_1_264' title='bbox 1512 2821 1870 2879; x_wconf 87' lang='lat' dir='ltr'><strong>Ratramnus</strong></span> 
     </span>
    </p>
   </div>
   <div class='ocr_carea' id='block_1_8' title="bbox 594 2910 1871 3081">
    <p class='ocr_par' dir='ltr' id='par_1_8' title="bbox 594 2910 1871 3081">
     <span class='ocr_line' id='line_1_41' title="bbox 595 2910 1866 2986; baseline -0.001 -17"><span class='ocrx_word' id='word_1_265' title='bbox 595 2929 701 2969; x_wconf 89' lang='lat' dir='ltr'><strong>suo</strong></span> <span class='ocrx_word' id='word_1_266' title='bbox 736 2911 774 2969; x_wconf 91' lang='lat' dir='ltr'><strong>l.</strong></span> <span class='ocrx_word' id='word_1_267' title='bbox 806 2911 1180 2985; x_wconf 89' lang='lat' dir='ltr'><strong>respondere,</strong></span> <span class='ocrx_word' id='word_1_268' title='bbox 1214 2928 1393 2985; x_wconf 86' lang='lat' dir='ltr'><strong>quam</strong></span> <span class='ocrx_word' id='word_1_269' title='bbox 1417 2911 1501 2967; x_wconf 91' lang='lat' dir='ltr'><strong>ita</strong></span> <span class='ocrx_word' id='word_1_270' title='bbox 1520 2910 1647 2986; x_wconf 90' lang='lat' dir='ltr'><strong>ipse</strong></span> <span class='ocrx_word' id='word_1_271' title='bbox 1677 2929 1866 2969; x_wconf 90' lang='lat' dir='ltr'><strong>enun-</strong></span> 
     </span>
     <span class='ocr_line' id='line_1_42' title="bbox 594 2993 1871 3081; baseline -0.001 -24"><span class='ocrx_word' id='word_1_272' title='bbox 594 3001 711 3057; x_wconf 86' lang='lat' dir='ltr'><strong>ciat</strong></span> <span class='ocrx_word' id='word_1_273' title='bbox 743 2998 967 3081; x_wconf 83' lang='lat' dir='ltr'><strong>(Migne</strong></span> <span class='ocrx_word' id='word_1_274' title='bbox 999 2998 1192 3068; x_wconf 86' lang='lat' dir='ltr'><strong>CXXI,</strong></span> <span class='ocrx_word' id='word_1_275' title='bbox 1234 2993 1416 3080; x_wconf 87' lang='lat'>129):</span> <span class='ocrx_word' id='word_1_276' title='bbox 1453 2999 1662 3067; x_wconf 83' lang='lat' dir='ltr'><strong>,Quod</strong></span> <span class='ocrx_word' id='word_1_277' title='bbox 1682 2999 1748 3057; x_wconf 91' lang='lat' dir='ltr'><strong>in</strong></span> <span class='ocrx_word' id='word_1_278' title='bbox 1762 2999 1871 3057; x_wconf 89' lang='lat' dir='ltr'><strong>Ec·</strong></span> 
     </span>
    </p>
   </div>
   <div class='ocr_carea' id='block_1_9' title="bbox 1924 2196 3208 3075">
    <p class='ocr_par' dir='ltr' id='par_1_9' title="bbox 1924 2196 3208 3075">
     <span class='ocr_line' id='line_1_43' title="bbox 1924 2196 3207 2274; baseline -0.002 -20"><span class='ocrx_word' id='word_1_279' title='bbox 1924 2200 2031 2255; x_wconf 90' lang='lat' dir='ltr'><strong>est.</strong></span> <span class='ocrx_word' id='word_1_280' title='bbox 2067 2197 2413 2272; x_wconf 89' lang='lat' dir='ltr'><strong>Saepissime</strong></span> <span class='ocrx_word' id='word_1_281' title='bbox 2443 2196 2671 2274; x_wconf 88' lang='lat' dir='ltr'><strong>prodiit</strong></span> <span class='ocrx_word' id='word_1_282' title='bbox 2702 2197 2812 2255; x_wconf 91' lang='lat' dir='ltr'><strong>hoc</strong></span> <span class='ocrx_word' id='word_1_283' title='bbox 2830 2196 3207 2270; x_wconf 88' lang='lat' dir='ltr'><strong>opusculum,</strong></span> 
     </span>
     <span class='ocr_line' id='line_1_44' title="bbox 1927 2284 3208 2357; baseline -0.003 -13"><span class='ocrx_word' id='word_1_284' title='bbox 1927 2286 2199 2345; x_wconf 88' lang='lat' dir='ltr'><strong>Coloniae</strong></span> <span class='ocrx_word' id='word_1_285' title='bbox 2228 2294 2428 2357; x_wconf 80' lang='lat'>15323</span> <span class='ocrx_word' id='word_1_286' title='bbox 2463 2287 2732 2345; x_wconf 84' lang='lat' dir='ltr'><strong>Genevae</strong></span> <span class='ocrx_word' id='word_1_287' title='bbox 2761 2294 2917 2347; x_wconf 88' lang='lat'>1541</span> <span class='ocrx_word' id='word_1_288' title='bbox 2951 2306 2964 2354; x_wconf 87' lang='lat'>3</span> <span class='ocrx_word' id='word_1_289' title='bbox 2996 2284 3208 2342; x_wconf 85' lang='lat' dir='ltr'><strong>Parisii</strong></span> 
     </span>
     <span class='ocr_line' id='line_1_45' title="bbox 1935 2374 3206 2437; baseline -0.004 0"><span class='ocrx_word' id='word_1_290' title='bbox 1935 2384 2095 2437; x_wconf 80' lang='lat'>1712</span> <span class='ocrx_word' id='word_1_291' title='bbox 2150 2376 2309 2434; x_wconf 90' lang='lat' dir='ltr'><strong>notis</strong></span> <span class='ocrx_word' id='word_1_292' title='bbox 2359 2376 2415 2432; x_wconf 84' lang='lat' dir='ltr'><strong>J.</strong></span> <span class='ocrx_word' id='word_1_293' title='bbox 2457 2375 2782 2433; x_wconf 89' lang='lat' dir='ltr'><strong>Boileau</strong></span> <span class='ocrx_word' id='word_1_294' title='bbox 2836 2374 3206 2432; x_wconf 88' lang='lat' dir='ltr'><strong>illustratum</strong></span> 
     </span>
     <span class='ocr_line' id='line_1_46' title="bbox 1925 2456 3204 2543; baseline -0.002 -21"><span class='ocrx_word' id='word_1_295' title='bbox 1925 2467 2033 2522; x_wconf 85' lang='lat' dir='ltr'><strong>etc.</strong></span> <span class='ocrx_word' id='word_1_296' title='bbox 2067 2497 2153 2507; x_wconf 94' lang='lat'>—</span> <span class='ocrx_word' id='word_1_297' title='bbox 2185 2456 2454 2539; x_wconf 84' lang='lat' dir='ltr'><strong>Epistola</strong></span> <span class='ocrx_word' id='word_1_298' title='bbox 2473 2464 2546 2521; x_wconf 87' lang='lat' dir='ltr'><strong>ad</strong></span> <span class='ocrx_word' id='word_1_299' title='bbox 2578 2463 3055 2521; x_wconf 86' lang='lat' dir='ltr'><strong>Rimbertum</strong></span> <span class='ocrx_word' id='word_1_300' title='bbox 3076 2457 3204 2543; x_wconf 91' lang='lat' dir='ltr'><strong>(qui</strong></span> 
     </span>
     <span class='ocr_line' id='line_1_47' title="bbox 1927 2552 3207 2624; baseline -0.002 -13"><span class='ocrx_word' id='word_1_301' title='bbox 1927 2554 2166 2612; x_wconf 87' lang='lat' dir='ltr'><strong>videtur</strong></span> <span class='ocrx_word' id='word_1_302' title='bbox 2197 2553 2350 2612; x_wconf 91' lang='lat' dir='ltr'><strong>idem</strong></span> <span class='ocrx_word' id='word_1_303' title='bbox 2387 2572 2523 2612; x_wconf 91' lang='lat' dir='ltr'><strong>cum</strong></span> <span class='ocrx_word' id='word_1_304' title='bbox 2557 2571 2600 2613; x_wconf 80' lang='lat' dir='ltr'><strong>s,</strong></span> <span class='ocrx_word' id='word_1_305' title='bbox 2634 2552 3063 2624; x_wconf 80' lang='lat' dir='ltr'><strong>RembertO,</strong></span> <span class='ocrx_word' id='word_1_306' title='bbox 3114 2571 3207 2610; x_wconf 88' lang='lat' dir='ltr'><strong>ar-</strong></span> 
     </span>
     <span class='ocr_line' id='line_1_48' title="bbox 1926 2637 3208 2722; baseline -0.002 -21"><span class='ocrx_word' id='word_1_307' title='bbox 1926 2642 2292 2718; x_wconf 83' lang='lat' dir='ltr'><strong>chiepiscopo</strong></span> <span class='ocrx_word' id='word_1_308' title='bbox 2354 2643 2773 2719; x_wconf 90' lang='lat' dir='ltr'><strong>hamburgensi</strong></span> <span class='ocrx_word' id='word_1_309' title='bbox 2836 2662 2886 2700; x_wconf 89' lang='lat' dir='ltr'><strong>a.</strong></span> <span class='ocrx_word' id='word_1_310' title='bbox 2938 2637 3087 2722; x_wconf 85' lang='lat'>865)</span> <span class='ocrx_word' id='word_1_311' title='bbox 3138 2641 3208 2699; x_wconf 87' lang='lat' dir='ltr'><strong>de</strong></span> 
     </span>
     <span class='ocr_line' id='line_1_49' title="bbox 1926 2731 3207 2812; baseline -0.002 -23"><span class='ocrx_word' id='word_1_312' title='bbox 1926 2733 2341 2812; x_wconf 49' lang='lat' dir='ltr'><strong>cynocephali&amp;</strong></span> <span class='ocrx_word' id='word_1_313' title='bbox 2375 2735 2581 2790; x_wconf 88' lang='lat' dir='ltr'><strong>utrum</strong></span> <span class='ocrx_word' id='word_1_314' title='bbox 2604 2732 2674 2790; x_wconf 90' lang='lat' dir='ltr'><strong>de</strong></span> <span class='ocrx_word' id='word_1_315' title='bbox 2695 2732 2857 2790; x_wconf 86' lang='lat' dir='ltr'><strong>Adae</strong></span> <span class='ocrx_word' id='word_1_316' title='bbox 2877 2731 3004 2789; x_wconf 88' lang='lat' dir='ltr'><strong>sint</strong></span> <span class='ocrx_word' id='word_1_317' title='bbox 3024 2731 3207 2805; x_wconf 89' lang='lat' dir='ltr'><strong>stirpe</strong></span> 
     </span>
     <span class='ocr_line' id='line_1_50' title="bbox 1926 2820 3208 2897; baseline -0.003 -18"><span class='ocrx_word' id='word_1_318' title='bbox 1926 2821 2237 2897; x_wconf 85' lang='lat' dir='ltr'><strong>progeniti,</strong></span> <span class='ocrx_word' id='word_1_319' title='bbox 2290 2840 2366 2879; x_wconf 91' lang='lat' dir='ltr'><strong>an</strong></span> <span class='ocrx_word' id='word_1_320' title='bbox 2416 2821 2746 2879; x_wconf 86' lang='lat' dir='ltr'><strong>bestiarum</strong></span> <span class='ocrx_word' id='word_1_321' title='bbox 2797 2820 3053 2879; x_wconf 87' lang='lat' dir='ltr'><strong>habeant</strong></span> <span class='ocrx_word' id='word_1_322' title='bbox 3082 2820 3208 2876; x_wconf 89' lang='lat' dir='ltr'><strong>ani-</strong></span> 
     </span>
     <span class='ocr_line' id='line_1_51' title="bbox 1929 2907 3208 2980; baseline -0.002 -12"><span class='ocrx_word' id='word_1_323' title='bbox 1929 2928 2074 2980; x_wconf 73' lang='lat' dir='ltr'><strong>maS,</strong></span> <span class='ocrx_word' id='word_1_324' title='bbox 2109 2910 2196 2970; x_wconf 90' lang='lat' dir='ltr'><strong>ed.</strong></span> <span class='ocrx_word' id='word_1_325' title='bbox 2234 2930 2267 2967; x_wconf 92' lang='lat' dir='ltr'><strong>a</strong></span> <span class='ocrx_word' id='word_1_326' title='bbox 2300 2910 2474 2967; x_wconf 84' lang='lat' dir='ltr'><strong>Gabr.</strong></span> <span class='ocrx_word' id='word_1_327' title='bbox 2508 2911 2686 2968; x_wconf 91' lang='lat' dir='ltr'><strong>Dum</strong></span> <span class='ocrx_word' id='word_1_328' title='bbox 2707 2912 2841 2967; x_wconf 91' lang='lat' dir='ltr'><strong>ont</strong></span> <span class='ocrx_word' id='word_1_329' title='bbox 2873 2908 2935 2966; x_wconf 88' lang='lat' dir='ltr'><strong>in</strong></span> <span class='ocrx_word' id='word_1_330' title='bbox 2968 2909 3104 2966; x_wconf 85' lang='lat' dir='ltr'><strong>diss.</strong></span> <span class='ocrx_word' id='word_1_331' title='bbox 3138 2907 3208 2964; x_wconf 89' lang='lat' dir='ltr'><strong>de</strong></span> 
     </span>
     <span class='ocr_line' id='line_1_52' title="bbox 1927 2996 3206 3075; baseline -0.004 -18"><span class='ocrx_word' id='word_1_332' title='bbox 1927 2998 2338 3075; x_wconf 87' lang='lat' dir='ltr'><strong>cynocephalis</strong></span> <span class='ocrx_word' id='word_1_333' title='bbox 2385 2999 2611 3057; x_wconf 78' lang='lat' dir='ltr'><strong>inserta</strong></span> <span class='ocrx_word' id='word_1_334' title='bbox 2654 3002 2698 3060; x_wconf 88' lang='lat' dir='ltr'><strong>t.</strong></span> <span class='ocrx_word' id='word_1_335' title='bbox 2733 2998 2828 3056; x_wconf 90' lang='lat' dir='ltr'><strong>VI.</strong></span> <span class='ocrx_word' id='word_1_336' title='bbox 2874 2997 3013 3056; x_wconf 88' lang='lat' dir='ltr'><strong>hist.</strong></span> <span class='ocrx_word' id='word_1_337' title='bbox 3046 2996 3206 3055; x_wconf 88' lang='lat' dir='ltr'><strong>criti-</strong></span> 
     </span>
    </p>
   </div>
   <div class='ocr_carea' id='block_1_10' title="bbox 594 3086 3208 3255">
    <p class='ocr_par' dir='ltr' id='par_1_10' title="bbox 594 3086 3208 3255">
     <span class='ocr_line' id='line_1_53' title="bbox 594 3086 3206 3164; baseline -0.002 -18"><span class='ocrx_word' id='word_1_338' title='bbox 594 3089 768 3146; x_wconf 89' lang='lat' dir='ltr'><strong>clesia</strong></span> <span class='ocrx_word' id='word_1_339' title='bbox 800 3108 897 3147; x_wconf 86' lang='lat' dir='ltr'><strong>ore</strong></span> <span class='ocrx_word' id='word_1_340' title='bbox 928 3087 1192 3145; x_wconf 89' lang='lat' dir='ltr'><strong>fidelium</strong></span> <span class='ocrx_word' id='word_1_341' title='bbox 1238 3088 1514 3157; x_wconf 86' lang='lat' dir='ltr'><strong>sumitur,</strong></span> <span class='ocrx_word' id='word_1_342' title='bbox 1562 3106 1778 3164; x_wconf 89' lang='lat' dir='ltr'><strong>corpus</strong></span> <span class='ocrx_word' id='word_1_343' title='bbox 1812 3091 1873 3146; x_wconf 92' lang='lat' dir='ltr'><strong>et</strong></span> <span class='ocrx_word' id='word_1_344' title='bbox 1928 3107 2027 3147; x_wconf 90' lang='lat' dir='ltr'><strong>cae</strong></span> <span class='ocrx_word' id='word_1_345' title='bbox 2074 3088 2437 3162; x_wconf 88' lang='lat' dir='ltr'><strong>reipublicae</strong></span> <span class='ocrx_word' id='word_1_346' title='bbox 2482 3086 3206 3152; x_wconf 86' lang='lat' dir='ltr'><strong>literario-massonianae,</strong></span> 
     </span>
     <span class='ocr_line' id='line_1_54' title="bbox 596 3175 3208 3255; baseline -0.001 -21"><span class='ocrx_word' id='word_1_347' title='bbox 596 3178 837 3255; x_wconf 88' lang='lat' dir='ltr'><strong>sanguis</strong></span> <span class='ocrx_word' id='word_1_348' title='bbox 870 3177 1103 3246; x_wconf 88' lang='lat' dir='ltr'><strong>Christi,</strong></span> <span class='ocrx_word' id='word_1_349' title='bbox 1138 3177 1375 3250; x_wconf 90' lang='lat' dir='ltr'><strong>quaerit</strong></span> <span class='ocrx_word' id='word_1_350' title='bbox 1393 3179 1623 3235; x_wconf 86' lang='lat' dir='ltr'><strong>vestrae</strong></span> <span class='ocrx_word' id='word_1_351' title='bbox 1639 3178 1870 3254; x_wconf 88' lang='lat' dir='ltr'><strong>magni·</strong></span> <span class='ocrx_word' id='word_1_352' title='bbox 1927 3176 2354 3235; x_wconf 84' lang='lat' dir='ltr'><strong>Amstelodami</strong></span> <span class='ocrx_word' id='word_1_353' title='bbox 2382 3186 2548 3238; x_wconf 77' lang='lat'>1714</span> <span class='ocrx_word' id='word_1_354' title='bbox 2572 3197 2625 3252; x_wconf 84' lang='lat' dir='ltr'><strong>p.</strong></span> <span class='ocrx_word' id='word_1_355' title='bbox 2655 3189 2680 3238; x_wconf 94' lang='lat' dir='ltr'><strong>l</strong></span> <span class='ocrx_word' id='word_1_356' title='bbox 2698 3185 3001 3240; x_wconf 82' lang='grc'>88-196</span> <span class='ocrx_word' id='word_1_357' title='bbox 3023 3197 3036 3245; x_wconf 91' lang='grc'><strong>;</strong></span> <span class='ocrx_word' id='word_1_358' title='bbox 3070 3175 3116 3232; x_wconf 90' lang='lat' dir='ltr'>O</span> <span class='ocrx_word' id='word_1_359' title='bbox 3138 3192 3208 3231; x_wconf 89' lang='lat' dir='ltr'><strong>u-</strong></span> 
     </span>
    </p>
   </div>
   <div class='ocr_carea' id='block_1_11' title="bbox 589 3265 3209 4142">
    <p class='ocr_par' dir='ltr' id='par_1_11' title="bbox 589 3265 3209 4060">
     <span class='ocr_line' id='line_1_55' title="bbox 594 3265 3205 3342; baseline 0.003 -19"><span class='ocrx_word' id='word_1_360' title='bbox 594 3267 821 3325; x_wconf 89' lang='lat' dir='ltr'><strong>tudinis</strong></span> <span class='ocrx_word' id='word_1_361' title='bbox 854 3265 1219 3334; x_wconf 85' lang='lat' dir='ltr'><strong>excellentia,</strong></span> <span class='ocrx_word' id='word_1_362' title='bbox 1255 3267 1317 3324; x_wconf 91' lang='lat' dir='ltr'><strong>in</strong></span> <span class='ocrx_word' id='word_1_363' title='bbox 1336 3267 1621 3342; x_wconf 81' lang='lat' dir='ltr'><strong>mysterio</strong></span> <span class='ocrx_word' id='word_1_364' title='bbox 1653 3265 1775 3336; x_wconf 85' lang='lat' dir='ltr'><strong>fiat,</strong></span> <span class='ocrx_word' id='word_1_365' title='bbox 1796 3285 1871 3323; x_wconf 92' lang='lat' dir='ltr'><strong>an</strong></span> <span class='ocrx_word' id='word_1_366' title='bbox 1928 3266 2057 3323; x_wconf 88' lang='lat' dir='ltr'><strong>din</strong></span> <span class='ocrx_word' id='word_1_367' title='bbox 2118 3265 2189 3323; x_wconf 89' lang='lat' dir='ltr'><strong>de</strong></span> <span class='ocrx_word' id='word_1_368' title='bbox 2241 3266 2443 3341; x_wconf 90' lang='lat' dir='ltr'><strong>script.</strong></span> <span class='ocrx_word' id='word_1_369' title='bbox 2507 3266 2642 3323; x_wconf 91' lang='lat' dir='ltr'><strong>eccl.</strong></span> <span class='ocrx_word' id='word_1_370' title='bbox 2693 3265 2769 3335; x_wconf 87' lang='lat'><strong>11,</strong></span> <span class='ocrx_word' id='word_1_371' title='bbox 2833 3273 3205 3330; x_wconf 81' lang='lat'>129—135;</span> 
     </span>
     <span class='ocr_line' id='line_1_56' title="bbox 592 3352 3208 3430; baseline -0.001 -17"><span class='ocrx_word' id='word_1_372' title='bbox 592 3357 655 3413; x_wconf 88' lang='lat' dir='ltr'><strong>in</strong></span> <span class='ocrx_word' id='word_1_373' title='bbox 687 3356 936 3414; x_wconf 84' lang='lat' dir='ltr'><strong>veritate</strong></span> <span class='ocrx_word' id='word_1_374' title='bbox 968 3355 1006 3416; x_wconf 89' lang='lat' dir='ltr'><strong>i.</strong></span> <span class='ocrx_word' id='word_1_375' title='bbox 1039 3373 1087 3413; x_wconf 90' lang='lat' dir='ltr'><strong>e.</strong></span> <span class='ocrx_word' id='word_1_376' title='bbox 1136 3356 1339 3413; x_wconf 88' lang='lat' dir='ltr'><strong>utrum</strong></span> <span class='ocrx_word' id='word_1_377' title='bbox 1388 3354 1615 3430; x_wconf 87' lang='lat' dir='ltr'><strong>aliquid</strong></span> <span class='ocrx_word' id='word_1_378' title='bbox 1660 3355 1870 3414; x_wconf 88' lang='lat' dir='ltr'><strong>secreti</strong></span> <span class='ocrx_word' id='word_1_379' title='bbox 1928 3355 2182 3430; x_wconf 86' lang='lat' dir='ltr'><strong>Migne</strong></span> <span class='ocrx_word' id='word_1_380' title='bbox 2215 3355 2406 3422; x_wconf 85' lang='lat' dir='ltr'><strong>CXXI,</strong></span> <span class='ocrx_word' id='word_1_381' title='bbox 2448 3363 2844 3418; x_wconf 72' lang='lat' dir='ltr'><strong>nes-1157.</strong></span> <span class='ocrx_word' id='word_1_382' title='bbox 2912 3353 3047 3412; x_wconf 87' lang='lat' dir='ltr'><strong>Alia</strong></span> <span class='ocrx_word' id='word_1_383' title='bbox 3094 3352 3208 3410; x_wconf 86' lang='lat' dir='ltr'><strong>Ra·</strong></span> 
     </span>
     <span class='ocr_line' id='line_1_57' title="bbox 593 3441 3207 3518; baseline -0.002 -15"><span class='ocrx_word' id='word_1_384' title='bbox 593 3446 908 3514; x_wconf 84' lang='lat' dir='ltr'><strong>contineat,</strong></span> <span class='ocrx_word' id='word_1_385' title='bbox 943 3443 1103 3517; x_wconf 88' lang='lat' dir='ltr'><strong>quod</strong></span> <span class='ocrx_word' id='word_1_386' title='bbox 1136 3445 1323 3502; x_wconf 89' lang='lat' dir='ltr'><strong>oculis</strong></span> <span class='ocrx_word' id='word_1_387' title='bbox 1346 3443 1714 3502; x_wconf 89' lang='lat' dir='ltr'><strong>solummodo</strong></span> <span class='ocrx_word' id='word_1_388' title='bbox 1734 3444 1872 3501; x_wconf 89' lang='lat' dir='ltr'><strong>fidei</strong></span> <span class='ocrx_word' id='word_1_389' title='bbox 1929 3443 2146 3501; x_wconf 85' lang='lat' dir='ltr'><strong>tramni</strong></span> <span class='ocrx_word' id='word_1_390' title='bbox 2183 3444 2402 3518; x_wconf 88' lang='lat' dir='ltr'><strong>scripta</strong></span> <span class='ocrx_word' id='word_1_391' title='bbox 2430 3444 2758 3518; x_wconf 87' lang='lat' dir='ltr'><strong>perierunt,</strong></span> <span class='ocrx_word' id='word_1_392' title='bbox 2793 3446 2864 3501; x_wconf 88' lang='lat' dir='ltr'><strong>ut</strong></span> <span class='ocrx_word' id='word_1_393' title='bbox 2895 3441 3050 3500; x_wconf 89' lang='lat' dir='ltr'><strong>illud</strong></span> <span class='ocrx_word' id='word_1_394' title='bbox 3073 3459 3207 3500; x_wconf 88' lang='lat' dir='ltr'><strong>con-</strong></span> 
     </span>
     <span class='ocr_line' id='line_1_58' title="bbox 593 3530 3209 3609; baseline -0.001 -19"><span class='ocrx_word' id='word_1_395' title='bbox 593 3537 808 3609; x_wconf 81' lang='lat' dir='ltr'><strong>pateat,</strong></span> <span class='ocrx_word' id='word_1_396' title='bbox 842 3553 916 3591; x_wconf 92' lang='lat' dir='ltr'><strong>an</strong></span> <span class='ocrx_word' id='word_1_397' title='bbox 950 3533 1076 3590; x_wconf 91' lang='lat' dir='ltr'><strong>sine</strong></span> <span class='ocrx_word' id='word_1_398' title='bbox 1121 3534 1532 3608; x_wconf 86' lang='lat' dir='ltr'><strong>cujuscunque</strong></span> <span class='ocrx_word' id='word_1_399' title='bbox 1576 3533 1873 3592; x_wconf 82' lang='lat' dir='ltr'><strong>velatione</strong></span> <span class='ocrx_word' id='word_1_400' title='bbox 1930 3536 2022 3590; x_wconf 89' lang='lat' dir='ltr'><strong>tra</strong></span> <span class='ocrx_word' id='word_1_401' title='bbox 2083 3531 2468 3590; x_wconf 87' lang='lat' dir='ltr'><strong>Hincmarum</strong></span> <span class='ocrx_word' id='word_1_402' title='bbox 2532 3551 2638 3608; x_wconf 84' lang='lat' dir='ltr'><strong>pro</strong></span> <span class='ocrx_word' id='word_1_403' title='bbox 2689 3531 2948 3590; x_wconf 87' lang='lat' dir='ltr'><strong>formula</strong></span> <span class='ocrx_word' id='word_1_404' title='bbox 2997 3530 3209 3600; x_wconf 77' lang='lat' dir='ltr'><strong>,Trina</strong></span> 
     </span>
     <span class='ocr_line' id='line_1_59' title="bbox 592 3620 3208 3697; baseline -0.001 -17"><span class='ocrx_word' id='word_1_405' title='bbox 592 3621 864 3697; x_wconf 89' lang='lat' dir='ltr'><strong>mysterii</strong></span> <span class='ocrx_word' id='word_1_406' title='bbox 897 3621 1005 3680; x_wconf 91' lang='lat' dir='ltr'><strong>hoc</strong></span> <span class='ocrx_word' id='word_1_407' title='bbox 1023 3624 1294 3696; x_wconf 90' lang='lat' dir='ltr'><strong>aspectus</strong></span> <span class='ocrx_word' id='word_1_408' title='bbox 1325 3622 1636 3681; x_wconf 88' lang='lat' dir='ltr'><strong>intueatur</strong></span> <span class='ocrx_word' id='word_1_409' title='bbox 1665 3640 1873 3697; x_wconf 87' lang='lat' dir='ltr'><strong>corpo·</strong></span> <span class='ocrx_word' id='word_1_410' title='bbox 1931 3621 2134 3679; x_wconf 90' lang='lat' dir='ltr'><strong>Deitas</strong></span> <span class='ocrx_word' id='word_1_411' title='bbox 2157 3629 2215 3690; x_wconf 65' lang='grc' dir='ltr'><strong>ς(</strong></span> <span class='ocrx_word' id='word_1_412' title='bbox 2248 3622 2318 3679; x_wconf 79' lang='lat' dir='ltr'><strong>de</strong></span> <span class='ocrx_word' id='word_1_413' title='bbox 2348 3623 2565 3690; x_wconf 80' lang='lat' dir='ltr'><strong>anima,</strong></span> <span class='ocrx_word' id='word_1_414' title='bbox 2601 3620 2760 3696; x_wconf 88' lang='lat' dir='ltr'><strong>quod</strong></span> <span class='ocrx_word' id='word_1_415' title='bbox 2793 3621 2918 3679; x_wconf 81' lang='lat' dir='ltr'><strong>scil.</strong></span> <span class='ocrx_word' id='word_1_416' title='bbox 2950 3639 3068 3679; x_wconf 91' lang='lat' dir='ltr'><strong>non</strong></span> <span class='ocrx_word' id='word_1_417' title='bbox 3087 3639 3208 3678; x_wconf 88' lang='lat' dir='ltr'><strong>om·</strong></span> 
     </span>
     <span class='ocr_line' id='line_1_60' title="bbox 593 3706 3208 3789; baseline 0 -21"><span class='ocrx_word' id='word_1_418' title='bbox 593 3712 676 3769; x_wconf 90' lang='lat' dir='ltr'><strong>ris</strong></span> <span class='ocrx_word' id='word_1_419' title='bbox 710 3710 989 3780; x_wconf 83' lang='lat' dir='ltr'><strong>exterius,</strong></span> <span class='ocrx_word' id='word_1_420' title='bbox 1013 3709 1172 3785; x_wconf 89' lang='lat' dir='ltr'><strong>quod</strong></span> <span class='ocrx_word' id='word_1_421' title='bbox 1196 3711 1411 3769; x_wconf 88' lang='lat' dir='ltr'><strong>mentis</strong></span> <span class='ocrx_word' id='word_1_422' title='bbox 1435 3711 1600 3770; x_wconf 83' lang='lat' dir='ltr'><strong>visus</strong></span> <span class='ocrx_word' id='word_1_423' title='bbox 1623 3712 1873 3787; x_wconf 79' lang='lat' dir='ltr'><strong>aspiciat</strong></span> <span class='ocrx_word' id='word_1_424' title='bbox 1930 3712 2100 3769; x_wconf 90' lang='lat' dir='ltr'><strong>nium</strong></span> <span class='ocrx_word' id='word_1_425' title='bbox 2152 3711 2459 3768; x_wconf 90' lang='lat' dir='ltr'><strong>hominum</strong></span> <span class='ocrx_word' id='word_1_426' title='bbox 2512 3710 2593 3768; x_wconf 90' lang='lat' dir='ltr'><strong>sit</strong></span> <span class='ocrx_word' id='word_1_427' title='bbox 2641 3728 2760 3768; x_wconf 89' lang='lat' dir='ltr'><strong>una</strong></span> <span class='ocrx_word' id='word_1_428' title='bbox 2809 3706 3072 3789; x_wconf 82' lang='lat' dir='ltr'><strong>anima2)</strong></span> <span class='ocrx_word' id='word_1_429' title='bbox 3102 3712 3208 3769; x_wconf 81' lang='lat' dir='ltr'><strong>etc.</strong></span> 
     </span>
     <span class='ocr_line' id='line_1_61' title="bbox 589 3798 3208 3877; baseline -0.001 -21"><span class='ocrx_word' id='word_1_430' title='bbox 589 3800 863 3868; x_wconf 65' lang='lat' dir='ltr'><strong>interim,</strong></span> <span class='ocrx_word' id='word_1_431' title='bbox 928 3802 1001 3857; x_wconf 90' lang='lat' dir='ltr'><strong>ut</strong></span> <span class='ocrx_word' id='word_1_432' title='bbox 1048 3801 1260 3869; x_wconf 84' lang='lat' dir='ltr'><strong>totum,</strong></span> <span class='ocrx_word' id='word_1_433' title='bbox 1325 3800 1484 3874; x_wconf 89' lang='lat' dir='ltr'><strong>quod</strong></span> <span class='ocrx_word' id='word_1_434' title='bbox 1536 3801 1755 3877; x_wconf 88' lang='lat' dir='ltr'><strong>agitur,</strong></span> <span class='ocrx_word' id='word_1_435' title='bbox 1810 3801 1873 3858; x_wconf 92' lang='lat' dir='ltr'><strong>in</strong></span> <span class='ocrx_word' id='word_1_436' title='bbox 1931 3800 2076 3874; x_wconf 89' lang='lat' dir='ltr'><strong>Ejus</strong></span> <span class='ocrx_word' id='word_1_437' title='bbox 2109 3799 2326 3874; x_wconf 87' lang='lat' dir='ltr'><strong>scripta</strong></span> <span class='ocrx_word' id='word_1_438' title='bbox 2358 3800 2605 3858; x_wconf 90' lang='lat' dir='ltr'><strong>collecta</strong></span> <span class='ocrx_word' id='word_1_439' title='bbox 2649 3798 2829 3857; x_wconf 86' lang='lat' dir='ltr'><strong>habes</strong></span> <span class='ocrx_word' id='word_1_440' title='bbox 2862 3800 2926 3856; x_wconf 91' lang='lat' dir='ltr'><strong>in</strong></span> <span class='ocrx_word' id='word_1_441' title='bbox 2960 3798 3208 3872; x_wconf 88' lang='lat' dir='ltr'><strong>Migne</strong></span> 
     </span>
     <span class='ocr_line' id='line_1_62' title="bbox 590 3886 3206 3962; baseline -0.002 -16"><span class='ocrx_word' id='word_1_442' title='bbox 590 3888 1084 3947; x_wconf 88' lang='lat' dir='ltr'><strong>manifestationis</strong></span> <span class='ocrx_word' id='word_1_443' title='bbox 1149 3888 1281 3947; x_wconf 88' lang='lat' dir='ltr'><strong>luce</strong></span> <span class='ocrx_word' id='word_1_444' title='bbox 1343 3891 1684 3948; x_wconf 67' lang='lat' dir='ltr'><strong>clarescat&lt;</strong></span> <span class='ocrx_word' id='word_1_445' title='bbox 1756 3891 1874 3958; x_wconf 84' lang='lat' dir='ltr'><strong>,Et</strong></span> <span class='ocrx_word' id='word_1_446' title='bbox 1934 3890 1998 3952; x_wconf 82' lang='lat' dir='ltr'><strong>P.</strong></span> <span class='ocrx_word' id='word_1_447' title='bbox 2028 3888 2092 3946; x_wconf 92' lang='lat' dir='ltr'><strong>L.</strong></span> <span class='ocrx_word' id='word_1_448' title='bbox 2126 3887 2318 3958; x_wconf 84' lang='lat' dir='ltr'><strong>CXXI,</strong></span> <span class='ocrx_word' id='word_1_449' title='bbox 2356 3897 2633 3951; x_wconf 85' lang='lat'>9—356.</span> <span class='ocrx_word' id='word_1_450' title='bbox 2685 3887 2886 3945; x_wconf 86' lang='lat' dir='ltr'><strong>Vitam</strong></span> <span class='ocrx_word' id='word_1_451' title='bbox 2926 3886 3206 3962; x_wconf 81' lang='lat' dir='ltr'><strong>produxit</strong></span> 
     </span>
     <span class='ocr_line' id='line_1_63' title="bbox 594 3974 2649 4060; baseline -0.001 -25"><span class='ocrx_word' id='word_1_452' title='bbox 594 3981 795 4037; x_wconf 91' lang='lat' dir='ltr'><strong>utrum</strong></span> <span class='ocrx_word' id='word_1_453' title='bbox 810 3974 939 4060; x_wconf 90' lang='lat' dir='ltr'><strong>(sit)</strong></span> <span class='ocrx_word' id='word_1_454' title='bbox 963 3979 1160 4053; x_wconf 89' lang='lat' dir='ltr'><strong>ipsum</strong></span> <span class='ocrx_word' id='word_1_455' title='bbox 1182 3979 1592 4053; x_wconf 80' lang='lat' dir='ltr'><strong>corpu8,quod</strong></span> <span class='ocrx_word' id='word_1_456' title='bbox 1605 3978 1677 4037; x_wconf 87' lang='lat' dir='ltr'><strong>de</strong></span> <span class='ocrx_word' id='word_1_457' title='bbox 1692 3979 1873 4037; x_wconf 87' lang='lat' dir='ltr'><strong>Maria</strong></span> <span class='ocrx_word' id='word_1_458' title='bbox 1929 3978 2140 4035; x_wconf 88' lang='lat' dir='ltr'><strong>saltem</strong></span> <span class='ocrx_word' id='word_1_459' title='bbox 2172 3995 2363 4051; x_wconf 89' lang='lat' dir='ltr'><strong>usque</strong></span> <span class='ocrx_word' id='word_1_460' title='bbox 2395 3978 2467 4034; x_wconf 91' lang='lat' dir='ltr'><strong>ad</strong></span> <span class='ocrx_word' id='word_1_461' title='bbox 2506 3985 2649 4039; x_wconf 71' lang='lat'>863.</span> 
     </span>
    </p>

    <p class='ocr_par' dir='ltr' id='par_1_12' title="bbox 593 4066 2004 4142">
     <span class='ocr_line' id='line_1_64' title="bbox 593 4066 2004 4142; baseline 0.001 -18"><span class='ocrx_word' id='word_1_462' title='bbox 593 4066 660 4124; x_wconf 82' lang='lat' dir='ltr'><strong>V.</strong></span> <span class='ocrx_word' id='word_1_463' title='bbox 678 4071 884 4126; x_wconf 90' lang='lat' dir='ltr'><strong>natum</strong></span> <span class='ocrx_word' id='word_1_464' title='bbox 904 4071 1011 4136; x_wconf 88' lang='lat' dir='ltr'><strong>est,</strong></span> <span class='ocrx_word' id='word_1_465' title='bbox 1034 4070 1365 4142; x_wconf 87' lang='lat' dir='ltr'><strong>etpassum,</strong></span> <span class='ocrx_word' id='word_1_466' title='bbox 1383 4071 1688 4127; x_wconf 89' lang='lat' dir='ltr'><strong>mortuum</strong></span> <span class='ocrx_word' id='word_1_467' title='bbox 1706 4072 1870 4126; x_wconf 87' lang='lat' dir='ltr'><strong>etse·</strong></span> <span class='ocrx_word' id='word_1_468' title='bbox 1935 4141 1946 4142; x_wconf 15' lang='grc' dir='ltr'><strong><em>ἶ</em></strong></span> <span class='ocrx_word' id='word_1_469' title='bbox 1987 4141 2004 4142; x_wconf 22' lang='lat'><em>7</em></span> 
     </span>
    </p>
   </div>
   <div class='ocr_carea' id='block_1_12' title="bbox 593 4157 3206 4361">
    <p class='ocr_par' dir='ltr' id='par_1_13' title="bbox 593 4157 3206 4361">
     <span class='ocr_line' id='line_1_65' title="bbox 593 4157 3165 4273; baseline 0.004 -59"><span class='ocrx_word' id='word_1_470' title='bbox 593 4158 850 4232; x_wconf 91' lang='lat' dir='ltr'><strong>pultum,</strong></span> <span class='ocrx_word' id='word_1_471' title='bbox 885 4157 1042 4233; x_wconf 92' lang='lat' dir='ltr'><strong>quod</strong></span> <span class='ocrx_word' id='word_1_472' title='bbox 1076 4174 1391 4233; x_wconf 87' lang='lat' dir='ltr'><strong>resurgens</strong></span> <span class='ocrx_word' id='word_1_473' title='bbox 1441 4160 1502 4215; x_wconf 92' lang='lat' dir='ltr'><strong>et</strong></span> <span class='ocrx_word' id='word_1_474' title='bbox 1552 4158 1744 4216; x_wconf 87' lang='lat' dir='ltr'><strong>coelos</strong></span> <span class='ocrx_word' id='word_1_475' title='bbox 1778 4175 1868 4215; x_wconf 87' lang='lat' dir='ltr'><strong>as·</strong></span> <span class='ocrx_word' id='word_1_476' title='bbox 2008 4226 2019 4257; x_wconf 59' lang='grc' dir='ltr'><strong>ι</strong></span> <span class='ocrx_word' id='word_1_477' title='bbox 2073 4218 2145 4273; x_wconf 71' lang='lat' dir='ltr'><strong>Cf</strong></span> <span class='ocrx_word' id='word_1_478' title='bbox 2183 4219 2218 4271; x_wconf 73' lang='lat' dir='ltr'>d</span> <span class='ocrx_word' id='word_1_479' title='bbox 2449 4218 2504 4271; x_wconf 73' lang='lat' dir='ltr'><strong>d,</strong></span> <span class='ocrx_word' id='word_1_480' title='bbox 2622 4218 2652 4270; x_wconf 70' lang='lat' dir='ltr'>J</span> <span class='ocrx_word' id='word_1_481' title='bbox 2785 4216 2830 4268; x_wconf 80' lang='lat' dir='ltr'>B</span> <span class='ocrx_word' id='word_1_482' title='bbox 2903 4217 2915 4228; x_wconf 83' lang='lat'><strong>.</strong></span> <span class='ocrx_word' id='word_1_483' title='bbox 3155 4216 3165 4225; x_wconf 94' lang='lat'><em>.</em></span> 
     </span>
     <span class='ocr_line' id='line_1_66' title="bbox 594 4219 3206 4361; baseline 0.004 -58"><span class='ocrx_word' id='word_1_484' title='bbox 594 4247 845 4305; x_wconf 87' lang='lat' dir='ltr'><strong>cendens</strong></span> <span class='ocrx_word' id='word_1_485' title='bbox 865 4246 936 4303; x_wconf 92' lang='lat' dir='ltr'><strong>ad</strong></span> <span class='ocrx_word' id='word_1_486' title='bbox 968 4246 1267 4304; x_wconf 83' lang='lat' dir='ltr'><strong>dexteram</strong></span> <span class='ocrx_word' id='word_1_487' title='bbox 1290 4246 1478 4304; x_wconf 90' lang='lat' dir='ltr'><strong>Patris</strong></span> <span class='ocrx_word' id='word_1_488' title='bbox 1507 4246 1869 4308; x_wconf 61' lang='lat' dir='ltr'><strong>consideat-‚⁴³</strong></span> <span class='ocrx_word' id='word_1_489' title='bbox 1932 4224 2043 4344; x_wconf 61' lang='lat' dir='ltr'><strong>hog</strong></span> <span class='ocrx_word' id='word_1_490' title='bbox 2066 4226 2408 4360; x_wconf 48' lang='lat' dir='ltr'><strong>Op’usssgffiffi</strong></span> <span class='ocrx_word' id='word_1_491' title='bbox 2436 4236 2565 4360; x_wconf 48' lang='lat' dir='ltr'>(fisis</span> <span class='ocrx_word' id='word_1_492' title='bbox 2571 4309 2608 4361; x_wconf 72' lang='lat' dir='ltr'><strong>g</strong></span> <span class='ocrx_word' id='word_1_493' title='bbox 2629 4235 2722 4343; x_wconf 58' lang='lat' dir='ltr'><strong>„ag</strong></span> <span class='ocrx_word' id='word_1_494' title='bbox 2728 4234 2885 4343; x_wconf 60' lang='grc' dir='ltr'><strong>ὈΧΞ</strong></span> <span class='ocrx_word' id='word_1_495' title='bbox 2896 4219 3004 4352; x_wconf 38' lang='lat' dir='ltr'><strong>{lle</strong></span> <span class='ocrx_word' id='word_1_496' title='bbox 3005 4234 3206 4345; x_wconf 45' lang='lat' dir='ltr'><strong>{1¹12}ss</strong></span> 
     </span>
    </p>
   </div>
   <div class='ocr_carea' id='block_1_13' title="bbox 595 4335 3206 4504">
    <p class='ocr_par' dir='ltr' id='par_1_14' title="bbox 595 4335 3206 4504">
     <span class='ocr_line' id='line_1_67' title="bbox 595 4335 3206 4432; baseline -0.003 -13"><span class='ocrx_word' id='word_1_497' title='bbox 595 4336 641 4392; x_wconf 82' lang='lat' dir='ltr'>D</span> <span class='ocrx_word' id='word_1_498' title='bbox 650 4335 830 4410; x_wconf 64' lang='lat' dir='ltr'><strong>uphei</strong></span> <span class='ocrx_word' id='word_1_499' title='bbox 847 4335 984 4393; x_wconf 67' lang='lat' dir='ltr'><strong>hnic</strong></span> <span class='ocrx_word' id='word_1_500' title='bbox 1005 4335 1344 4408; x_wconf 65' lang='lat' dir='ltr'><strong>quaestioni</strong></span> <span class='ocrx_word' id='word_1_501' title='bbox 1360 4336 1477 4394; x_wconf 71' lang='lat' dir='ltr'><strong>duo</strong></span> <span class='ocrx_word' id='word_1_502' title='bbox 1509 4336 1871 4412; x_wconf 61' lang='lat' dir='ltr'>respondent</span> <span class='ocrx_word' id='word_1_503' title='bbox 1936 4365 2090 4419; x_wconf 74' lang='grc'><strong>171-</strong></span> <span class='ocrx_word' id='word_1_504' title='bbox 2111 4366 2233 4432; x_wconf 84' lang='grc'>223)</span> <span class='ocrx_word' id='word_1_505' title='bbox 2255 4383 2266 4420; x_wconf 86' lang='grc'><strong>;</strong></span> <span class='ocrx_word' id='word_1_506' title='bbox 2293 4362 2362 4415; x_wconf 88' lang='lat' dir='ltr'><strong>de</strong></span> <span class='ocrx_word' id='word_1_507' title='bbox 2389 4359 2791 4416; x_wconf 85' lang='lat' dir='ltr'><strong>controversiis</strong></span> <span class='ocrx_word' id='word_1_508' title='bbox 2817 4358 3206 4414; x_wconf 80' lang='lat' dir='ltr'><strong>eucharisticis</strong></span> 
     </span>
     <span class='ocr_line' id='line_1_68' title="bbox 596 4424 3205 4504; baseline 0 -24"><span class='ocrx_word' id='word_1_509' title='bbox 596 4424 750 4482; x_wconf 89' lang='lat' dir='ltr'><strong>libri.</strong></span> <span class='ocrx_word' id='word_1_510' title='bbox 801 4424 1029 4499; x_wconf 83' lang='lat' dir='ltr'><strong>Duplex</strong></span> <span class='ocrx_word' id='word_1_511' title='bbox 1061 4427 1259 4482; x_wconf 90' lang='lat' dir='ltr'><strong>autem</strong></span> <span class='ocrx_word' id='word_1_512' title='bbox 1293 4425 1564 4499; x_wconf 88' lang='lat' dir='ltr'><strong>quaestio</strong></span> <span class='ocrx_word' id='word_1_513' title='bbox 1596 4444 1714 4484; x_wconf 90' lang='lat' dir='ltr'><strong>non</strong></span> <span class='ocrx_word' id='word_1_514' title='bbox 1748 4428 1874 4482; x_wconf 76' lang='lat' dir='ltr'><strong>tam</strong></span> <span class='ocrx_word' id='word_1_515' title='bbox 1931 4434 2105 4502; x_wconf 88' lang='lat' dir='ltr'><strong>hujus</strong></span> <span class='ocrx_word' id='word_1_516' title='bbox 2133 4433 2408 4504; x_wconf 80' lang='lat' dir='ltr'><strong>temporis</strong></span> <span class='ocrx_word' id='word_1_517' title='bbox 2434 4432 2809 4487; x_wconf 86' lang='lat' dir='ltr'><strong>Mabillon</strong></span> <span class='ocrx_word' id='word_1_518' title='bbox 2836 4431 2898 4484; x_wconf 89' lang='lat' dir='ltr'><strong>in</strong></span> <span class='ocrx_word' id='word_1_519' title='bbox 2927 4430 3087 4486; x_wconf 78' lang='lat' dir='ltr'><strong>Actia</strong></span> <span class='ocrx_word' id='word_1_520' title='bbox 3122 4431 3205 4485; x_wconf 82' lang='lat' dir='ltr'><strong>SS.</strong></span> 
     </span>
    </p>
   </div>
   <div class='ocr_carea' id='block_1_14' title="bbox 595 4502 3205 4678">
    <p class='ocr_par' dir='ltr' id='par_1_15' title="bbox 595 4502 3205 4678">
     <span class='ocr_line' id='line_1_69' title="bbox 596 4502 3204 4590; baseline -0.003 -20"><span class='ocrx_word' id='word_1_521' title='bbox 596 4515 866 4571; x_wconf 88' lang='lat' dir='ltr'><strong>versatur</strong></span> <span class='ocrx_word' id='word_1_522' title='bbox 926 4513 1079 4570; x_wconf 87' lang='lat' dir='ltr'><strong>circa</strong></span> <span class='ocrx_word' id='word_1_523' title='bbox 1129 4514 1425 4590; x_wconf 88' lang='lat' dir='ltr'><strong>dogmatis</strong></span> <span class='ocrx_word' id='word_1_524' title='bbox 1477 4514 1747 4573; x_wconf 90' lang='lat' dir='ltr'><strong>catholici</strong></span> <span class='ocrx_word' id='word_1_525' title='bbox 1799 4513 1872 4571; x_wconf 89' lang='lat' dir='ltr'><strong>de</strong></span> <span class='ocrx_word' id='word_1_526' title='bbox 1929 4507 1992 4557; x_wconf 82' lang='lat'><strong>0·</strong></span> <span class='ocrx_word' id='word_1_527' title='bbox 2012 4510 2064 4560; x_wconf 74' lang='lat' dir='ltr'><strong>S·</strong></span> <span class='ocrx_word' id='word_1_528' title='bbox 2088 4505 2150 4557; x_wconf 85' lang='lat' dir='ltr'><strong>B·</strong></span> <span class='ocrx_word' id='word_1_529' title='bbox 2176 4505 2265 4567; x_wconf 65' lang='lat' dir='ltr'><strong>VI,</strong></span> <span class='ocrx_word' id='word_1_530' title='bbox 2292 4510 2571 4564; x_wconf 85' lang='lat'>81—130;</span> <span class='ocrx_word' id='word_1_531' title='bbox 2599 4504 2628 4557; x_wconf 87' lang='lat' dir='ltr'>J</span> <span class='ocrx_word' id='word_1_532' title='bbox 2636 4547 2647 4558; x_wconf 85' lang='lat'><strong>·</strong></span> <span class='ocrx_word' id='word_1_533' title='bbox 2677 4503 2720 4556; x_wconf 88' lang='grc' dir='ltr'>Ε</span> <span class='ocrx_word' id='word_1_534' title='bbox 2738 4521 2820 4556; x_wconf 81' lang='lat' dir='ltr'><strong>ru</strong></span> <span class='ocrx_word' id='word_1_535' title='bbox 2837 4505 2905 4557; x_wconf 72' lang='lat'><strong>³¹⁵</strong></span> <span class='ocrx_word' id='word_1_536' title='bbox 2928 4502 3022 4557; x_wconf 84' lang='lat' dir='ltr'><strong>die</strong></span> <span class='ocrx_word' id='word_1_537' title='bbox 3034 4502 3204 4584; x_wconf 49' lang='lat' dir='ltr'><strong>Igehfe</strong></span> 
     </span>
     <span class='ocr_line' id='line_1_70' title="bbox 595 4574 3205 4678; baseline -0.009 -29"><span class='ocrx_word' id='word_1_538' title='bbox 595 4601 951 4660; x_wconf 64' lang='lat' dir='ltr'><strong>eucharistia</strong></span> <span class='ocrx_word' id='word_1_539' title='bbox 1027 4602 1440 4672; x_wconf 54' lang='lat' dir='ltr'><strong>substantiam,</strong></span> <span class='ocrx_word' id='word_1_540' title='bbox 1507 4622 1701 4678; x_wconf 55' lang='lat' dir='ltr'><strong>quam,</strong></span> <span class='ocrx_word' id='word_1_541' title='bbox 1767 4603 1873 4660; x_wconf 63' lang='lat' dir='ltr'><strong>hac</strong></span> <span class='ocrx_word' id='word_1_542' title='bbox 1930 4576 2028 4630; x_wconf 86' lang='lat' dir='ltr'><strong>des</strong></span> <span class='ocrx_word' id='word_1_543' title='bbox 2055 4578 2110 4630; x_wconf 88' lang='lat' dir='ltr'><strong>h.</strong></span> <span class='ocrx_word' id='word_1_544' title='bbox 2140 4576 2198 4632; x_wconf 91' lang='lat' dir='ltr'><strong>P.</strong></span> <span class='ocrx_word' id='word_1_545' title='bbox 2225 4576 2549 4629; x_wconf 80' lang='lat' dir='ltr'><strong>Radbertus</strong></span> <span class='ocrx_word' id='word_1_546' title='bbox 2576 4592 2689 4629; x_wconf 77' lang='lat' dir='ltr'><strong>von</strong></span> <span class='ocrx_word' id='word_1_547' title='bbox 2716 4575 2816 4628; x_wconf 89' lang='lat' dir='ltr'><strong>der</strong></span> <span class='ocrx_word' id='word_1_548' title='bbox 2833 4574 3205 4634; x_wconf 76' lang='lat' dir='ltr'><strong>Eucharistie,</strong></span> 
     </span>
    </p>
   </div>
   <div class='ocr_carea' id='block_1_15' title="bbox 596 4649 3204 4790">
    <p class='ocr_par' dir='ltr' id='par_1_16' title="bbox 596 4649 3204 4790">
     <span class='ocr_line' id='line_1_71' title="bbox 596 4649 3204 4790; baseline 0.001 -26"><span class='ocrx_word' id='word_1_549' title='bbox 596 4689 872 4759; x_wconf 80' lang='lat' dir='ltr'><strong>admissa,</strong></span> <span class='ocrx_word' id='word_1_550' title='bbox 906 4690 1175 4763; x_wconf 61' lang='lat' dir='ltr'><strong>sequeus</strong></span> <span class='ocrx_word' id='word_1_551' title='bbox 1207 4692 1408 4765; x_wconf 73' lang='lat' dir='ltr'><strong>potius</strong></span> <span class='ocrx_word' id='word_1_552' title='bbox 1440 4692 1637 4767; x_wconf 78' lang='lat' dir='ltr'><strong>tangit</strong></span> <span class='ocrx_word' id='word_1_553' title='bbox 1666 4696 1727 4750; x_wconf 77' lang='lat' dir='ltr'><strong>et</strong></span> <span class='ocrx_word' id='word_1_554' title='bbox 1747 4709 1871 4749; x_wconf 83' lang='lat'>1110·</span> <span class='ocrx_word' id='word_1_555' title='bbox 1931 4649 2479 4790; x_wconf 46' lang='lat' dir='ltr'><strong>Frssssdifgfllssff&#39;ut.</strong></span> <span class='ocrx_word' id='word_1_556' title='bbox 2529 4718 2595 4783; x_wconf 82' lang='lat' dir='ltr'><strong>v,</strong></span> <span class='ocrx_word' id='word_1_557' title='bbox 2648 4722 2963 4778; x_wconf 71' lang='lat'>332—35‘2:</span> <span class='ocrx_word' id='word_1_558' title='bbox 3028 4714 3204 4770; x_wconf 74' lang='lat' dir='ltr'><strong>zeck</strong></span> 
     </span>
    </p>
   </div>
   <div class='ocr_carea' id='block_1_16' title="bbox 599 4777 2462 4853">
    <p class='ocr_par' dir='ltr' id='par_1_17' title="bbox 599 4777 2462 4853">
     <span class='ocr_line' id='line_1_72' title="bbox 599 4777 2462 4853; baseline 0.006 -22"><span class='ocrx_word' id='word_1_559' title='bbox 599 4777 740 4834; x_wconf 85' lang='lat' dir='ltr'><strong>dum</strong></span> <span class='ocrx_word' id='word_1_560' title='bbox 772 4778 1068 4851; x_wconf 86' lang='lat' dir='ltr'><strong>loquendi.</strong></span> <span class='ocrx_word' id='word_1_561' title='bbox 1132 4779 1335 4837; x_wconf 88' lang='lat' dir='ltr'><strong>Utitur</strong></span> <span class='ocrx_word' id='word_1_562' title='bbox 1374 4779 1616 4853; x_wconf 89' lang='lat' dir='ltr'><strong>quidem</strong></span> <span class='ocrx_word' id='word_1_563' title='bbox 1647 4780 1871 4839; x_wconf 88' lang='lat' dir='ltr'><strong>formu·</strong></span> <span class='ocrx_word' id='word_1_564' title='bbox 1928 4789 2040 4844; x_wconf 90' lang='lat' dir='ltr'><strong>KL.</strong></span> <span class='ocrx_word' id='word_1_565' title='bbox 2069 4792 2134 4853; x_wconf 81' lang='lat' dir='ltr'><strong>X,</strong></span> <span class='ocrx_word' id='word_1_566' title='bbox 2160 4795 2263 4845; x_wconf 80' lang='grc'><strong>802</strong></span> <span class='ocrx_word' id='word_1_567' title='bbox 2281 4794 2462 4846; x_wconf 80' lang='grc'>-807,</span> 
     </span>
    </p>
   </div>
  </div>
 </body>
</html>
