3505 5161
1417 192 1474 243 et
1499 188 1867 244 Bettholdus.
2788 206 2950 260 1038

344 211 363 262 1
384 208 505 262 037

441 386 583 440 580.
634 377 1024 452 Praecipuum
1082 378 1283 434 tamen
1333 376 1616 435 Bernoldi
1672 373 1949 433 interfuit
2008 374 2235 450 synodo
2289 393 2567 434 romanae
2636 384 2817 445 1079,
2882 376 2955 433 ab

335 484 484 543 opus
516 471 696 541 atque
726 484 835 541 pro
866 465 1119 524 historia
1148 465 1314 523 illius
1335 465 1615 542 temporis
1674 463 1892 522 Ottone
1924 482 2013 539 ep.
2048 463 2296 522 ostiensi
2331 467 2391 521 et
2422 465 2619 540 legato
2651 463 2954 539 pontificio

334 555 649 613 admodum
693 553 1023 630 pretiosum
1067 558 1158 613 est
1203 555 1332 629 ejus
1370 554 1613 614 Chroni-
1671 551 1983 611 ordinatus
2016 555 2109 610 est
2140 552 2453 629 presbyter
2483 556 2954 628 potestatemque

332 663 435 704 con
497 644 582 702 ita
642 646 1064 719 comparatum,
1134 646 1207 702 ut
1268 643 1616 721 Necrologio
1670 641 1900 718 accepit
1929 641 2297 717 suscipiendi
2335 642 2664 718 apostolica
2694 642 2954 701 auctori-

333 733 670 810 praemissO,
722 733 818 791 cui
868 735 1005 809 post
1054 734 1415 809 completum
1466 752 1615 809 opus
1668 733 1795 789 tate
1825 731 2219 807 poenitentes,
2287 731 2533 791 Coactus
2565 734 2765 789 tamen
2796 735 2891 790 est
2921 751 2954 789 a

331 822 677 898 pontificum
698 840 1073 881 romanorum
1104 823 1441 898 catalogum
1475 823 1614 882 sub·
1671 819 2184 878 schismaticorum
2205 819 2458 880 factione
2478 820 2826 880 Constantia
2856 838 2953 878 ex-

322 912 489 988 jecit,
535 911 792 988 primum
828 911 1027 971 Bedae
1051 912 1379 972 Chronicon
1411 911 1482 970 de
1513 931 1611 971 sex
1669 909 1893 972 cedere.
1958 908 2030 967 In
2075 909 2423 968 coenobium
2469 928 2516 968 s.
2547 909 2731 968 Blasii
2764 927 2826 967 se
2857 928 2952 967 re-

331 1000 631 1059 aetatibus
649 1000 859 1059 mundi
879 1000 1251 1073 exscriberet,
1285 1004 1417 1059 tum
1438 1001 1612 1059 Heri·
1669 998 1858 1074 cepit:
1894 999 1993 1057 sed
2027 1015 2163 1057 cum
2194 1001 2367 1057 aucto
2387 999 2807 1057 monachorum
2840 1016 2953 1056 nu-

332 1089 535 1149 manni
592 1083 942 1171 (contracti)
1005 1090 1277 1150 chronico
1339 1090 1613 1167 decerpto
1669 1106 1830 1146 mero
1853 1087 2056 1162 plures
2076 1086 2216 1145 inde
2235 1088 2497 1147 coloniae
2516 1088 2632 1146 alia
2662 1087 2728 1145 in
2748 1105 2952 1146 mona-

331 1179 613 1238 historiae
645 1177 814 1236 filum
846 1178 985 1237 inde
1018 1198 1051 1236 a
1083 1179 1312 1238 Christo
1344 1197 1403 1242 n.
1420 1198 1613 1255 usque
1668 1176 1854 1235 steria
1883 1176 2337 1245 deducerentur,
2375 1177 2505 1253 ipse
2536 1175 2953 1235 Schafhusiam

331 1269 405 1328 ad
436 1288 486 1328 a.
527 1278 691 1333 1054
727 1285 796 1325 ex
829 1267 1010 1326 variis
1058 1269 1422 1334 auctoribus.
1464 1288 1612 1345 pau·
1668 1265 1730 1323 in
1765 1266 2195 1324 monasterium
2237 1284 2282 1324 s.
2315 1266 2639 1325 Salvatoris
2670 1265 2953 1323 transmi-

333 1358 415 1417 cis
460 1356 699 1426 additis,
746 1356 1067 1416 deduceret
1109 1357 1258 1433 ipsis
1303 1361 1612 1418 auctorum
1666 1354 1864 1431 gravit
1912 1354 2240 1429 stilumque
2282 1354 2522 1413 nonnisi
2566 1373 2634 1414 eo
2679 1354 2955 1430 deposuit

334 1446 527 1506 verbis
570 1445 926 1521 plerumque
975 1464 1124 1506 usus
1168 1451 1230 1506 et
1273 1466 1431 1507 nexu
1476 1466 1610 1506 sen·
1664 1461 1838 1515 anno,
1872 1462 1990 1518 quo
2022 1443 2342 1503 defunctus
2373 1444 2544 1520 est1).

331 1535 656 1594 tentiarum
687 1538 935 1593 servato.
1002 1536 1184 1595 Plane
1228 1537 1344 1595 alia
1383 1537 1610 1596 ratione

331 1625 471 1683 inde
516 1623 866 1699 praesertim
912 1624 986 1682 ab
1031 1644 1080 1685 a.
1123 1635 1285 1689 1074
1327 1626 1608 1701 procedit.

333 1714 482 1772 Nam
526 1714 636 1772 hac
678 1712 817 1771 libri
849 1715 1016 1789 parte
1047 1714 1277 1773 nullius
1310 1715 1476 1774 ducis
1510 1734 1608 1773 ve-

333 1803 512 1880 stigia
542 1802 718 1878 legit:
764 1802 1007 1878 adjutus
1038 1820 1177 1861 vero
1210 1803 1467 1879 publicis
1499 1804 1607 1862 Ec-

330 1892 540 1951 clesiae
572 1891 880 1967 imperiive
925 1892 1326 1951 monumentis
1375 1896 1436 1952 et
1482 1893 1607 1968 epi-

332 1981 505 2040 stolis
536 1980 801 2056 Gregorii
833 1979 960 2042 VII.
992 1999 1103 2051 ree,
1137 2000 1256 2056 quo
1287 2000 1442 2041 anno
1473 2001 1607 2041 con-

1760 1630 1904 1684 581.
1951 1621 2045 1678 Ab
2091 1639 2161 1680 eo
2208 1621 2505 1699 distingui
2552 1616 2790 1704 debet2)
2823 1621 2952 1694 ejus

1665 1710 1931 1786 aequalis
1976 1710 2459 1769 Bertholdus
2507 1710 2569 1773 Ο.
2613 1710 2671 1774 S,
2702 1710 2842 1769 Ben.
2889 1710 2953 1767 in

1665 1798 1946 1858 coenobio
1990 1798 2201 1858 divitis
2230 1799 2459 1876 Augiae
2505 1798 2728 1874 pariter
2763 1798 2954 1857 histo-

1665 1888 2040 1965 riographus,
2075 1907 2285 1947 causae
2307 1887 2576 1966 Gregorii
2598 1887 2705 1946 VII
2726 1906 2793 1945 ex
2824 1887 2952 1945 ani-

1665 1996 1762 2036 mo
1779 1977 2069 2049 addictuS,
2087 1977 2439 2036 Herimanni
2455 1976 2759 2053 augiensis
2776 1974 2952 2034 disci-

333 2070 600 2146 tigerunt
643 2070 737 2128 vel
784 2068 841 2127 ei
883 2069 1296 2139 innotuerunt,
1344 2072 1610 2149 neglecto
1663 2064 2953 2142 pulusetamicus,quimagistridilectissimi

338 2158 690 2217 narrationis
742 2161 975 2227 ornatu,
1030 2161 1385 2219 successive-
1406 2166 1468 2220 et
1515 2179 1609 2219 ac-

338 2249 533 2305 curate
551 2247 744 2306 literis
764 2246 1016 2306 tradidit
1046 2266 1240 2325 usque
1271 2248 1345 2308 ad
1381 2260 1436 2313 3.
1458 2252 1610 2326 Aug.

334 2357 381 2394 a.
424 2348 586 2399 1100
623 2336 904 2412 (decessit
947 2355 1087 2395 vero
1132 2357 1287 2408 mox,
1335 2339 1457 2398 scil.
1513 2350 1608 2402 16.

333 2426 492 2502 Sept.
525 2425 792 2500 ejusdem
825 2420 924 2505 a.),
965 2444 1083 2500 qua
1112 2427 1176 2486 in
1206 2431 1375 2504 parte
1406 2446 1610 2486 narra-

329 2514 549 2573 tionem
586 2515 834 2590 justam,
879 2515 1252 2588 succinctam,
1278 2517 1446 2576 nullo
1477 2516 1612 2576 fuco

327 2605 632 2664 turbatam
651 2604 1019 2664 laudaveris:
1053 2625 1159 2681 per
1188 2609 1384 2665 totum
1410 2610 1611 2665 tamen

327 2694 510 2770 hujus
540 2693 770 2770 periodi
803 2693 1118 2753 decursum
1158 2695 1476 2754 acerrimus
1509 2695 1611 2753 de-

326 2787 624 2842 cretorum
675 2782 948 2858 Gregorii
997 2783 1123 2846 VH.
1173 2786 1378 2841 contra
1427 2784 1608 2842 simo-

326 2872 548 2942 niacos,
607 2874 814 2930 contra
874 2872 1113 2930 clericos
1170 2872 1609 2931 incontinentes

327 2965 391 3018 et
451 2960 840 3020 investituras
890 2960 1177 3020 laicorum
1227 2961 1500 3020 deffensor
1549 2964 1611 3020 et

326 3053 736 3126 propugnator
768 3049 1025 3110 eisistit.
1091 3049 1424 3108 Ediderunt
1453 3050 1608 3108 illud

326 3143 563 3213 praeter
606 3138 754 3196 alios
802 3138 1268 3197 Ussermann
1314 3139 1374 3197 in
1415 3140 1607 3198 Germ.

327 3246 526 3286 sacrae
560 3226 755 3302 prodr.
788 3228 863 3298 II,
915 3235 1209 3292 3—178:
1258 3227 1496 3286 Waitz
1546 3227 1609 3286 in

326 3316 455 3379 MG.
487 3315 583 3373 SS.
618 3316 684 3385 V.
736 3325 1117 3387 385—4673
1164 3317 1415 3393 Migne
1447 3318 1508 3375 P.
1541 3317 1608 3381 L.

325 3404 625 3475 CXLVIII,
673 3404 780 3463 ubi
825 3425 881 3481 p.
935 3416 1367 3469 1057-1460
1417 3407 1610 3465 multa

327 3494 629 3553 Bernoldi‘
655 3512 834 3570 opera
876 3495 1262 3565 exhibentur3
1309 3495 1611 3554 Thaner

327 3601 418 3658 op.
453 3601 636 3657 supra
666 3585 764 3647 cit.
810 3618 897 3626 —
942 3581 1066 3659 Ipsi
1099 3584 1335 3642 demum
1368 3583 1609 3643 videtur

324 3673 493 3746 juxta
524 3671 684 3730 viros
704 3672 940 3731 criticos
959 3673 1316 3731 recentiores
1337 3673 1608 3731 tribuen-

332 3760 441 3819 dus
491 3760 720 3819 celeber
768 3762 830 3819 et
877 3762 1213 3835 praeclarus
1262 3761 1610 3838 Microloyus

331 3848 402 3908 de
448 3849 865 3908 ecclesiasticis
929 3849 1449 3909 observationibus
1504 3869 1610 3909 seu

330 3939 618 4015 expositio
639 3937 928 4013 quaedam
963 3956 1007 4001 s.
1040 3938 1338 4014 liturgiae,
1374 3940 1435 3997 in
1463 3939 1608 3998 bibl.

325 4047 474 4086 max.
495 4028 618 4103 lug.
640 4027 849 4098 XVIII,
886 4037 1010 4089 469
1045 4045 1152 4096 se.;
1186 4028 1440 4105 Migne
1472 4027 1604 4097 CLI,

330 4126 407 4178 97
419 4126 743 4185 4-—1022‚
796 4119 857 4174 et
889 4116 1131 4174 seorsim
1166 4135 1337 4193 saepe
1368 4116 1608 4193 prodiit.

326 4207 471 4282 Agit
503 4205 566 4264 in
599 4223 665 4263 eo
699 4205 995 4264 succincte
1027 4205 1286 4280 quidem,
1335 4206 1437 4264 sed
1484 4225 1607 4265 me-

323 4294 561 4353 thodice
607 4297 667 4352 et
710 4293 902 4352 nitide
948 4293 1019 4352 de
1064 4295 1247 4353 missa
1277 4295 1510 4371 privata
1549 4298 1611 4353 et

1665 2156 1853 2214 vitam
1875 2173 2093 2232 magno
2113 2174 2248 2214 cum
2263 2156 2478 2214 affectu
2493 2154 2731 2231 scripsit
2748 2149 2951 2237 (quam

1667 2325 1722 2378 M
1742 2343 1774 2380 o
1793 2326 1914 2379 rin
1942 2325 2134 2380 Revue
2153 2325 2366 2379 Rened.
2384 2325 2534 2387 VIII,
2561 2332 2665 2382 385
2684 2346 2697 2385 z
2726 2323 2767 2377 F
2783 2342 2811 2377 r
2827 2340 2860 2376 a
2877 2341 2953 2376 nz

1667 2396 1759 2451 die
1789 2397 1967 2451 Messe
1994 2396 2073 2450 im
2102 2397 2418 2451 deutschen
2444 2396 2591 2461 MA„
2619 2413 2750 2466 pag.
2780 2402 2953 2451 414-—

1747 2543 1782 2611 ¹)
1812 2540 1894 2594 Cf.
1924 2539 1960 2594 S
1977 2556 2007 2593 c
2023 2540 2060 2593 h
2079 2556 2118 2593 u
2138 2538 2159 2592 l
2176 2557 2203 2593 z
2221 2555 2250 2593 e
2268 2558 2306 2593 n
2351 2539 2420 2593 de
2447 2536 2717 2594 Bernoldi
2745 2539 2803 2592 et
2827 2537 2955 2591 Ber-

1669 2611 1856 2666 tholdi
1882 2609 2168 2665 chronicis
2194 2610 2331 2665 diss.
2357 2611 2515 2674 hist..
2532 2610 2922 2665 Bonnae1867
2943 2631 2954 2666 z

1666 2681 1727 2735 Ε.
1757 2684 1791 2736 S
1812 2682 2006 2736 trela
2024 2700 2061 2735 u
2139 2681 2325 2737 Leben
2403 2682 2520 2735 und
2585 2680 2795 2735 Werke
2857 2681 2955 2733 des

1667 2752 1937 2807 Mouches
1963 2751 2024 2805 B.
2066 2769 2178 2806 von
2219 2752 2297 2807 St.
2325 2752 2570 2816 Blasien,
2611 2752 2756 2807 Jena
2789 2756 2954 2812 1889;

1667 2823 1911 2877 Waitz
1954 2824 2018 2876 in
2059 2823 2278 2877 observ.
2318 2824 2571 2895 praeviis
2614 2823 2703 2877 ed.
2729 2839 2864 2876 suae
2891 2822 2954 2875 in

1666 2894 1818 2950 Mon.
1862 2894 1928 2948 G.
1974 2912 2076 2949 scr.
2104 2894 2171 2958 V,
2198 2902 2302 2952 3ξῦ
2347 2894 2620 2964 (Migne
2661 2893 2953 2957 CXLV111‚

1673 2970 2073 3037 1275—1285);
2113 2965 2155 3018 L
2175 2966 2515 3020 atolfKL.
2543 2966 2611 3029 11,
2639 2971 2953 3024 451—453;

1666 3037 2301 3100 wattenbachius,
2331 3036 2536 3104 1V57.
2895 3073 2901 3080 .

1740 3117 1784 3177 ²)
1813 3108 2107 3179 Distingui
2130 3107 2301 3162 debet
2319 3108 2494 3161 etiam
2515 3123 2549 3160 a
2575 3106 2620 3159 B
2638 3123 2667 3160 e
2683 3124 2711 3158 r
2726 3125 2765 3158 n
2782 3104 2901 3159 old
2921 3123 2953 3160 o

1666 3181 1995 3251 praeposito
2073 3178 2377 3232 watinensi
2447 3178 2705 3251 (Watten
2775 3193 2954 3247 prope

1666 3253 1746 3306 St.
1777 3252 1983 3323 Omer),
2013 3250 2115 3320 qui
2145 3253 2280 3303 ante
2313 3255 2440 3306 1091
2476 3249 2709 3318 scripsit
2729 3251 2955 3305 Chr-om·-

1665 3344 1780 3378 cam
1807 3326 2125 3377 monasterii
2146 3325 2469 3391 watinensis,
2516 3337 2666 3390 quae
2691 3321 2827 3374 olim
2857 3319 2954 3372 tri·

1668 3395 1953 3449 buebatur
1981 3393 2023 3445 E
2042 3395 2078 3447 b
2093 3409 2122 3446 e
2139 3411 2167 3446 r
2182 3409 2217 3446 a
2231 3411 2259 3446 r
2276 3392 2312 3446 d
2331 3410 2363 3448 o
2391 3392 2670 3445 monacho
2698 3390 2953 3460 ejusdem

1665 3465 2013 3520 monasterii.
2066 3464 2266 3518 Exstat
2312 3462 2373 3517 in
2426 3463 2481 3515 M
2499 3479 2533 3516 a
2549 3480 2578 3516 r
2592 3466 2617 3516 t
2633 3480 2661 3517 e
2676 3481 2712 3515 n
2730 3479 2758 3515 e
2810 3462 2953 3515 thes.

1665 3537 1862 3591 anecd.
1882 3537 1976 3600 Ill,
1994 3541 2257 3595 798-830:
2284 3534 2341 3588 Μ
2359 3534 2380 3589 i
2395 3554 2433 3605 g
2450 3554 2488 3588 n
2504 3551 2532 3589 e
2561 3533 2621 3587 P.
2640 3533 2699 3587 L.
2717 3532 2953 3599 CXLIX,

1671 3613 2039 3671 1513-1532,
2091 3624 2223 3661 cum
2273 3605 2602 3660 narratione
2654 3605 2952 3674 cujusdam

1666 3679 1927 3732 miraculi
1968 3678 2043 3732 ib.
2085 3697 2141 3748 p.
2182 3683 2564 3737 1532—15462
2606 3677 2669 3730 in
2710 3676 2837 3731 MG.
2862 3677 2953 3731 SS.

1666 3751 1814 3816 XIV,
1836 3753 2112 3806 163—-175
2131 3762 2248 3804 cur.
2271 3747 2951 3818 Holder·Egger.—-

1667 3821 1835 3875 Alius
1878 3838 2105 3890 quoque
2152 3822 2226 3874 ab
2272 3836 2336 3874 eo
2376 3822 2462 3874 est
2500 3819 2545 3872 B
2562 3836 2591 3873 e
2608 3837 2637 3872 r
2653 3822 2679 3873 t
2694 3821 2730 3871 h
2750 3819 2870 3873 old
2888 3835 2955 3871 us

1665 3893 1981 3947 monachus
2034 3890 2340 3946 werdensis
2381 3894 2581 3962 (1118),
2626 3889 2761 3944 dein
2806 3890 2954 3944 alius

1666 3963 1780 4019 loci
1807 3963 2042 4028 suevici,
2070 3962 2172 4031 qui
2198 3963 2259 4016 in
2285 3964 2497 4017 terram
2526 3979 2567 4014 s.
2597 3961 2874 4028 migravit
2896 3964 2955 4013 et

1667 4034 1788 4099 GP..
1818 4035 1968 4088 unde
1997 4034 2277 4102 quaedam
2305 4031 2535 4103 scripsit
2553 4032 2626 4086 ad
2648 4032 2955 4087 Theodori-

1668 4123 1800 4160 cum
1827 4107 1896 4160 de
1924 4106 1975 4160 le
2056 4105 2211 4160 tione
2237 4104 2546 4159 Wernheri
2573 4120 2661 4173 ep.
2706 4103 2951 4185 argenti-

1666 4178 1859 4232 nensis
1880 4182 1938 4230 et
1954 4124 2284 4248 fflnegoldi
2306 4173 2954 4244 constantinopolitana,

1667 4267 1782 4318 quo
1835 4248 1896 4302 in
1941 4249 2153 4319 scripto
2202 4247 2483 4316 quaedam
2525 4263 2659 4300 vera
2698 4249 2757 4301 et
2796 4245 2952 4299 haud

1667 4320 1986 4392 spernenda.
2031 4319 2325 4390 leguntur,
2376 4316 2624 4388 plurima
2675 4317 2952 4380 fabulosa,

325 4383 592 4458 publica,
647 4382 718 4441 de
768 4383 1088 4458 breviariO,
1133 4385 1366 4460 jejunio
1417 4384 1609 4460 deque
1666 4392 1852 4445 multa
1897 4391 2074 4445 dubia
2121 4393 2256 4445 sunt
2300 4391 2566 4460 prompto
2608 4390 2666 4443 et
2704 4389 2951 4443 facundo

326 4475 456 4531 toto
506 4491 660 4531 anno
718 4472 1115 4531 ecclesiastico
1132 4468 1199 4554 ¹).
1279 4473 1610 4532 Bernoldus
1668 4479 1928 4517 Serffl‘me
1959 4461 2247 4531 exposissffl
2277 4459 2337 4513 in
2365 4477 2430 4514 ΕΟ
2459 4461 2669 4523 narra-¹²⁹
2696 4463 2953 4529 quomodo

1664 4538 1840 4603 portio
1884 4553 1925 4588 s.
1970 4538 2158 4588 Crucis
2211 4535 2483 4586 Werdeam
2542 4530 2951 4602 Donauworth)

1659 4608 1964 4674 pervenerit
2002 4622 2051 4657 a.
2085 4612 2238 4669 1028,
2279 4602 2337 4656 in
2371 4602 2494 4656 ΜΘ.
2525 4640 2540 4654 .
2575 4602 2640 4664 V,
2669 4604 2952 4659 767—-770

408 4681 443 4744 ¹)
472 4675 555 4730 Cf.
584 4675 944 4732 Baeumer
983 4676 1053 4730 N.
1081 4677 1251 4730 Arch.
1280 4677 1335 4729 d.
1363 4675 1488 4731 Ges.
1517 4677 1611 4730 fiir
1666 4677 1752 4731 ed.
1779 4675 2365 4746 Holder·Egger;
2395 4672 2651 4729 Oefele
2679 4690 2785 4727 rer.
2807 4672 2950 4728 boio.

326 4754 378 4801 a.
406 4749 459 4801 d.
489 4747 883 4803 Geschiehtsk.
918 4755 1053 4806 1893
1080 4747 1279 4813 XVlll,
1308 4755 1608 4807 429—446;
1667 4748 1762 4803 SS.
1791 4748 1833 4812 Ι,
1861 4752 2163 4804 332—336.
2284 4784 2287 4787 -
