3505 5161
591 238 755 290 1019
1103 222 1467 297 1951—1073.
1494 220 1808 292 Scriptores
1835 221 2036 276 orient.
2064 222 2151 276 Jo.
2181 220 2479 286 Euchaita,
2514 221 2673 277 Nico.

3026 239 3169 293 1020

579 405 958 483 phlagonius,
997 405 1367 481 aliquamdiu
1396 407 1461 465 in
1491 406 1866 466 instituenda
1918 406 2118 465 christ.
2157 418 2208 478 1,
2246 418 2390 477 645,
2423 408 2818 483 pastoralibus
2849 406 3174 467 muneribus

568 498 901 573 juventute
933 495 1037 553 ΟΡ.
1085 500 1426 572 occupatus,
1475 496 1613 555 dein
1659 515 1861 555 mona·
1917 496 2214 567 excelluit,
2262 501 2333 555 ut
2372 496 2643 573 quamvis
2674 515 2793 555 non
2825 497 3061 572 politica
3086 498 3176 554 ad·

584 586 730 644 chus
778 585 843 642 in
892 584 1249 643 monasterio
1282 585 1692 644 Chiliokomon
1740 603 1861 643 non
1919 585 2159 644 modum
2193 590 2300 645 aut
2340 585 2590 644 seculari
2623 585 2888 657 scientia,
2932 588 3179 645 attamen

583 675 845 733 multum
884 673 1093 732 dissito
1139 674 1211 732 ab
1257 673 1406 732 urbe
1437 674 1611 733 Ponti
1644 674 1861 733 Amiso.
1918 675 2273 749 eloquentia,
2309 693 2460 750 quae
2492 673 2566 733 ad
2587 675 2867 733 Isocratis
2899 675 3177 733 characte-

582 764 798 823 Factus
848 767 938 822 est
985 763 1295 838 episcopus
1341 781 1447 822 seu
1488 763 1865 839 metropolita
1919 782 2043 822 rem
2085 764 2406 833 accederet,
2448 763 2819 839 philosophia
2848 764 3183 839 praesertim

583 852 919 911 Euchaniae
951 870 1058 911 seu
1076 851 1398 911 Euchaitae
1431 853 1591 929 (hinc
1622 857 1684 912 et
1714 853 1760 911 Ε
1778 871 1862 910 u·
1917 852 2239 913 christiana
2268 870 2335 912 ac
2364 852 2666 930 theologia
2691 854 2777 911 ita
2795 853 3087 921 claruerit,
3118 857 3182 911 ut

576 942 845 1001 chaita
875 939 1351 1023 cognominatus)
1387 942 1784 1018 Helenoponti
1815 960 1861 1004 c.
1917 942 2238 1018 Gregorius
2286 937 2460 1022 (naz.)
2507 942 2659 1000 alter
2704 959 2832 1001 esse
2879 942 3185 1001 videretur.

578 1052 635 1089 a.
667 1040 824 1093 1047
858 1030 954 1088 vel
977 1030 1103 1105 jam
1122 1033 1312 1101 antea,
1345 1034 1407 1089 et
1437 1031 1591 1089 obiit
1620 1050 1665 1094 c.
1696 1041 1857 1095 1054
1916 1065 2004 1074 -
2053 1031 2319 1106 Denique
2369 1031 2485 1089 huc
2542 1031 2693 1090 sorte
2742 1030 2950 1090 referri
2998 1033 3187 1107 potest

584 1121 680 1179 vel
710 1138 830 1179 non
862 1119 967 1176 diu
998 1122 1216 1194 postea.
1282 1119 1545 1196 Insignis
1576 1120 1697 1178 fuit
1726 1121 1860 1179 rbe-
1920 1119 2107 1179 Nico
2138 1120 2457 1178 monachus
2475 1118 2809 1190 raithensis‚
2830 1120 2936 1195 qui
2955 1137 3002 1178 c.
3030 1130 3183 1182 1060

579 1212 679 1268 tor
708 1213 770 1267 et
800 1212 973 1285 poeta
990 1202 1055 1288 ¹).
1103 1208 1366 1283 Reliquit
1398 1210 1656 1267 carmina
1687 1209 1865 1284 plura
1920 1208 2033 1267 sub
2049 1208 2437 1268 Constantino
2458 1210 2620 1268 Duca
2639 1209 2857 1281 floruit,
2880 1209 3052 1285 cujus
3071 1227 3189 1267 esse

585 1316 764 1367 sacra,
811 1315 1068 1372 quorum
1098 1297 1328 1373 aliquot
1358 1301 1596 1373 recepta
1626 1299 1862 1357 suntin
1921 1297 2203 1356 videntur
2250 1298 2550 1373 opuscula,
2612 1317 2764 1374 quae
2823 1297 3090 1373 alioquin
3148 1316 3188 1357 s.

584 1406 759 1446 usum
779 1386 1143 1461 liturgicum,
1177 1405 1328 1462 quae
1347 1387 1704 1462 prodierunt
1722 1406 1864 1446 cura
1919 1386 2226 1456 Niconi,
2260 1387 2332 1445 de
2363 1406 2482 1462 quo
2510 1405 2695 1462 supra
2721 1380 2913 1470 90118.
2947 1387 3189 1463 egimuS,

582 1477 660 1534 M.
692 1474 919 1534 Busti
949 1476 1172 1534 Etonae
1211 1485 1409 1547 16103
1441 1495 1578 1535 cum
1611 1478 1865 1550 epistolis
1920 1475 2107 1535 tribui
2158 1477 2352 1535 solent
2366 1472 2449 1556 1):
2500 1476 2838 1552 cujusmodi
2886 1480 3060 1534 sunt:
3110 1476 3192 1534 De

574 1568 646 1624 -et
676 1565 1033 1624 mationibus
1064 1583 1204 1623 cura
1234 1565 1498 1642 Bollig
1530 1566 1586 1627 S.
1618 1565 1674 1627 J.
1707 1569 1769 1624 et
1800 1567 1864 1628 P.
1919 1567 2103 1640 impia
2133 1567 2549 1624 Armeniorum
2579 1566 2849 1640 reliqione
2892 1564 2984 1624 ed.
3032 1585 3065 1623 a
3096 1565 3194 1624 Co-

574 1653 658 1712 de
702 1654 1042 1731 Lagarde
1088 1655 1150 1711 in
1196 1672 1288 1728 op.
1328 1654 1579 1713 Joannis
1612 1654 1864 1713 Euchai-
1921 1654 2130 1713 telerio
2175 1654 2238 1712 in
2280 1656 2403 1712 not.
2448 1653 2521 1711 ad
2567 1657 2766 1729 patres
2812 1673 2904 1729 ap.
2946 1662 3108 1717 1672
3142 1674 3192 1729 p.

585 1747 783 1801 tarum
814 1743 1242 1819 metropolitae,
1277 1761 1427 1818 quae
1459 1742 1522 1801 in
1555 1744 1679 1808 cod.
1710 1744 1864 1802 vati·
1936 1751 2050 1806 152
2087 1743 2194 1806 col.
2231 1752 2384 1813 235;
2436 1742 2948 1817 Interpretatioma
2978 1744 3192 1801 divino·

576 1850 727 1890 cano
773 1850 981 1909 graeco
1030 1841 1153 1894 676
1203 1834 1526 1907 supersunt
1569 1832 1868 1895 Abhandl.
1920 1850 2057 1890 rum
2100 1833 2511 1890 mandatorum
2562 1831 2686 1890 scil.
2734 1849 2810 1890 ss.
2853 1836 3097 1907 patrum
3139 1836 3194 1890 et

576 1920 689 1978 der
721 1922 879 1979 Gott.
913 1921 1043 1979 Ges.
1085 1920 1191 1979 der
1223 1921 1573 1982 Wissensch.
1605 1922 1864 1992 XXVIII,
1922 1921 2303 1980 conciliorum
2326 1920 2763 1996 explanationes
2795 1920 2859 1979 in
2890 1925 3195 1996 praecepta

582 2010 909 2086 Gottingen
939 2018 1100 2072 1882
1129 2029 1184 2085 p.
1209 2018 1545 2079 95—218;
1579 2011 1709 2085 ejus
1740 2030 1863 2069 ser-

582 2117 674 2157 mo
706 2099 771 2157 in
803 2098 1293 2175 augustissimam
1315 2099 1598 2176 Deiparae
1618 2100 1865 2159 sanctis-

578 2188 764 2246 simae
814 2187 1227 2247 dormitionem
1276 2188 1498 2264 legitur
1545 2208 1751 2266 graece
1806 2192 1865 2248 et

585 2276 767 2335 latine
811 2277 875 2334 in
908 2276 1298 2335 Ballerini
1331 2277 1565 2354 Sylloge
1596 2296 1751 2340 mon.
1786 2279 1860 2347 II,

590 2374 971 2434 546--6023
1019 2365 1203 2424 latine
1233 2368 1473 2425 tantum
1517 2366 1581 2424 in
1613 2367 1862 2444 Migne

583 2454 699 2516 PG.
720 2453 881 2524 CXX,
926 2465 990 2517 11
1009 2465 1215 2518 60-1
1236 2463 1355 2517 188
1376 2476 1389 2524 ;
1437 2455 1571 2513 Vita
1601 2475 1646 2519 s,
1665 2457 1860 2515 Doro-

568 2543 696 2604 othei
729 2542 989 2617 junioris
1020 2543 1294 2621 magistri
1337 2545 1433 2603 sui
1470 2544 1533 2604 in
1564 2545 1729 2604 Actis
1763 2545 1860 2609 SS.

585 2644 641 2694 5.
674 2632 814 2695 Jun.
856 2644 906 2703 1,
945 2642 1325 2703 605—6143
1363 2634 1429 2692 in
1460 2633 1714 2710 Migne
1747 2635 1860 2693 PG.

581 2722 620 2779 l.
672 2742 718 2780 c.
775 2722 960 2781 latine
1009 2725 1243 2781 tantum
1295 2742 1351 2798 p.
1410 2732 1860 2787 1157—1170.

571 2810 766 2869 Juxta
802 2811 1146 2870 Psellum
1194 2812 1353 2887 apud
1402 2812 1481 2871 Le
1526 2812 1717 2881 Quien
1764 2813 1860 2874 Or.

661 3054 695 3116 ¹)
738 3051 821 3106 Cf.
873 3049 1150 3104 Dreves
1199 3050 1475 3106 Stimmen
1524 3069 1628 3105 aus
1679 3051 1860 3104 Maria

1925 2011 1989 2068 D.
2022 2010 2095 2073 N.
2129 2010 2183 2071 J.
2217 2009 2453 2080 Christi,
2501 2011 2670 2085 cujus
2702 2010 3028 2087 Prologum
3069 2014 3193 2068 tan-

1921 2104 2051 2157 tum
2112 2098 2299 2158 edidit
2361 2098 2864 2158 Montfaucon
2934 2099 2997 2157 in
3057 2099 3192 2157 bibl.

1924 2188 2085 2249 coisl.
2120 2208 2177 2262 p.
2218 2198 2338 2250 189
2373 2206 2438 2258 a„
2483 2192 2544 2247 et
2586 2188 2725 2246 inde
2756 2187 3012 2265 Migne
3043 2189 3102 2246 P.
3131 2189 3188 2249 G.

1923 2276 2199 2347 CXXVII,
2236 2286 2615 2347 513—5163
2647 2277 2716 2334 de
2744 2276 2967 2351 jejunio
2986 2278 3185 2353 Deipa-

1917 2385 2038 2441 rae‚
2073 2384 2143 2424 ex
2163 2383 2281 2441 quo
2300 2364 2589 2441 quaedam
2610 2366 2902 2442 leguntur
2921 2367 2987 2425 in
3006 2384 3183 2443 opusc.

1919 2455 2184 2530 ejusdem
2229 2454 2652 2530 inscriptionis,
2705 2454 2868 2529 quod
2916 2454 3182 2514 tribuitur

1918 2544 2336 2603 Anastasio
2385 2543 2716 2620 palaestino
2766 2560 2880 2603 seu
2929 2546 3065 2622 Syro
3101 2537 3170 2623 (fl.

1927 2630 2140 2712 1090),
2202 2634 2308 2709 qui
2365 2633 2603 2692 videtur
2651 2633 2837 2692 fuisse
2892 2635 3170 2693 Caesareae

1919 2722 2282 2781 Palaestinae
2312 2723 2811 2799 archiepiscopus,
2845 2723 2936 2787 cf.
2957 2724 3175 2800 Migne

1920 2811 2193 2880 CXXVII,
2231 2819 2599 2874 517—532.

1995 3055 2029 3123 ¹)
2058 3052 2141 3106 Cf.
2185 3050 2499 3107 Ceillier
2539 3052 2686 3105 Hist.
2725 3053 2926 3123 gener.
2967 3053 3061 3107 des
3087 3053 3184 3103 Au·

579 3121 768 3175 Laach
803 3129 934 3178 1884
962 3123 1161 3185 XXVI,
1193 3125 1501 3183 159—179;
1555 3123 1717 3177 Stre
1738 3124 1861 3176 ber
1916 3125 2070 3176 teurs
2096 3124 2278 3176 sacres
2305 3127 2361 3176 et
2387 3125 2520 3178 eccl.
2548 3124 2695 3189 XIII,
2724 3127 2791 3180 47
2818 3141 2926 3184 ss.:
2956 3121 3182 3177 Oudin

577 3192 693 3245 KL.
716 3192 806 3257 VI,
829 3196 964 3250 1717
980 3212 1053 3252 s.;
1083 3193 1426 3246 Ehrhard
1454 3193 1610 3262 apud
1632 3192 1857 3247 Krum-
1913 3193 1983 3247 de
2042 3193 2231 3265 script.
2277 3194 2407 3248 eccl.
2452 3196 2520 3254 ΙΙ,
2578 3199 2682 3250 462
2729 3212 2797 3248 ss.
2853 3191 3181 3249 Ehrhard

582 3265 617 3316 b
633 3280 711 3317 ac
729 3265 766 3316 h
784 3281 857 3318 er
882 3284 937 3335 p.
970 3268 1085 3328 173,
1113 3267 1172 3318 et
1196 3265 1349 3319 hunc
1376 3264 1566 3335 ipsum
1596 3284 1649 3334 p.
1677 3268 1709 3322 7
1713 3272 1796 3321 40.

1914 3266 2068 3335 apud
2097 3265 2415 3319 Krumba
2437 3266 2609 3320 cher
2636 3285 2691 3335 p.
2727 3274 2827 3322 155
2856 3286 2899 3319 s.
2927 3270 3035 3320 etc.
