3505 5161
419 219 546 272 625

418 388 733 446 ordinibus
785 388 1018 445 intento
1072 390 1133 445 et
1183 387 1456 462 provido:
1529 407 1706 455 ‚nam

420 477 707 535 melodias
770 475 900 534 soni
947 477 1168 534 multas
1221 478 1455 536 noviter
1503 477 1706 548 edidit,

420 566 758 624 orationum
779 584 1013 640 quoque
1030 565 1306 623 libellum
1337 565 1410 623 de
1443 566 1706 625 omnium

422 656 700 713 decenter
745 654 1096 728 conscripsit
1141 656 1503 731 proprietate
1548 657 1709 730 ,psal-

420 752 729 802 morum‘:
795 762 945 819 quae
1011 744 1209 801 omnia
1256 744 1583 819 perierunt,
1649 749 1710 804 et

415 833 460 891 J
472 852 552 892 oa
566 852 658 891 nn
673 852 703 890 e
725 833 997 907 episcopo
1010 834 1293 891 Bassorae
1314 852 1360 892 c.
1377 844 1521 905 650,
1536 836 1707 909 cujus

424 924 812 997 Anaphoram
873 921 1113 980 exhibet
1176 922 1578 982 Renaudot
1643 923 1709 981 in

415 1013 553 1075 coll.
589 1012 791 1088 liturg.
829 1011 1073 1069 Parisiis
1104 1023 1265 1074 1716
1304 1017 1346 1069 t.
1379 1013 1453 1081 ΙΙ,
1485 1031 1705 1071 memo-

421 1100 644 1159 randus
708 1101 803 1159 hic
864 1102 954 1159 est
1016 1119 1060 1160 s,
1111 1101 1707 1176 Hildephonsus

416 1185 870 1270 (Ildephonsus)
925 1193 1103 1248 natus
1155 1190 1343 1248 Toleti
1405 1209 1473 1248 ex
1537 1191 1705 1250 nobi-

422 1279 663 1336 lissimis
697 1279 1067 1353 parentibu8‚
1101 1282 1174 1335 ut
1206 1279 1359 1337 fama
1391 1280 1524 1349 fert,
1576 1298 1623 1343 c,
1656 1300 1703 1338 a.

425 1378 567 1436 507,
621 1372 681 1425 et
728 1387 761 1425 a
806 1386 851 1425 ε.
898 1367 1124 1426 Isidoro
1157 1368 1388 1442 Hispali
1430 1369 1706 1427 omnibus

421 1457 484 1513 in
507 1457 843 1531 disciplinis
865 1457 1100 1533 egregie
1122 1457 1437 1515 institutus
1453 1455 1519 1535 ¹).
1560 1498 1587 1527 ,
1608 1458 1704 1515 Di-

420 1546 559 1603 vino
606 1549 800 1603 tactus
846 1546 1061 1620 spiritu
1101 1546 1224 1604 vita
1256 1546 1581 1604 delectatus
1615 1552 1705 1605 est

420 1635 856 1699 monachorum,
892 1635 1367 1711 contemptisque
1388 1641 1701 1711 parentum

420 1742 737 1798 rerumque
758 1723 1193 1783 mundanarum
1226 1725 1533 1793 affectibus
1565 1745 1701 1801 aga-

422 1813 607 1870 liense
628 1813 1061 1870 monasterium
1082 1814 1274 1888 petiit,
1309 1814 1480 1889 cujus
1503 1814 1701 1890 fugam

420 1901 621 1960 rabido
644 1902 843 1960 furore
865 1903 1185 1976 insequens
1211 1906 1395 1977 pater,
1431 1921 1551 1960 uno
1571 1910 1701 1961 tan-

417 1993 548 2048 tum
579 1991 866 2049 maceriae
887 1991 1213 2067 impeditus
1247 1995 1338 2048 est
1370 1992 1549 2061 obice,
1586 2012 1703 2067 quo

412 2084 480 2137 et
524 2080 781 2137 furentis
829 2079 1034 2138 delusa
1066 2084 1159 2137 est
1191 2081 1483 2155 quaesitio
1517 2085 1578 2139 et
1612 2082 1701 2139 fu-

420 2168 638 2243 gientis
686 2170 911 2226 salvata
970 2165 1286 2248 devotio-²).
1321 2214 1333 2225 .
1370 2214 1382 2226 .
1418 2209 1442 2227 .
1495 2171 1706 2228 Rector

423 2257 631 2315 deinde
666 2257 909 2317 effeetus
931 2258 1245 2333 agaliensis
1280 2259 1541 2316 coenobii
1578 2278 1701 2318 mo-

416 2347 739 2406 nachorum
787 2366 977 2406 mores
1017 2348 1336 2405 exercuit«
1406 2348 1450 2405 E
1501 2367 1701 2406 mona-

419 2436 661 2492 chorum
695 2435 1083 2511 praefectura,
1133 2436 1400 2512 Eugenio
1438 2438 1506 2493 ΙΙ.
1542 2435 1701 2513 (vul-

409 2543 492 2600 go
556 2521 686 2603 ΙΙΙ.)
759 2526 887 2598 ejus
950 2526 1241 2583 avunculo
1304 2526 1459 2583 diem
1525 2545 1700 2585 suum

416 2615 695 2680 obeunte,
731 2614 804 2671 ad
825 2615 1120 2672 toletanae
1142 2616 1416 2673 ecclesiae
1437 2617 1702 2692 regimen

419 2703 647 2760 invitus
698 2704 1149 2779 principalique,
1217 2706 1287 2761 ut
1350 2705 1475 2779 ipse
1537 2705 1700 2768 dicit.

418 2791 734 2849 violentiae
791 2793 1017 2858 cedens,
1084 2795 1445 2850 transfertur
1499 2790 1700 2874 (657).

418 2880 487 2937 In
551 2881 852 2955 pontificio
915 2884 1176 2939 toletano
1240 2883 1425 2939 veluti
1490 2883 1703 2951 ‚facula

408 2969 647 3027 ardens‘
706 2973 775 3026 ut
826 2971 1077 3028 Cixila
1127 2971 1414 3044 loquitur,
1470 2990 1701 3028 omnem

497 3198 530 3262 ¹)
560 3194 725 3247 Alius
752 3193 824 3245 ὼ
851 3211 915 3246 eo
939 3195 1021 3246 est
1052 3194 1159 3247 [ld
1179 3213 1206 3246 ι’
1227 3195 1254 3245 f
1266 3211 1297 3247 ο
1319 3213 1352 3245 ιι
1372 3213 1395 3246 s
1416 3213 1449 3245 ιι
1468 3212 1493 3245 s
1521 3193 1700 3264 (Elda-

416 3265 633 3336 fonsus)
680 3265 1701 3335 hispinusut·1junt,episcopus

416 3339 601 3406 (cujus
652 3339 844 3389 tamen
898 3337 1059 3388 nulla
1108 3337 1321 3390 mentio
1372 3337 1529 3406 tpnd
1576 3337 1699 3388 Nic.

418 3409 775 3468 Antoninum
828 3407 931 3475 qui
974 3425 1021 3462 c.
1064 3424 1113 3459 a.
1160 3415 1262 3464 845
1312 3409 1465 3468 (hinc
1501 3408 1702 3476 junior

416 3479 623 3550 dictus)
670 3483 868 3532 narrat
910 3499 1015 3531 νυνι
1018 3483 1273 3533 lationem
1320 3478 1429 3532 sibi
1475 3480 1701 3540 fictam,

416 3551 479 3603 in
530 3553 695 3619 cujus
747 3551 1105 3602 enarratione
1158 3550 1395 3620 exponit
1446 3551 1700 3618 mystice,

417 3639 562 3688 quae
589 3622 667 3674 sit
693 3622 1011 3674 hostiarum
1055 3622 1113 3673 in
1160 3640 1199 3674 s.
1247 3621 1593 3675 eucharistia
1620 3623 1701 3674 in-

416 3693 670 3762 scriptio,
700 3693 1009 3760 quantitas,
1040 3711 1322 3756 numerus,
1350 3693 1591 3762 pondus,
1619 3710 1701 3746 ro·

418 3766 598 3817 tundat
652 3764 852 3832 figura.
905 3766 1090 3831 azymi
1131 3765 1380 3832 qualitas
1420 3768 1477 3816 et
1520 3765 1701 3818 coctio

416 3835 568 3889 intra
615 3837 847 3888 ferrum.
909 3836 1172 3889 Edit-ione
1215 3835 1458 3904 dignum
1498 3835 1705 3889 habuit

417 3923 518 3962 nec
546 3907 689 3960 citra
717 3907 1013 3970 rationein,
1057 3906 1249 3974 iuquit
1303 3908 1341 3959 F
1361 3925 1388 3958 a
1414 3906 1525 3959 bri
1545 3926 1571 3960 c
1589 3907 1660 3959 iu
1678 3925 1704 3959 s

416 3977 484 4038 ΙΙ,
515 3985 632 4040 24⁶2,
664 3977 767 4029 Ma
787 3979 981 4033 hillo
1004 3978 1170 4030 nius
1214 3979 1285 4030 ad
1333 3981 1541 4032 calcem
1569 3979 1701 4031 diss.

412 4049 485 4102 de
502 4067 700 4118 azymo
729 4053 786 4102 et
802 4052 1140 4102 fermentato
1158 4049 1391 4102 Parisiis
1414 4053 1548 4106 1674
1566 4051 1621 4102 in
1641 4058 1700 4104 8:

415 4138 679 4174 recusum
724 4122 795 4173 ad
842 4123 1049 4175 calveni
1099 4138 1275 4174 novae
1317 4122 1403 4174 ed.
1448 4125 1701 4175 veterum

416 4193 565 4245 anal.
593 4192 671 4245 ib.
708 4195 841 4248 1723
868 4213 920 4262 p.
951 4199 1052 4246 549
1066 4201 1211 4246 --51.

491 4268 531 4332 ἓᾖ)
566 4265 625 4315 Ιιι
652 4262 841 4332 elogio
870 4282 911 4315 s.
940 4262 1158 4315 Juliani
1199 4261 1259 4314 in
1287 4264 1533 4332 append.
1561 4263 1631 4315 ad
1661 4262 1698 4314 l.

406 4333 485 4387 *de
533 4335 637 4387 vir.
684 4334 767 4386 ill.
812 4335 995 4404 ipsius
1042 4333 1423 4402 Hildephonsi
1452 4334 1699 4402 Migne

417 4405 607 4469 XCVI,
649 4412 733 4460 43.
787 4407 869 4459 Cf.
915 4407 985 4458 de
1029 4423 1093 4458 eo
1142 4404 1265 4457 Nic.
1312 4408 1506 4459 Anto
1532 4407 1700 4459 nius

418 4476 555 4531 bibl.
584 4478 734 4545 hisp.
768 4476 827 4529 V.
856 4478 889 4529 l.
924 4477 968 4528 V
998 4495 1042 4529 c.
1072 4486 1103 4529 (ι’
1129 4476 1283 4546 apud
1330 4476 1575 4546 Migno
1624 4478 1698 4530 ib.

418 4555 622 4604 9·-42:
670 4548 928 4600 Peters
975 4548 1085 4600 KL.
1140 4549 1232 4610 Vl,
1284 4555 1581 4604 sno-603.
1637 4582 1697 4590 -—-

420 4617 554 4670 Vita
597 4636 631 4672 a
678 4618 1033 4673 Cixilauo
1081 4636 1177 4672 seu
1225 4619 1407 4672 Cixila
1435 4618 1699 4688 episcopo

416 4690 670 4744 toletano
701 4702 746 4758 ti·
763 4709 808 4743 e.
827 4695 952 4752 783}
970 4691 1313 4745 concinnata
1331 4690 1427 4761 (ib.
1447 4708 1499 4758 p.
1518 4698 1698 4758 4:3-48)

408 4763 506 4813 est
531 4762 805 4830 legendae
835 4761 1032 4815 instar.

1092 198 1426 262 Conantins,
1452 198 1718 264 hmines,
1749 200 2127 271 ildephonsus
2154 202 2250 255 tol.
2282 204 2384 255 etc.

2917 222 3038 274 626

1765 388 2109 464 Hispaniam
2197 389 2609 460 castimoniae,
2696 391 3044 465 prudentiae

1765 477 2241 554 christianaeque
2285 478 2604 550 doctrinae,
2651 479 3045 538 heroicarum-

1766 586 1882 642 que
1914 568 2205 625 virtutum
2254 567 2437 625 radiis
2483 569 2888 643 perlustravit.
2952 569 3042 626 Ad

1764 674 2007 732 superos
2059 656 2207 714 abiit
2255 666 2355 719 23.
2401 658 2533 715 Jan.
2584 668 2728 729 667,
2780 675 2899 732 quo
2949 658 3044 715 die

1764 746 1895 821 ejus
1940 745 2223 804 memoria
2267 746 2600 804 celebratur
2645 747 2708 804 in
2751 749 3043 821 martyro-

1765 834 1921 910 logio
1953 853 2214 898 romano,
2265 834 2515 911 Scripsit
2545 855 2722 910 quam
2755 836 3044 911 plurimos

1764 923 1966 992 libros,
2001 943 2257 998 quorum
2276 927 2478 982 tamen
2496 925 2701 1001 plures
2720 926 3043 1001 perierunt.

1764 1012 2101 1088 Supersunt
2131 1014 2324 1072 adhuc
2355 1014 2424 1071 de
2468 1014 2812 1089 Virqinitate
2843 1034 2887 1072 8.
2911 1014 3042 1072 Μα-

1763 1104 1889 1159 riae
1921 1106 2126 1159 contra
2156 1108 2277 1161 tres
2311 1102 2598 1173 infideleS,
2633 1104 2756 1163 scil.
2788 1104 2926 1161 Hel
2946 1104 3042 1161 vi·

1763 1190 2002 1260 dium,
2037 1191 2547 1249 Jovinianum
2578 1197 2640 1250 et
2667 1192 3042 1250 Judaeum

1764 1274 2040 1359 (Migne
2105 1280 2294 1349 XCVI,
2364 1291 2567 1342 53—-1
2592 1280 2721 1360 ιο),
2787 1301 3044 1357 quorum

1761 1370 1928 1427 virus
1962 1370 2089 1430 scil.
2121 1388 2345 1427 errores
2378 1374 2584 1429 contra
2616 1370 2712 1432 bb.
2734 1371 3042 1446 Virginem

1759 1463 1906 1516 tunc
1939 1459 2089 1516 forte
2119 1477 2226 1534 per
2247 1459 2594 1534 Hispaniam
2629 1459 3042 1517 diffundeban-

1762 1553 1878 1605 tur.
1941 1547 2115 1605 Liber
2159 1548 2514 1622 praeclaruS‚
2571 1548 2632 1605 in
2680 1567 2797 1623 quo
2844 1567 3042 1606 amore

1761 1655 1900 1712 ergo
1933 1636 1987 1697 b.
2010 1637 2318 1712 Virginem
2337 1639 2502 1695 totus
2524 1656 2842 1696 succensus
2871 1641 3043 1695 aestu

1761 1725 2016 1800 quodam
2049 1725 2370 1801 corripitur
2414 1726 2474 1782 in
2523 1725 2892 1801 blasphemas
2940 1726 3042 1783 ad-

1761 1814 2157 1873 versariorum
2244 1815 2552 1890 opiniones
2631 1815 3041 1892 singularique

1762 1904 1914 1973 stilo,
1966 1904 2069 1977 qui
2116 1905 2178 1961 in
2226 1904 2359 1962 aliis
2398 1904 2662 1978 ejusdem
2696 1905 2756 1962 ll.
2790 1923 2911 1961 uon
2946 1922 3039 1961 oc-

1761 1995 1964 2062 currit,
1993 1993 2190 2051 utitur
2205 1993 2599 2052 coacervando
2634 1993 3040 2069 expressiones

1762 2101 2140 2157 synnnymns,
2205 2082 2589 2157 quamobrem
2652 2102 2687 2139 a
2734 2083 3042 2140 nonnullis

1762 2171 1956 2228 dictus
2008 2174 2101 2229 est
2149 2170 2301 2228 liber
2346 2189 2829 2247 synonymorum.
2895 2173 3041 2229 Pro-

1760 2259 1874 2317 diit
1906 2260 2166 2334 primum
2199 2259 2502 2318 Valentiae
2547 2271 2741 2329 15563
2777 2261 3041 2319 Basileae

1769 2360 1967 2417 15573
2003 2349 2247 2407 Parisiis
2279 2368 2420 2407 cura
2451 2349 2960 2407 Feuardentii
2992 2346 3039 2429 l)

1773 2448 1965 2505 1577;
2012 2438 2073 2495 in
2123 2438 2263 2495 bibl.
2312 2439 2420 2500 ΡΡ.
2469 2438 2644 2512 paris,
2689 2448 2848 2502 1589
2884 2443 2926 2496 t.
2960 2438 3039 2495 IX

1760 2530 1866 2587 etc.
1920 2559 2001 2569 -·
2066 2528 2539 2586 Annotationum
2601 2529 2669 2585 de
2729 2530 3042 2604 coyrzitione

1760 2618 2028 2691 baptismi
2060 2618 2093 2675 l.
2136 2636 2311 2687 unus,
2365 2618 2540 2675 seul.
2592 2618 3039 2675 adnotationum

1760 2706 1830 2763 de
1864 2706 2069 2763 ordine
2103 2706 2383 2780 baptismi
2399 2701 2466 2788 ²),
2516 2711 2573 2762 et
2616 2707 2685 2764 de
2718 2724 3040 2782 progressu

1759 2795 2087 2868 spiritualis
2121 2795 2342 2852 deserti
2378 2814 2482 2852 seu
2517 2794 2551 2850 l.
2599 2796 2666 2851 de
2711 2797 2912 2853 itinere
2943 2797 3039 2852 de-

1758 2885 1912 2950 serti,
1979 2902 2096 2957 quo
2158 2885 2428 2958 pergitur
2487 2887 2624 2958 post
2672 2883 3038 2958 baptismum

1761 2969 1840 3050 (p.
1908 2969 2304 3050 171—-20ss):
2371 2991 2520 3045 quae
2582 2972 2700 3030 duo
2751 2973 3040 3047 opuscula

1759 3080 1876 3118 non
1925 3065 2047 3118 tam
2097 3060 2170 3118 de
2217 3079 2323 3119 suo
2370 3062 2701 3135 composuit
2747 3080 2924 3135 quam
2970 3081 3038 3119 ex

1759 3149 1937 3206 variis
2004 3168 2075 3210 ss,
2129 3154 2366 3223 patrum
2419 3150 2731 3208 sententiis
2782 3150 3038 3226 collegit.

1761 3238 2092 3312 Utrumque
2124 3239 2381 3313 reperies
2419 3239 2480 3296 in
2513 3239 2621 3298 ΡΡ.
2643 3240 3039 3298 toletanorum

1759 3328 2016 3386 editione
2049 3328 2091 3394 Ι,
2138 3338 2290 3394 163ς
2326 3331 2386 3384 et
2416 3337 2536 3389 ‘2:32
2575 3345 2682 3398 ss.;
2717 3328 2778 3385 in
2811 3328 3039 3386 Baluzii

1761 3417 2001 3474 Miscell.
2047 3417 2121 3485 ΙΙ,
2182 3427 2271 3485 15,
2319 3418 2508 3474 Lucae
2560 3427 2741 3480 1761.
2775 3451 2862 3459 -—
2893 3418 3036 3492 Epi-

1758 3507 1953 3578 stolae,
1987 3506 2038 3562 si
2059 3507 2203 3564 duas
2223 3506 2492 3580 excipiaS,
2525 3507 2846 3581 perierunt,
2882 3507 3039 3566 sicut

1760 3601 1821 3652 et
1869 3597 2044 3668 plura
2094 3596 2165 3652 ad
2218 3595 2521 3671 liturgiam
2574 3596 2918 3671 spectantia,
2971 3599 3040 3654 ut

1759 3683 1991 3752 missae,
2029 3683 2232 3758 hymni
2266 3686 2326 3742 et
2358 3703 2676 3742 sermones,
2738 3686 3039 3744 Sermones

1760 3772 1935 3840 enim,
2002 3774 2105 3846 qui
2158 3773 2269 3829 sub
2321 3775 2448 3848 ejus
2499 3775 2735 3832 nomine
2785 3775 3037 3832 circum·

1761 3862 2036 3919 feruntur
2081 3865 2151 3917 ut
2200 3857 2294 3943 (9)
2342 3865 2409 3920 de
2457 3865 2845 3937 assumptione
2876 3864 2921 3924 b.
2959 3865 3038 3921 Ji.

1776 3949 1853 4023 V„
1885 3952 1954 4008 de
1982 3951 2110 4023 ejus
2125 3952 2547 4027 purificatione,
2581 3954 2891 4026 nativitate,
2929 3951 3037 4010 du-

1757 4039 1843 4097 bii
1878 4043 2038 4101 sunt.
2069 4072 2156 4082 —-
2188 4040 2451 4098 Libellus
2497 4043 2564 4098 de
2609 4044 2868 4097 m‘rorum
2906 4042 3036 4098 illu-

1757 4130 1966 4186 strium
1998 4131 2131 4201 (14)
2163 4131 2397 4202 scriptis
2428 4132 2519 4186 est
2551 4130 2719 4186 velut
2751 4129 3035 4202 quaedam

1757 4217 1982 4275 additio
2047 4218 2120 4274 ad
2181 4218 2448 4293 ejusdem
2499 4218 2834 4294 argumenti
2899 4219 2936 4275 l.
2992 4237 3036 4277 s,

1837 4415 1871 4464 ¹)
1902 4406 2007 4459 Hic
2057 4407 2302 4475 subjecit
2351 4408 2643 4471 tamquam
2709 4405 3038 4473 Ildephonsi

1758 4471 2102 4547 opusculum
2143 4482 2207 4531 de
2225 4487 2398 4545 partu
2441 4479 2686 4556 Vv'rqmis,
2716 4476 2817 4542 qui
2844 4478 3035 4528 tamen

1757 4554 1843 4602 est
1869 4549 2160 4601 Paschasii
2187 4548 2284 4601 Ra
2300 4548 2335 4601 d
2357 4550 2392 4601 b
2408 4564 2436 4600 e
2456 4547 2556 4600 rt
2541 4566 2561 4599 1
2588 4551 2752 4618 (865).

1833 4625 1873 4686 ε)
1901 4621 2089 4689 Hujus
2116 4621 2153 4673 l.
2181 4637 2313 4690 pars
2338 4619 2518 4672 altera
2553 4623 2816 4672 censetur
2841 4635 2873 4670 a
2902 4636 3036 4671 non-

1761 4692 1937 4746 nullis
1962 4694 1995 4746 l.
2024 4692 2055 4744 J
2077 4710 2113 4745 u
2132 4709 2156 4745 s
2173 4692 2227 4744 t
2213 4710 2232 4743 1
2249 4710 2285 4743 n
2303 4691 2324 4742 i
2339 4708 2373 4743 a
2389 4709 2426 4741 n
2446 4689 2465 4742 i
2505 4707 2594 4760 ep.
2641 4689 2940 4744 valentini
2968 4690 3036 4744 de

1759 4780 1872 4830 quo
1901 4782 2072 4833 ειηπι
2104 4783 2156 4833 p.
2184 4769 2289 4819 483
2316 4762 2549 4832 egimus.
