3505 5161
1399 193 1592 248 Sixtus
1621 194 1735 257 111„
1764 194 1874 247 Leo
1904 192 1976 246 M.

366 214 487 268 369
2853 212 2975 268 370

356 401 489 442 vere
509 400 738 451 causae,
771 382 1000 457 primus
1027 381 1312 441 adversus
1343 382 1507 456 ipsos
1540 399 1637 440 co·
1694 382 2051 454 catholicum
2073 386 2181 453 est,
2212 382 2380 443 velut
2400 384 2652 441 coeleste
2673 383 2982 441 oraculum

356 490 481 529 ram
527 470 1008 546 frequentissimo
1060 472 1281 546 populo
1328 471 1640 529 anathema
1695 471 1965 541 miratur,
1999 471 2273 541 celebrat,
2324 474 2648 529 veneratur
2661 468 2728 552 ¹),
2781 473 2980 530 cathe-

356 560 787 635 pronunciavit.
852 560 996 618 Octo
1040 564 1275 619 tantum
1322 561 1451 635 ejus
1497 560 1638 618 reli·-
1694 561 1860 618 dram
1895 560 2273 635 apostolicam
2296 560 2664 619 difficillimis
2696 561 2980 637 tempori-

358 669 508 725 quae
560 656 705 708 sunt
754 651 1038 725 epistolae,
1095 668 1352 724 quarum
1402 650 1637 724 aliquae
1692 650 1808 708 bus
1843 643 2273 731 (440—461),
2322 667 2455 708 cum
2502 668 2622 708 non
2656 651 2855 711 solum
2884 669 2980 710 ro-

355 738 617 797 Nestorii
652 740 925 814 spectant
957 755 1212 796 causam.
1257 739 1372 797 Eas
1403 743 1638 814 praeter
1693 757 1937 798 manum
1983 739 2297 814 imperium
2345 738 2731 798 barbarorum
2780 740 2980 799 incur-

357 829 502 886 alios
548 829 828 886 exhibent
865 827 1245 886 Constant
1289 846 1382 903 op.
1429 827 1528 886 cit.
1579 847 1637 902 p.
1694 828 1963 887 sionibus
2011 828 2276 904 undique
2323 829 2720 904 quassaretur,
2772 848 2982 888 verum

369 926 835 986 1229—1272;
868 917 1122 993 Migne
1152 916 1214 988 L,
1252 926 1637 987 571—6243
1694 917 1873 975 etiam
1943 918 2073 994 ipsa
2134 918 2396 977 Ecclesia
2470 918 2665 976 omnis
2744 918 2981 995 generis

357 1006 397 1065 J
411 1007 564 1065 affe
595 1007 641 1076 Ι,
681 1016 957 1070 57—58.
991 1040 1073 1048 —
1111 1006 1540 1065 Garnerius
1572 1007 1638 1064 in
1695 1007 2126 1065 haereticorum
2159 1007 2616 1083 impugnaretur
2662 1007 2980 1067 erroribus.

359 1115 467 1155 sua
497 1097 587 1154 ed.
621 1115 758 1172 opp.
778 1096 853 1158 M.
877 1096 1216 1154 Mercatoris
1249 1096 1292 1166 1,
1331 1105 1409 1157 36
1424 1106 1632 1158 2—-65
1696 1096 2001 1171 Intrepide
2033 1096 2261 1155 restitit
2293 1098 2437 1172 ipse,
2487 1101 2548 1155 et
2593 1096 2982 1156 barbarorum

359 1186 413 1243 ei
460 1186 641 1244 libros
688 1185 764 1244 VI
812 1186 1277 1261 Hypoynosticon
1327 1203 1436 1244 seu
1487 1184 1638 1244 Sub·
1696 1186 1935 1261 quidem
1968 1186 2227 1245 furorem
2246 1186 2584 1262 prudentia,
2618 1186 2976 1261 eloquentia,

359 1275 739 1334 notationum
778 1271 868 1353 (in
899 1294 1030 1351 app.
1064 1292 1197 1349 opp.
1230 1293 1277 1337 s.
1308 1276 1462 1351 Aug.
1495 1280 1536 1336 t.
1570 1274 1636 1345 X,
1695 1275 1880 1335 animi
1932 1275 2154 1334 virtute
2204 1275 2554 1351 compressit
2613 1275 2707 1333 vel
2771 1276 2981 1334 saltem

359 1364 612 1440 Migne
658 1363 824 1432 XLV,
865 1358 1347 1444 ‚1611—1665)
1382 1381 1640 1422 asserere
1694 1364 2026 1439 mitigavit:
2080 1365 2508 1424 haereticorum
2559 1382 2697 1423 vero
2748 1383 2978 1423 errores

358 1453 596 1523 nititur,
649 1454 753 1511 sed
785 1453 1087 1528 plerisque
1119 1452 1251 1511 aliis
1283 1452 1634 1529 refraganti·

359 1542 491 1601 bus.
565 1542 928 1601 Inscribitur
978 1540 1132 1600 illud
1182 1560 1332 1618 opus
1383 1541 1457 1599 ab
1508 1542 1640 1617 ipso

357 1633 597 1690 auctore
628 1635 688 1690 et
720 1651 754 1689 a
784 1630 1088 1690 veteribus
1118 1631 1299 1689 etiam
1333 1625 1639 1714 Ὑπομνη-

357 1725 556 1783 στικόν
604 1720 779 1795 quasi
818 1720 1326 1778 Commonitorium
1377 1738 1485 1779 seu
1523 1721 1642 1778 Me-

360 1810 763 1881 moratorium,
812 1809 975 1884 quod
1019 1810 1279 1869 auctoris
1322 1810 1641 1870 consilium

359 1899 521 1957 istud
556 1899 740 1957 fuisse
781 1898 1071 1969 videatur,
1119 1903 1191 1958 ut
1221 1900 1512 1960 Ecclesiae
1545 1918 1641 1958 ca-

359 1989 611 2047 tholicae
658 1993 866 2047 contra
911 1989 1259 2066 Pelagianos
1311 1990 1641 2049 doctrinam

359 2079 673 2137 memoriae
698 2076 998 2152 juvandae
1047 2097 1240 2150 causa,
1294 2080 1640 2155 compendio

361 2167 636 2225 traderet.
698 2167 1020 2244 Impugnat
1052 2168 1113 2225 ll.
1147 2167 1196 2226 V
1235 2169 1499 2245 quinque
1533 2168 1641 2226 Pe-

361 2255 733 2332 lagianorum
767 2256 1044 2333 dogmata
1076 2276 1183 2315 seu
1213 2276 1441 2317 errores
1481 2261 1544 2318 et
1581 2259 1642 2316 in

363 2345 576 2403 ultimo
639 2345 712 2404 de
773 2344 1313 2419 praedestinatione
1365 2347 1643 2406 adversus

360 2433 594 2492 eosdem
627 2434 913 2509 disputat.
976 2435 1133 2493 Olim
1167 2436 1280 2495 sub
1310 2436 1641 2513 Augustini

358 2523 599 2584 nomine
649 2522 769 2580 fuit
818 2524 1150 2601 vulgatum,
1217 2525 1319 2585 sed
1369 2543 1489 2585 non
1550 2529 1642 2585 est

359 2612 565 2690 ipsius.
630 2614 815 2672 Juxta
862 2614 1010 2673 alios
1060 2619 1154 2675 est
1203 2615 1374 2675 Marii
1424 2617 1640 2676 Merca-

360 2704 507 2761 toris
542 2700 638 2784 (cf.
673 2721 856 2779 supra
885 2724 941 2779 p.
977 2701 1146 2785 349).

451 2890 596 2944 206.
632 2882 926 2942 Defuncto
960 2883 1123 2941 Sixto
1159 2882 1261 2942 III.
1295 2885 1518 2942 electus
1550 2885 1641 2941 est

364 2989 412 3028 a·
439 2981 563 3032 440
598 2971 747 3030 miro
780 2973 988 3047 populi
1010 2974 1235 3031 romani
1259 2991 1548 3032 consensu
1578 2972 1642 3029 in

361 3062 485 3133 ejus
531 3079 932 3120 successorem
979 3062 1120 3120 Leo
1169 3079 1486 3131 ,romanae
1532 3061 1640 3118 Ec·

362 3149 572 3208 clesiae
602 3168 670 3208 ac
702 3149 892 3208 divini
913 3151 1233 3210 ministerii
1259 3152 1435 3210 decus
1457 3150 1521 3228 (C
1538 3167 1640 3207 as·

363 3238 423 3295 si
444 3257 638 3297 anus
700 3240 763 3298 in
826 3241 1006 3316 praef.
1062 3258 1154 3316 op.
1208 3241 1277 3299 de
1327 3235 1574 3321 incarn.)
1591 3246 1638 3308 ⁴¹,

363 3328 827 3398 archidiaconum,
880 3329 985 3404 qui
1011 3330 1137 3405 jam
1170 3349 1204 3389 a
1235 3329 1565 3389 coelestino
1597 3328 1640 3390 1.

1695 1453 1819 1512 zelo
1841 1453 2166 1529 apostolico
2187 1456 2367 1528 atque
2387 1452 2749 1529 infatigabili
2770 1452 2978 1512 ardore

1696 1546 1759 1601 et
1830 1542 2030 1601 studio
2102 1543 2477 1619 impugnavit
2538 1542 2978 1617 damnavitque.

1697 1631 2047 1708 Mysterium
2074 1637 2475 1691 sacrosanctae
2497 1631 2808 1690 Trinitatis
2841 1649 2979 1691 con·

1696 1724 1791 1779 tra
1815 1721 2365 1781 Priscillianis
2385 1726 2520 1790 tas,
2554 1720 2993 1781 incarnationis.

1697 1810 1836 1868 Filii
1856 1811 1960 1869 Dei
1981 1810 2403 1872 necessitatem,
2419 1814 2625 1869 contra
2642 1809 2680 1867 J
2693 1828 2736 1866 u
2749 1809 2785 1866 d
2797 1829 2873 1868 ae
2889 1828 2922 1868 o
2937 1828 2983 1881 8,

1697 1900 1964 1973 ejusdem
2009 1918 2142 1959 cum
2176 1900 2351 1959 Patre
2395 1899 2980 1957 consubstantialita-

1696 1991 1817 2046 tem
1851 1993 2057 2047 contra
2088 1991 2138 2047 A
2154 2008 2184 2047 r
2201 1989 2219 2047 i
2236 2008 2269 2046 a
2284 2008 2322 2046 n
2342 2007 2375 2046 o
2394 2007 2420 2046 s
2440 2032 2453 2057 ,
2495 1993 2742 2046 naturae
2774 1988 2981 2046 huma-

1697 2097 1806 2135 nae
1854 2078 2283 2153 proprietatem
2317 2091 2520 2136 contra
2553 2078 2599 2135 Ε
2616 2097 2658 2146 ιι
2674 2080 2701 2135 t
2714 2098 2754 2152 y
2774 2095 2804 2135 c
2822 2077 2860 2134 h
2875 2096 2906 2135 e
2922 2095 2981 2146 ιι,

1698 2169 1905 2225 contra
1934 2167 1990 2224 N
2013 2186 2044 2226 e
2062 2186 2088 2225 s
2106 2170 2133 2225 t
2148 2186 2181 2225 o
2197 2188 2227 2225 r
2245 2168 2263 2224 i
2282 2186 2325 2225 ιι
2340 2186 2399 2224 ιιι
2444 2185 2730 2243 personae
2774 2166 2982 2242 singu-

1698 2257 2013 2325 laritatem,
2070 2257 2363 2315 Ecclesiae
2402 2257 2545 2331 jura
2590 2260 2769 2331 atque
2814 2259 2980 2330 pote—

1698 2348 1914 2404 statem
1947 2348 2151 2404 contra
2170 2345 2223 2403 N
2242 2364 2275 2403 o
2294 2365 2328 2403 v
2344 2364 2378 2404 a
2393 2350 2419 2403 t
2433 2345 2455 2402 i
2469 2365 2503 2402 a
2518 2338 2559 2402 ιι
2574 2364 2607 2403 o
2625 2364 2682 2413 S,
2719 2345 2979 2420 corporis

1698 2434 1940 2510 mystici
1962 2435 2179 2493 Christi
2199 2435 2492 2492 unitatem
2513 2438 2717 2493 contra
2752 2435 2796 2491 D
2813 2451 2846 2491 o
2865 2452 2905 2490 ιι
2923 2452 2986 2491 a·

1697 2524 1759 2582 ti
1780 2542 1807 2583 s
1823 2527 1853 2582 t
1868 2543 1902 2583 a
1918 2543 1976 2596 s,
2038 2525 2265 2601 gratiae
2314 2524 2729 2583 necessitatem
2781 2526 2985 2582 contra

1699 2614 1744 2671 P
1761 2615 1879 2673 ela
1894 2615 2018 2692 gia
2033 2634 2073 2672 n
2091 2633 2123 2673 o
2142 2635 2168 2673 s
2189 2632 2512 2690 eorumque
2531 2613 2831 2689 reliquias,
2857 2633 2982 2688 my·

1699 2704 2020 2763 steriorum
2052 2704 2318 2763 omnium
2351 2703 2682 2771 veritatem,
2717 2701 2980 2777 dignita·

1698 2796 1836 2862 tem,
1872 2793 2244 2851 sanctitatem
2278 2794 2481 2850 contra
2514 2791 2924 2849 Manichaeo
2938 2808 2982 2859 a,

1698 2882 1994 2940 sincerum
2014 2882 2322 2958 religionis
2344 2881 2573 2938 cultum
2608 2882 2814 2937 contra
2847 2879 2943 2937 im
2962 2910 2984 2922 -

1700 2990 1735 3045 p
1755 2970 1825 3029 io
1842 2989 1869 3027 s
1947 2973 2007 3028 et
2081 2968 2670 3045 pseudochristianos
2742 2968 2984 3027 coelesti

1698 3058 1983 3129 doctrina,
2003 3059 2226 3135 pietate
2248 3058 2557 3134 singulari,
2593 3057 2820 3116 invicto
2855 3056 2984 3115 ani-

1699 3166 1811 3217 mo,
1848 3149 2132 3224 exemplo,
2167 3147 2540 3206 sermonibus
2570 3149 2633 3204 et
2654 3145 2891 3221 scriptis
2915 3164 2986 3203 ex

1700 3237 1831 3313 ipso
1871 3238 2278 3312 apostolorum
2311 3237 2482 3295 corde
2514 3236 2763 3312 prolatis
2796 3234 2985 3309 expli-

1701 3326 1842 3396 cuit,
1885 3326 2157 3396 asseruit,
2208 3325 2613 3403 propugnavit
2623 3321 2693 3407 2).
2758 3324 2845 3382 Ob
2892 3327 2987 3382 tot

362 3419 421 3473 et
453 3416 618 3476 Sixto
643 3418 746 3476 111.
780 3417 1085 3477 adhibitus
1119 3419 1237 3478 fuit
1268 3419 1332 3477 in
1363 3416 1640 3495 gerendis
1697 3417 1986 3491 tantaque
2018 3415 2230 3474 merita
2259 3415 2588 3490 antiquitas
2634 3417 2804 3491 grata
2849 3431 2985 3471 eum

364 3506 618 3582 negotiis
649 3507 1078 3579 ecclesiasticiS,
1134 3513 1195 3567 et
1239 3512 1384 3567 tunc
1430 3508 1642 3565 absens
1702 3505 1939 3580 ,Magni‘
2002 3504 2260 3574 nomine,
2313 3508 2373 3562 et
2435 3503 2793 3562 Benedictus
2859 3502 2988 3560 XIV

363 3593 426 3651 in
448 3594 657 3654 Galliis
677 3596 922 3672 politica
954 3597 1207 3674 fungens
1229 3597 1510 3656 missione
1542 3594 1643 3653 de·
1700 3594 1954 3653 doctoris
1993 3593 2258 3653 encomio
2290 3593 2612 3657 decoravit,
2675 3589 2900 3674 Obiit3)
2943 3610 2987 3649 s,

362 3684 556 3759 gebat.
621 3684 882 3744 Solemni
920 3686 1142 3745 accitus
1175 3687 1471 3764 legatione
1504 3702 1640 3744 con-

363 3777 623 3832 secratus
673 3777 767 3832 est
829 3775 893 3833 in
941 3775 1279 3851 pontificem
1333 3785 1431 3837 29.
1483 3775 1643 3847 Sept.

363 3861 632 3936 ejusdem
664 3863 821 3923 anni.
887 3863 992 3922 Vir
1036 3868 1163 3923 erat
1192 3884 1327 3924 vere
1358 3863 1641 3939 apostoli·

1703 3682 1974 3741 Pontifex
2021 3694 2114 3745 10.
2147 3684 2297 3746 Nov.
2332 3692 2477 3744 461.

1777 3911 1815 3976 ¹)
1846 3905 2081 3958 Pratum
2129 3904 2314 3974 spirit.
2356 3922 2402 3958 c.
2437 3911 2552 3960 149.
2606 3903 2989 3972 Singulariter

363 3968 484 4021 011³,
506 3952 803 4010 Ecclesiae
824 3952 1099 4025 luminam,
1130 3953 1266 4012 fidei
1287 3952 1644 4012 0fl3h0d0¹²0
1701 3976 1985 4040 nonnihil,
2014 3976 2109 4028 sed
2143 3993 2252 4028 nou
2279 3975 2473 4046 inepte
2501 3975 2568 4028 (le
2598 3993 2662 4028 eo
2687 3975 2767 4030 ita
2790 3973 2990 4030 scribit

363 4041 655 4110 columna,
691 4041 852 4100 vocis
874 4043 1035 4102 Petri
1069 4043 1375 4119 interpres,
1409 4045 1643 4119 aposto·

365 4128 615 4189 licorum
649 4130 996 4206 dogmatum
1027 4131 1318 4201 defensor,
1369 4135 1440 4192 ut
1476 4151 1510 4190 a
1541 4150 1643 4206 pa-

359 4219 557 4278 tribus
602 4219 902 4278 salutatur
917 4216 980 4302 ²).
1057 4221 1395 4280 Illustravit
1437 4223 1645 4279 tantus

361 4308 471 4378 vir,
505 4309 680 4385 cujus
714 4310 1071 4368 sententiam
1092 4310 1386 4386 quidquid
1419 4310 1645 4385 ubique

439 4557 475 4622 ¹)
505 4550 588 4605 Cf.
617 4552 668 4605 H
686 4551 701 4604 i
719 4570 756 4604 n
773 4568 802 4604 c
819 4569 874 4604 m
891 4568 924 4604 a
940 4569 967 4603 ι·
985 4569 1021 4604 ιι
1040 4569 1064 4604 s
1090 4552 1263 4605 rhem.
1281 4550 1350 4603 de
1369 4548 1646 4620 praedest.

363 4640 407 4679 c.
434 4630 533 4680 33:
562 4623 655 4676 Fa
673 4641 700 4676 c
718 4641 756 4676 u
774 4641 808 4675 n
828 4620 862 4675 d
882 4641 919 4675 u
937 4640 962 4676 s
989 4623 1165 4675 herm.
1197 4622 1260 4684 V,
1291 4632 1356 4685 5.,
1393 4638 1420 4673 e
1443 4619 1649 4690 ›iscopi

363 4695 666 4749 orientales
683 4693 797 4747 inl.
814 4694 886 4747 ad
904 4695 1233 4764 Agapetum
1251 4692 1415 4762 ponti
1444 4733 1474 4757 .‚
1492 4707 1647 4745 conc.

364 4765 806 4821 chalcedonense
833 4765 893 4818 in
921 4767 1080 4820 relat.
1108 4765 1179 4818 ad
1208 4764 1469 4818 Leonem.

1702 4049 1745 4101 T
1763 4048 1826 4102 ri
1844 4049 1922 4102 th
1943 4066 1972 4102 e
1991 4066 2044 4101 m
2062 4047 2083 4102 i
2100 4066 2137 4100 u
2155 4065 2180 4100 s
2220 4047 2289 4100 de
2331 4048 2525 4116 script.
2552 4046 2749 4099 eccles.
2777 4063 2823 4098 c.
2859 4053 2987 4099 158:

1705 4120 1876 4183 „Fuit
1901 4118 2311 4178 ecclesiastica-e
2341 4117 2611 4171 dictionis
2639 4117 2880 4176 Tullius,
2907 4133 2987 4168 sa—

1701 4208 1829 4246 crae
1857 4189 2181 4261 theologiae
2210 4189 2503 4251 Homerus,
2538 4189 2828 4241 rationum
2856 4186 2989 4239 fidei

1705 4262 2055 4326 Aristoteles,
2098 4259 2460 4315 auctoritatis
2504 4257 2851 4329 apostolicae
2893 4257 2988 4310 Pe·

1703 4338 1831 4390 trus
1857 4337 1914 4386 et
1939 4334 2001 4388 in
2030 4332 2341 4386 christiano
2370 4331 2597 4402 pulpito
2626 4330 2887 4384 PauluS.“

1780 4413 1818 4476 ²)
1850 4408 1932 4459 Ita
1983 4406 2097 4457 fere
2150 4401 2608 4468 Quesnellus
2647 4401 2708 4453 in
2756 4401 2987 4456 Nuncu·

1703 4476 1930 4546 patoria.
1958 4493 2091 4529 suae
2120 4475 2205 4528 ed.
2234 4475 2501 4545 praefixa.

1779 4553 1819 4620 ³)
1850 4548 2018 4601 Gesta
2045 4548 2168 4617 ejus
2196 4563 2297 4617 pro
2320 4547 2464 4600 bono
2482 4542 2765 4597 Ecclesia-e
2788 4542 2989 4595 descri-

1705 4621 1853 4674 bunt
1896 4618 2197 4689 scriptores
2242 4615 2515 4670 historiae
2561 4613 2989 4669 ecclesiasticae.

1705 4691 1790 4745 Cf.
1818 4693 2110 4762 praeterea
2139 4687 2573 4742 Fessler—Ju
2600 4707 2628 4738 ,ι
2702 4703 2861 4739 man
2882 4704 2916 4736 n
2940 4686 2989 4738 11

1705 4767 2093 4832 p.2§209ss.;
2135 4761 2556 4814 Tillemont
2594 4758 2641 4811 X
2676 4758 2715 4818 ⁷,
2743 4763 2988 4813 414—82
