3505 5161
503 232 619 284 '791

501 399 872 477 processione
894 397 1152 473 Spiritus
1186 415 1231 459 s.
1251 395 1442 472 magis
1463 396 1583 454 fere
1603 396 1781 454 Grae-

497 508 700 548 corum
735 486 1087 562 adstipulari
1127 485 1427 544 doctrinae
1458 504 1638 561 quam
1669 484 1778 542 La*

497 578 782 638 tinorum.
831 577 987 634 Hinc
1020 576 1240 633 mirum
1272 592 1401 633 esse
1431 593 1550 633 non
1583 574 1779 639 debet,

500 667 807 726 Nicolaum
841 665 884 724 1.
923 665 985 722 in
1018 664 1212 722 literis
1243 663 1316 722 ad
1349 664 1619 723 Carolum
1652 662 1780 721 Cal-

499 775 634 814 vam
684 754 966 829 conqueri
1031 753 1236 829 ,quod
1298 771 1448 828 opus
1509 751 1780 827 Dionysii

504 845 601 904 Ar.
645 888 657 900 .
692 886 705 901 .
739 888 752 900 .
816 843 1056 918 quidam
1108 843 1202 900 vir
1230 842 1491 900 Joannes
1542 842 1783 900 natione

500 938 729 1003 Scotus,
780 951 975 1008 nuper
1023 931 1339 989 transtulit
1387 930 1447 988 in
1495 931 1782 989 latinum:

502 1022 663 1098 quod
727 1023 903 1098 juxta
972 1039 1195 1078 morem
1257 1019 1551 1078 Ecclesiae
1609 1021 1785 1079 nobis

502 1112 666 1170 mitti
683 1115 745 1169 et
757 1114 961 1169 nostro
968 1109 1194 1185 judicio
1214 1107 1425 1167 debuit
1443 1110 1783 1185 approbari:

504 1200 854 1276 praesertim
898 1218 1032 1257 oum
1078 1197 1238 1255 idem
1268 1198 1527 1257 Joannes
1561 1200 1787 1257 multae

506 1288 791 1349 scientiae
841 1306 971 1346 esse
1020 1287 1398 1363 praedicetur
1459 1285 1618 1357 olim,
1682 1287 1785 1346 sed

506 1397 628 1438 non
677 1396 816 1436 sane
872 1395 1075 1452 sapere
1136 1377 1202 1434 in
1262 1375 1621 1451 quibusdam
1672 1378 1786 1436 sre-

504 1467 717 1543 quenti
737 1484 973 1525 rumore
995 1465 1244 1524 dicatur.
1299 1465 1449 1523 Hinc
1482 1469 1591 1535 est,
1626 1466 1788 1541 quod

506 1555 811 1615 dilectioni
843 1558 1076 1614 vestrae
1107 1555 1487 1613 vehementer
1512 1558 1789 1631 rogantes

506 1645 875 1714 mandamus,
894 1648 1191 1719 quatenus
1209 1643 1567 1718 apostolatui
1587 1649 1789 1703 nost-ro

510 1734 874 1810 praedictum
904 1733 944 1791 J
946 1751 1193 1792 oannem
1224 1732 1657 1809 repraesentari
1703 1732 1788 1791 fa-

508 1824 695 1899 ciatis,
731 1826 838 1881 aut
868 1826 1026 1881 certe
1059 1821 1306 1880 Parisiis
1338 1822 1401 1881 in
1433 1823 1652 1893 studio,
1686 1840 1788 1881 cu-

498 1912 604 1989 jus
666 1912 885 1988 capital
944 1911 1084 1969 olim
1147 1909 1329 1969 fuisse
1386 1912 1786 1986 perhibeatur,

509 2001 726 2060 morari
757 2019 876 2059 non
910 2000 1143 2067 sinatis,
1192 2018 1268 2057 ne
1298 2016 1433 2057 cum
1465 2001 1664 2060 tritico
1697 2019 1790 2059 sa-

508 2091 593 2149 cri
625 2090 849 2165 eloquii
880 2108 1065 2165 grana
1096 2088 1345 2146 zizaniae
1395 2091 1458 2146 et
1503 2089 1629 2148 lolii
1677 2089 1785 2147 mi-

511 2197 673 2237 scere
694 2178 1085 2255 dignoscatur
1114 2180 1175 2234 et
1206 2195 1416 2251 panem
1449 2178 1786 2252 quaerenti-

510 2268 624 2326 bus
653 2286 942 2325 venenum
965 2266 1233 2342 porrigat
1246 2259 1353 2347 ¹)ss
1408 2267 1639 2326 Pariter
1668 2286 1792 2326 non

514 2359 744 2415 constat
773 2355 1028 2431 quando,
1075 2355 1181 2413 ubi
1212 2359 1274 2413 et
1304 2357 1598 2430 quomodo
1630 2355 1788 2415 obie-

513 2445 624 2504 rit:
673 2463 791 2503 non
823 2463 1012 2519 pauca
1040 2443 1311 2503 fabulosa
1341 2443 1414 2503 de
1446 2463 1515 2504 eo
1548 2464 1790 2504 narran-

512 2539 634 2605 tur,
686 2537 756 2592 ut
805 2533 876 2593 de
922 2533 1121 2612 longis
1179 2534 1311 2608 ejus
1360 2533 1679 2594 itineribus
1730 2535 1789 2593 in

514 2624 834 2694 Orientem,
899 2643 1036 2683 eum
1085 2623 1334 2682 rediisse
1382 2623 1444 2682 in
1496 2623 1790 2701 Angliam,

513 2713 867 2772 monachum
902 2712 1309 2772 Malmesburii
1345 2714 1612 2789 graphiis
1643 2732 1791 2789 pue·

513 2820 733 2872 rorum,
776 2820 1029 2877 quorum
1065 2802 1347 2877 magister
1376 2809 1519 2871 erat,
1566 2803 1790 2862 confos-

512 2909 646 2950 sum
667 2896 989 2966 martyrem
1009 2888 1287 2971 obiissess)
1310 2893 1420 2952 etc.
1457 2891 1794 2950 Decessisse

594 3065 629 3132 ¹)
658 3061 829 3131 Apud
857 3061 900 3113 B
922 3060 1091 3115 ulae
1110 3079 1147 3114 u
1164 3079 1220 3114 m
1260 3061 1408 3115 Hist.
1436 3061 1592 3115 univ.
1622 3061 1793 3131 paris.

514 3133 556 3195 1,
609 3138 736 3193 184;
781 3134 852 3189 cf.
899 3135 957 3186 et
1000 3131 1247 3203 Migne
1294 3133 1484 3196 CXIX,
1535 3139 1688 3196 1119,
1738 3135 1797 3186 et

517 3203 732 3266 CXXII,
765 3210 916 3259 1025.

587 3280 628 3347 2)
658 3274 740 3329 Cf.
759 3273 843 3330 Fr.
865 3277 930 3328 A.
959 3275 1289 3328 Stauden
1310 3273 1542 3328 maier
1568 3275 1794 3328 Jo.Sco-

514 3348 608 3399 tus
634 3345 881 3416 Erigena
908 3347 1026 3400 und
1053 3345 1146 3399 die
1172 3346 1589 3401 Wissenschaft
1612 3346 1797 3400 seiner

514 3416 652 3481 Zeit,
694 3418 1007 3470 Frankfurt
1051 3424 1187 3474 1834
1222 3439 1276 3488 p.
1308 3425 1324 3470 1
1353 3440 1365 3477 ς
1419 3417 1670 3472 Huber
1707 3418 1795 3471 J0.

516 3488 716 3550 Scotus
744 3488 836 3541 Er.
867 3488 972 3541 Ein
1000 3488 1171 3541 Beitr.
1192 3507 1293 3542 zur
1314 3488 1511 3544 Gesch.
1534 3489 1633 3541 der
1651 3489 1795 3542 Phil.

516 3559 636 3612 und
665 3559 860 3613 Theol.
888 3558 967 3612 im
988 3559 1113 3612 MA.
1131 3559 1417 3613 Mfinchen
1450 3566 1580 3617 1861
1606 3581 1616 3619 ;
1644 3559 1701 3612 M
1743 3561 1796 3614 S.

517 3629 582 3682 R.
604 3629 697 3683 Ta
714 3629 735 3682 i
752 3630 771 3683 l
788 3631 807 3683 1
824 3647 857 3681 a
874 3648 912 3682 n
929 3631 966 3683 d
984 3630 1084 3683 ier
1112 3630 1242 3684 Scot
1258 3630 1503 3701 Erigene
1522 3635 1583 3685 et
1600 3632 1657 3685 la
1672 3632 1797 3701 phi-

516 3700 775 3771 losophie
819 3701 1218 3769 scholastique,
1263 3705 1354 3756 Str
1372 3703 1595 3772 1ssburg
1631 3710 1796 3764 18433

516 3771 642 3825 Nic.
670 3772 726 3825 M
744 3779 775 3826 ὃ
793 3772 893 3826 lle
909 3791 937 3825 r
962 3772 1013 3825 J.
1041 3774 1241 3827 Scotus
1269 3773 1358 3826 Er.
1382 3774 1500 3827 und
1523 3774 1676 3827 scine
1697 3774 1796 3827 Irr-

517 3843 761 3909 thtimer,
791 3843 978 3896 Maiuz
1009 3850 1177 3906 1844;
1206 3844 1249 3897 E
1270 3847 1302 3899 b
1319 3863 1348 3899 e
1366 3863 1394 3897 r
1412 3844 1623 3899 t111.5
1642 3862 1687 3898 c.
1705 3851 1796 3904 1·2;

517 3913 587 3966 de
632 3914 660 3967 J
669 3932 719 3968 o.
765 3914 921 3969 Scoti
964 3914 1055 3971 Er.
1100 3916 1521 3979 commentatio,
1566 3918 1798 3970 auctore

515 4002 801 4054 anonymo
854 3986 1017 4040 Bonn
1076 3994 1208 4043 1835
1261 3986 1530 4058 (Migne
1581 3986 1797 4051 CXXII,

1343 214 1645 266 851--900.
1669 208 1759 263 Jo.
1786 207 1988 263 Scotua
2014 206 2276 279 Erigone..

2992 222 3120 276 792

1835 397 2111 455 censetur
2155 399 2294 453 ante
2343 415 2393 456 a.
2429 403 2463 458 8
2474 403 2506 458 7
2518 405 2550 457 7
2559 437 2572 452 .
2636 392 2835 452 Nullis
2866 395 2994 450 erat
3022 410 3121 451 ec-

1836 480 2200 544 clesiasticae
2221 484 2534 561 dignitatis
2553 482 2838 560 gradibus
2869 480 3121 558 insigni-

1838 578 1958 643 tus,
1981 613 2008 643 ,
2022 592 2131 633 nec
2149 592 2433 648 unquam,
2451 573 2618 632 addit
2635 572 2682 629 P
2697 591 2728 629 r
2743 590 2785 629 u
2800 570 2838 629 d
2853 590 2885 629 e
2901 590 2942 629 n
2956 571 3076 629 tiu
3091 588 3121 628 s

1837 663 2112 740 depraed.
2133 682 2179 722 c.
2196 674 2251 732 3,
2263 684 2297 720 a
2316 662 2621 722 catholicis
2642 660 3075 738 insigniendus.
3090 667 3117 695 ⁴¹

1933 939 2079 994 432.
2110 931 2272 990 Haec
2300 931 2566 1006 ejusdem
2598 947 2803 1005 opera:
2843 927 3120 1004 inprimis

1842 1021 2026 1079 vertit
2055 1025 2118 1079 et
2162 1018 2603 1079 commentariis
2635 1017 2914 1092 exposuit
2946 1017 3119 1075 Dio-

1840 1109 2056 1187 nysii
2104 1110 2494 1187 Areopagitae
2545 1109 2605 1166 ll.
2672 1109 2741 1165 de
2789 1107 3122 1165 hierarchia

1839 1200 2073 1265 coelesti,
2107 1199 2176 1257 de
2204 1193 2541 1257 hierarchia
2558 1197 2933 1256 ecclesiactica
2964 1199 3026 1254 et
3053 1196 3120 1253 de

1843 1289 2120 1365 theoloqia
2166 1290 2406 1364 mystica
2418 1306 2446 1362 ,⁴
2501 1286 2574 1347 de
2618 1287 2830 1345 divinis
2872 1286 3121 1343 nomini·

1845 1379 1949 1436 bus
1969 1376 2183 1436 deinde
2204 1382 2266 1436 et
2280 1378 2549 1453 epistolas
2567 1376 2648 1451 X,
2667 1382 2849 1450 atque
2868 1375 2954 1433 ita
2966 1375 3120 1433 viam

1843 1467 2080 1542 aperuit
2126 1466 2284 1524 hisce
2333 1466 2614 1543 operibus
2663 1465 2727 1523 in
2785 1461 3120 1523 Occidentis

1845 1556 2093 1623 scholas,
2161 1574 2312 1630 quae
2368 1555 2509 1613 inde
2557 1553 2794 1613 abunde
2843 1552 3121 1630 irrigatae

1844 1644 2027 1703 fuere.
2078 1644 2294 1703 Verum
2329 1662 2397 1702 ea
2427 1644 2621 1703 versio
2651 1644 2723 1701 ad
2748 1643 2996 1700 verbum
3017 1641 3119 1699 ob-

1847 1752 2020 1793 scura
2038 1737 2128 1792 est
2146 1740 2328 1808 atque
2348 1733 2622 1808 implexa,
2668 1768 2695 1800 ,
2711 1731 2872 1790 unde
2904 1731 3121 1789 factum

1845 1825 1955 1893 est,
2001 1825 2172 1880 notat
2218 1823 2690 1881 Anastasius
2735 1820 3120 1879 bibliotheca-

1845 1912 1972 1971 rius
2003 1910 2065 1970 in
2098 1930 2189 1986 ep.
2207 1911 2280 1969 ad
2302 1912 2570 1969 Carolum
2595 1911 2858 1980 Calvum,
2892 1912 2963 1967 ut
2991 1912 3121 1967 tan-

1845 2005 1978 2059 tum
2008 2001 2204 2060 virum
2234 1996 2586 2081 (Dionysum
2608 1995 2706 2079 A.)
2739 1999 2898 2057 intra
2928 2000 3122 2072 cujus-

1846 2090 1982 2149 dam
2012 2090 2338 2165 labyrinthi
2377 2088 2644 2148 difficilia
2675 2089 2942 2147 irretiret
2971 2091 3031 2145 et
3058 2086 3124 2143 in

1846 2179 2035 2237 antris
2105 2178 2595 2254 profundioribus
2671 2176 3122 2236 invisibiliorem

1848 2268 2105 2343 quodam
2137 2267 2310 2326 modo
2342 2268 2671 2333 collocaret,
2720 2278 2782 2325 et
2820 2284 3002 2341 quem
3031 2265 3123 2322 in-

1845 2358 2314 2433 terpretaturum
2347 2359 2707 2432 susceperat,
2754 2354 2948 2413 adhuc
2991 2352 3122 2412 red-

1847 2446 2014 2504 deret
2075 2444 2652 2521 interpretandum.‘
2734 2443 2978 2520 Integer
3024 2461 3123 2501 sn-

1850 2536 2049 2608 perest
2080 2539 2319 2594 tantum
2362 2534 2821 2594 commentarius
2865 2534 2935 2592 de
2977 2532 3122 2591 theo·

1846 2626 1998 2700 loqia
2030 2626 2288 2702 mystica,
2323 2625 2428 2683 ille
2447 2626 2519 2683 de
2538 2623 2885 2683 nominibus
2904 2622 3123 2682 divinis

1848 2715 2044 2789 periit,
2078 2714 2297 2789 reliqui
2345 2717 2489 2772 sunt
2534 2713 2746 2772 manci.
2832 2709 2999 2771 Libri
3055 2711 3126 2769 de

1848 2822 2080 2880 cyressu
2127 2812 2179 2862 et
2228 2821 2491 2881 reqressu
2539 2804 2773 2861 animae
2818 2802 2892 2860 ad
2940 2802 3126 2860 Deum

1848 2893 2041 2950 exstat
2069 2894 2307 2951 tantum
2336 2892 2756 2969 fragmentum.
2799 2889 3128 2949 Transtulit

1850 2999 2090 3057 quoque
2124 2977 2248 3063 (sat
2268 2978 2573 3062 mendose)
2606 2999 2639 3040 e
2668 2998 2882 3057 graeco
2901 2979 3127 3037 Scholia

1851 3089 1954 3128 seu
1976 3070 2273 3147 Ambigua
2291 3088 2338 3131 s.
2359 3071 2514 3129 Max
2530 3071 2551 3128 i
2566 3069 2661 3127 mi
2694 3069 2757 3127 in
2779 3068 3128 3145 Gregorium

1850 3160 2214 3234 theologum,
2250 3159 2471 3235 quibus
2492 3159 2835 3218 continetur
2866 3158 3126 3216 locorum

1851 3248 2179 3307 difficilium
2214 3249 2278 3306 in
2320 3247 2695 3307 orationibus
2728 3247 2909 3322 hujus
2942 3245 3128 3321 patris

1851 3337 2181 3413 explicatio,
2218 3370 2298 3379 ——-
2334 3338 2498 3413 Opus
2543 3337 2835 3395 famosum
2880 3341 3025 3394 sunt
3066 3335 3128 3393 ll.

1852 3426 1901 3485 V
1932 3427 2002 3484 de
2030 3427 2306 3484 divisione
2323 3434 2572 3485 naturae
2603 3425 2731 3484 scil.
2752 3423 2817 3483 in
2834 3428 3127 3483 creantem

1852 3523 1913 3574 et
1957 3515 2296 3583 increatam,
2345 3518 2643 3575 creantem
2691 3511 3130 3595 (primordiales

1853 3623 2052 3663 rerum
2086 3600 2320 3685 causas)
2369 3608 2430 3663 et
2472 3607 2752 3671 creatam,
2795 3621 2904 3663 nec
2933 3620 3133 3661 crean-

1852 3697 1974 3751 tem
2006 3712 2114 3753 nec
2134 3698 2389 3752 creatam
2422 3693 2484 3751 in
2515 3693 2705 3752 forma
2724 3692 2961 3769 dialogi.
3008 3691 3134 3749 Hoc

1852 3800 2002 3857 opus
2064 3782 2138 3840 ab
2200 3782 2642 3858 archiepiscopo
2697 3780 3014 3839 senonensi
3072 3782 3133 3838 et

1854 3871 2245 3947 suffraganeis
2291 3872 2422 3946 ejus
2467 3871 2531 3929 in
2582 3888 2739 3933 conc.
2787 3868 3135 3944 provinciali

1852 3960 2242 4037 congregatiS,
2276 3960 2419 4035 quia
2437 3960 2749 4019 inventum
2778 3961 2874 4017 est
2903 3959 3132 4017 scatens

516 4062 694 4113 »1-88
718 4075 848 4112 cum
889 4057 1180 4128 prooemio
1205 4061 1436 4113 auctore
1464 4057 1675 4111 Floss
1719 4059 1797 4112 ib.
1854 4047 2157 4107 vermibus
2189 4049 2514 4108 haereticae
2546 4048 2877 4124 pravitatis,
2928 4063 3129 4122 repro·

519 4146 571 4198 P·
620 4129 1041 4199 ΙΧ-ΧΧἪΗ)·
1093 4131 1156 4182 In
1207 4146 1274 4183 ea
1319 4130 1798 4185 commentatione
1852 4137 2058 4196 batum
2103 4138 2221 4195 fuit
2269 4141 2330 4196 et
2359 4138 2431 4195 ab
2484 4137 2825 4195 Honorio
2857 4134 2963 4199 ΙΙΙ.
3006 4133 3133 4212 igni

518 4200 819 4269 opiniones
844 4205 902 4254 et
927 4217 1140 4255 errores
1167 4200 1200 4253 J
1205 4217 1315 4254 oan
1342 4200 1407 4253 ·is
1433 4201 1495 4253 in
1517 4217 1610 4270 op.
1637 4204 1699 4256 de
1722 4205 1796 4255 dc·

518 4276 711 4327 risione
734 4283 966 4326 naturae
980 4274 1413 4342 proponuntur:
1442 4271 1585 4328 Hist.
1603 4271 1711 4326 Lit.
1731 4272 1798 4336 V,

518 4350 779 4401 *lla-429:
826 4344 972 4396 Bau
992 4346 1379 4412 mgartner
1403 4342 1516 4396 Kb.
1544 4345 1609 4407 X,
1640 4350 1799 4400 2133·

1854 4227 2256 4303 adjudicatum
2271 4222 2338 4307 1).
2370 4226 2524 4285 Hinc
2541 4226 2710 4284 nulla
2728 4225 2986 4300 amplius
3004 4224 3133 4299 ejus

1856 4316 2010 4375 facta
2041 4318 2130 4375 est
2160 4315 2356 4375 medio
2388 4334 2531 4375 aevo
2573 4314 2801 4374 mentio
2818 4336 2832 4384 ;
2879 4315 2933 4373 A
2948 4335 3003 4372 m
3020 4312 3089 4371 al
3104 4343 3129 4355 -

518 4419 673 4471 2140.
703 4413 804 4483 qui
832 4415 901 4468 de
918 4432 983 4469 eo
1001 4413 1229 4467 scribit:
1256 4416 1548 4469 Johannes
1569 4432 1685 4468 war
1705 4415 1798 4467 die
1853 4406 1967 4463 ric
1983 4423 2025 4462 u
2043 4424 2071 4464 s
2103 4424 2241 4463 vero
2273 4409 2334 4463 et
2364 4406 2411 4463 D
2428 4424 2513 4463 av
2529 4405 2549 4462 i
2565 4403 2603 4462 d
2635 4404 2708 4461 de
2731 4402 3002 4462 Dinando
3023 4418 3132 4461 sec.

519 4486 892 4540 blendendssie
943 4486 1061 4539 und
1110 4486 1623 4557 hermffagssndflte
1672 4486 1798 4556 phi·
1856 4493 2012 4557 XlII.
2064 4493 2202 4552 inde
2253 4512 2361 4553 sua
2408 4494 2741 4552 hauserunt
2789 4494 3132 4551 commenta.

520 4555 879 4626 losophische
944 4555 1342 4627 Erscheinung
1410 4558 1510 4610 der
1579 4574 1800 4628 ganzen

519 4630 706 4680 ersten
719 4627 955 4682 Periode
966 4629 1067 4682 der
1076 4628 1397 4682 Scholastik
1430 4627 1801 4698 Meteorartig

520 4697 775 4752 leuchtet
798 4715 858 4750 er
883 4701 1001 4763 auf,
1028 4717 1124 4752 um
1167 4701 1373 4754 ebenso
1401 4701 1564 4753 rasch
1590 4699 1802 4753 wieder

524 4785 592 4818 zu
621 4769 1069 4823 verschwinden.

1936 4701 1970 4770 ¹)
1997 4699 2063 4752 In
2091 4698 2254 4753 bulla
2280 4698 2437 4767 apud
2464 4699 2512 4750 A
2531 4699 2551 4752 1
2568 4698 2902 4753 bericum
2942 4697 3131 4751 chron.

1857 4771 1929 4822 ad
1955 4786 2006 4822 a.
2039 4777 2174 4824 1224
2200 4770 2383 4840 (juxta
2408 4769 2554 4823 alios
2584 4776 2757 4840 1225).
