3505 5161
1200 181 1499 231 550—600.
1526 166 1806 245 Liturgia.
1837 174 2106 239 Leander,
2134 175 2464 240 Germanus,
3002 192 3126 252 552

519 195 635 249 551

513 363 858 423 catholicam
909 366 1413 424 reverterentur.‘
1493 361 1583 420 Ob
1633 348 1794 419 favo·
1855 371 1977 424 599
2015 359 2210 442 (juxta
2240 358 2387 421 alios
2422 373 2565 427 600.
2602 376 2758 434 601;
2812 376 2913 429 27.
2957 367 3127 425 Febr.

513 470 640 511 rem
677 450 1151 528 Hermenegild0‚
1204 450 1276 508 ad
1326 452 1499 526 cujus
1544 442 1794 509 conver·
1854 449 2024 528 603).
2519 492 2522 495 ι

514 541 738 601 sionem
772 542 1028 599 multum
1052 539 1403 609 contulerat,
1435 540 1791 615 impensum,
1940 574 1948 583 ·

512 649 546 688 a
576 628 920 706 Leovigildo
966 648 1103 706 rege
1148 628 1350 688 ariano
1396 628 1562 687 illius
1608 634 1792 704 patre,
1943 638 2086 692 309.
2121 630 2203 689 De
2234 647 2279 689 s.
2313 625 2555 709 lituo-qia
2585 634 2806 691 meruit
2851 651 2896 692 s.
2937 636 3123 692 Ger-

510 719 575 777 in
621 719 897 777 exsilium
943 722 1038 777 est
1080 718 1308 793 pulsus,
1359 736 1476 793 quo
1523 720 1793 793 tempore
1845 736 2115 777 manus
2160 719 2718 795 augustodunensis,
2770 722 2970 781 abbas*
2999 742 3129 782 mo·

514 807 889 883 ,composuit
907 807 1057 866 duos
1079 808 1357 865 adversm
1376 808 1792 865 haereticorum
1844 808 2093 866 nasterii
2140 824 2185 866 s.
2232 809 2663 884 Symphoriani‚
2718 810 2954 869 demum
2999 813 3127 886 epi-

511 898 779 975 doymata
810 896 986 955 libros
1031 895 1368 955 eruditione
1413 913 1489 955 ss.
1522 895 1788 971 Scriptu-
1849 914 2063 972 scopus
2094 896 2439 972 parisiensis
2473 894 2660 980 (5553
2694 894 2728 962 †
2752 909 2807 962 8.
2829 901 2940 976 Maj
2969 896 3127 982 576)

510 1005 710 1044 rarum
732 985 1081 1061 ditissim08‚
1114 986 1178 1043 in
1212 984 1431 1060 quibus
1452 984 1792 1043 vehementi
1844 984 2150 1043 miraculis
2181 985 2395 1057 clarus,
2428 988 2598 1062 cujus
2630 988 2815 1046 vitam
2832 988 2875 1067 ι)
2908 989 3127 1047 descri-

510 1074 649 1133 stilo
676 1074 925 1153 ¹arianae
957 1075 1284 1149 impietatis
1316 1074 1577 1133 confodit
1609 1076 1791 1148 atque
1846 1075 1970 1149 psit
2014 1074 2243 1134 celeber
2274 1074 2608 1134 Venantius
2641 1076 3127 1136 Fortunatus

509 1163 739 1240 detegit
799 1162 1186 1239 pravitatem:
1263 1163 1581 1221 ostendens
1645 1162 1788 1232 scil„
1843 1160 2125 1243 (Migne
2173 1162 2401 1232 LXXII,
2471 1175 2680 1227 55—'7
2692 1162 2775 1247 8).
2861 1166 3131 1241 Reliquit

510 1252 654 1330 quid
705 1259 910 1311 contra
957 1252 1193 1311 eosdem
1244 1252 1459 1311 habeat
1506 1252 1792 1311 catholica
1845 1252 2004 1310 enim
2066 1255 2472 1325 expositionem
2546 1254 2781 1312 brevem
2843 1256 3128 1330 antiquae

508 1338 786 1411 Ecclesia,
822 1341 914 1400 vel
935 1343 1226 1415 quantum
1252 1340 1325 1399 ab
1355 1340 1443 1400 eis
1475 1341 1661 1405 distat
1691 1359 1788 1398 re·
1846 1341 2131 1418 liturgiae
2162 1342 2486 1417 gallicanae
2530 1344 2592 1401 in
2638 1343 2783 1401 duas
2835 1344 3125 1421 digestam

508 1430 733 1507 ligione
762 1430 859 1489 vel
889 1429 1029 1489 fidei
1049 1430 1446 1495 sacramentis,
1494 1430 1703 1488 Exstat
1729 1422 1792 1489 et
1844 1428 2129 1506 epistolas
2151 1430 2267 1512 (ib.
2303 1424 2606 1513 894-99).
2637 1465 2724 1476 —-
2756 1433 2809 1491 N
2827 1433 3127 1491 icetius

508 1519 672 1578 aliud
706 1518 1005 1578 laudabile
1036 1520 1166 1595 ejus
1198 1520 1552 1594 opusculum
1585 1520 1788 1577 adver-
1843 1520 2051 1595 patria,
2082 1523 2157 1578 ut
2184 1518 2438 1587 videtur,
2471 1521 2776 1585 remensis.
2810 1522 2961 1580 circa
2994 1532 3114 1585 481

507 1626 607 1667 sus
636 1609 903 1668 instituta
917 1609 1300 1680 Arianorum,
1334 1610 1396 1666 in
1426 1626 1551 1684 quo
1574 1625 1790 1684 propo·
1844 1609 2223 1668 monasticam
2268 1608 2452 1667 vitam
2496 1613 2589 1667 est
2632 1610 2950 1685 professus.
3018 1611 3125 1668 Sui

502 1697 639 1777 ‘sitis
688 1715 891 1756 eorum
953 1696 1127 1755 dictis
1187 1715 1325 1755 suas
1375 1697 1788 1772 responsiones
1843 1698 2187 1756 monasterii
2206 1697 2430 1757 electus
2463 1700 2557 1756 est
2585 1698 2767 1756 abbas
2800 1701 2862 1756 et
2892 1699 2967 1757 ob
3000 1700 3119 1758 vir-

507 1776 756 1862 opponit
787 1783 957 1867 (haec
985 1788 1184 1844 tamen
1216 1786 1564 1862 perierunt).
1616 1786 1789 1844 Prae·
1844 1786 1996 1844 tutis
2046 1786 2417 1862 splendorem
2478 1787 2823 1846 trevirensis
2884 1787 3122 1863 praesul

506 1874 669 1934 terea
698 1875 887 1933 edidit
916 1894 1105 1933 unum
1152 1874 1223 1933 ad
1258 1875 1661 1933 Florentinam
1693 1893 1788 1933 so-
1844 1894 1894 1938 a.
1920 1884 2063 1943 527,
2095 1876 2193 1933 cui
2213 1876 2489 1934 ecclesiae
2521 1876 2595 1933 ob
2627 1878 2958 1951 temporum
2990 1881 3121 1935 tur-

506 1981 700 2022 rorem
732 1965 799 2021 de
839 1964 1203 2023 institutione
1232 1965 1523 2040 viryinum
1554 1967 1615 2022 et
1647 1982 1786 2023 con—
1833 1965 1948 2022 -bas
1993 1963 2309 2023 admodum
2355 1964 2697 2023 devastatae
2734 1984 2946 2041 magno
2977 1966 3119 2034 zelo,

505 2054 741 2128 temptu
818 2052 1025 2110 mundi
1116 2052 1389 2111 libellum
1469 2053 1788 2113 titulorum
1842 2053 2161 2129 prudentia
2191 2056 2370 2129 atque
2410 2052 2814 2112 sollicitudine
2845 2054 3119 2129 praefuit.

506 2141 995 2200 distinctionibus
1042 2144 1458 2218 praenotatum
1505 2137 1787 2224 (Migne
1843 2141 2236 2201 Fortitudinis
2282 2142 2637 2216 apostolicae
2699 2143 2864 2201 dedit
2926 2142 3120 2218 speci-

507 2230 732 2302 LXXII,
788 2228 1179 2313 873—294).
1245 2229 1549 2307 Siquidem
1612 2238 1674 2291 et
1721 2230 1788 2289 in
1842 2231 2019 2303 mina,
2070 2249 2207 2289 nam
2258 2231 2578 2290 clotarium
2637 2250 2838 2307 regem
2896 2232 2970 2289 ob
3021 2232 3116 2289 in·

504 2318 918 2378 ecclesiasticis
970 2318 1178 2378 officiis
1229 2319 1384 2377 idem
1435 2338 1553 2379 non
1603 2338 1785 2395 parvo
1839 2324 2034 2379 cest-as
2072 2319 2316 2395 nuptias
2359 2319 2575 2378 acriter
2618 2322 2763 2378 satis
2809 2320 3119 2395 redarguit

505 2407 796 2466 laboravit
815 2408 1047 2466 studio:
1080 2409 1145 2465 in
1175 2410 1303 2467 toto
1320 2408 1482 2467 enim
1504 2402 1785 2484 psalterio
1841 2409 2143 2484 sacrisque
2195 2407 2520 2478 interdixit,
2582 2409 2754 2484 cujus
2806 2414 3120 2483 propterea

504 2496 731 2571 duplici
761 2496 1023 2556 editione
1067 2497 1364 2556 orationes
1402 2498 1784 2573 conscripsit:
1832 2499 2009 2573 Jussu
2042 2499 2106 2555 in
2136 2497 2413 2555 exsilium
2445 2495 2679 2567 ductus,
2730 2497 3116 2572 postmodum

502 2586 566 2643 in
617 2585 898 2645 sacrificio
948 2604 1204 2662 quoque,
1269 2586 1551 2645 laudibus
1603 2591 1784 2662 atque
1840 2607 1875 2645 a
1925 2587 2221 2662 Sigiberto
2271 2585 2508 2646 Clotarii
2566 2585 2690 2645 filio
2750 2591 2887 2661 post
2932 2586 3116 2661 hujus

503 2675 748 2749 psalmis
778 2673 970 2734 multa
1000 2675 1159 2733 dulci
1198 2693 1341 2734 sono
1373 2676 1782 2752 composuitz‘
1839 2675 2072 2735 obitum
2104 2693 2246 2734 suae
2277 2675 2402 2734 sedi
2434 2679 2526 2734 est
2544 2675 2863 2734 restitutus
2895 2694 2943 2732 a.
2967 2684 3115 2736 562.

502 2763 639 2823 hinc
670 2783 705 2822 a
750 2783 870 2822 non
913 2764 1149 2822 nemine
1199 2764 1455 2823 habetur
1506 2765 1786 2842 liturgiae
1840 2765 2033 2823 Multa
2093 2767 2237 2823 sunt
2296 2763 2477 2840 hujus
2534 2764 2829 2840 praesulis
2875 2763 3120 2840 egregia

501 2852 897 2912 mozarabicae
974 2856 1205 2921 auctor,
1285 2853 1388 2911 sed
1467 2852 1784 2915 immeritO.

502 2940 799 3016 ,Scripsit
843 2945 904 2999 et
950 2941 1233 3017 epistolas
1266 2942 1519 3001 multas:
1556 2942 1642 2999 'ad
1674 2943 1784 3000 Pa-

499 3048 637 3104 pam
669 3031 1020 3107 Gregorium
1051 3025 1337 3113 (quocum
1371 3030 1584 3088 habuit
1614 3030 1784 3089 fami-

500 3118 819 3177 liaritatem
852 3119 1240 3194 intimamque
1260 3117 1781 3188 necessitudinem,

499 3225 533 3263 a
579 3224 697 3281 quo
743 3211 804 3265 et
848 3207 1076 3284 palium
1109 3207 1356 3285 accepit)
1401 3209 1471 3265 de
1502 3208 1785 3280 baptisnw

499 3314 696 3364 unam,
729 3297 975 3354 alteram
995 3296 1067 3354 ad
1092 3296 1351 3363 fratrem,
1388 3296 1451 3354 in
1474 3314 1592 3371 qua
1612 3315 1783 3371 prae-

498 3388 716 3454 monet,
752 3384 966 3459 cuique
988 3388 1239 3443 mortem
1260 3403 1380 3443 non
1404 3403 1529 3443 esse
1560 3385 1781 3444 timen-

500 3473 650 3528 dam.
735 3472 823 3530 Ad
887 3475 1112 3532 ceteros
1176 3492 1413 3549 quoque
1474 3473 1783 3549 episcopos

499 3560 787 3634 plurimas
832 3562 1236 3637 promulgavit
1286 3562 1604 3620 familiares
1652 3563 1779 3638 epi-

498 3648 699 3718 stolas,
731 3649 846 3705 etsi
875 3665 994 3707 non
1027 3650 1173 3708 satis
1195 3650 1534 3725 splendidas
1564 3650 1782 3721 verbis,

498 3738 701 3794 acutas
734 3740 932 3795 tamen
963 3739 1336 3796 sententiis«
1390 3740 1549 3797 Haec
1580 3743 1780 3798 tamen

499 3842 617 3882 non
649 3825 904 3899 amplius
935 3830 1279 3901 comparent
1322 3846 1536 3903 magno
1575 3828 1777 3886 erudi-

498 3916 696 3971 torum
729 3913 944 3982 dolore,
991 3932 1125 3973 cum
1169 3933 1354 3991 pauca
1386 3934 1536 3990 quae
1569 3934 1777 3991 super-

498 4004 641 4059 sunt
671 4020 809 4060 eum
841 4003 1184 4077 scriptorem
1216 4004 1518 4079 egregium
1552 4008 1778 4064 testen-

495 4091 613 4152 tur.
663 4091 945 4166 Superest
965 4091 1156 4149 adhuc
1176 4092 1422 4150 homilia
1450 4095 1515 4150 in
1546 4094 1779 4152 laudem

484 4171 782 4237 'Ecclesiae
826 4179 902 4237 ob
949 4180 1391 4239 conversionem
1424 4182 1624 4256 gentis
1660 4184 1773 4241 Go-

496 4267 737 4325 thorum
770 4277 908 4341 post
937 4267 1254 4327 concilium
1288 4265 1650 4351 (toletanum
1671 4271 1774 4330 111.

494 4374 544 4411 a.
601 4352 752 4432 589)
816 4359 877 4412 et
925 4356 1429 4415 confirmationem
1475 4376 1769 4417 canonum

496 4443 698 4501 habita
719 4441 824 4522 (ib.
850 4441 1184 4526 893-898).
1235 4445 1397 4505 Obiit
1415 4444 1457 4526 ¹)
1489 4455 1583 4509 13.
1606 4448 1775 4506 Mart.

577 4579 610 4628 ’Ἰ
640 4577 721 4628 Cf.
778 4576 1326 4632 Bardeuhewer
1375 4589 1403 4646 ξ
1458 4588 1557 4636 100
1609 4600 1664 4634 n.
1714 4588 1771 4638 3:

495 4649 537 4696 G
561 4663 592 4696 ο
611 4663 639 4696 e
657 4663 682 4696 r
699 4663 724 4695 r
740 4663 768 4696 e
786 4665 810 4696 s
840 4647 1093 4701 Leander
1120 4649 1179 4703 B.
1206 4668 1316 4704 von
1334 4651 1543 4704 Sevilla
1560 4651 1772 4706 Ztschr.

496 4716 589 4765 fiir
618 4715 935 4771 wissener-h.
962 4718 1156 4775 Theol.
1194 4728 1338 4776 188⁶.
1368 4722 1565 4782 XXIX,
1593 4731 1771 4779 36·50.

1838 2851 2114 2923 facinora,
2147 2852 2307 2911 unde
2337 2872 2372 2911 a
2393 2853 2680 2912 Venantio
2711 2853 3116 2911 Fortunato

1840 2942 2097 3001 carmine
2118 2941 2237 2999 fuit
2255 2941 2586 3000 celebratus
2621 2937 2812 3023 (1.111‚
2847 2959 3022 3001 carm.
3048 2940 3116 3014 9)

1839 3035 1900 3089 et
1930 3049 1964 3089 a
1995 3048 2039 3092 s.
2072 3031 2448 3107 Gregorio
2478 3029 2805 3099 turonensi,
2839 3029 2939 3104 qui
2980 3030 3113 3103 ejus

1839 3119 2155 3194 descripsit
2185 3121 2370 3177 vitam
2409 3118 2471 3176 in
2503 3118 2642 3176 vitis
2676 3120 2912 3193 patrum
2946 3135 2993 3178 c.
3035 3128 3107 3179 17

1828 3204 2123 3290 (Μίςιιο
2168 3207 2362 3276 LXXI,
2416 3205 2892 3283 1077—1084)‚
2955 3207 3112 3264 mul·

1838 3301 1972 3354 tum
2002 3295 2296 3357 laudatus,
2343 3295 2414 3353 In
2444 3295 2580 3354 hist.
2606 3295 2784 3353 franc.
2817 3295 2856 3353 l.
2875 3295 2925 3352 X
2957 3312 3005 3354 c.
3033 3304 3113 3355 19

1840 3386 1910 3444 de
1930 3403 1998 3445 eo
2019 3387 2293 3454 testatur,
2326 3384 2526 3458 ipsum
2554 3423 2581 3451 ,
2594 3384 2657 3442 in
2678 3383 3116 3458 praedicatione

1839 3473 2205 3532 admirabilis
2280 3472 2587 3530 facundiae
2663 3472 3113 3531 celeberrimum

1838 3561 2109 3621 habitum
2128 3561 2314 3620 fuisse
2345 3562 2408 3619 in
2442 3560 2672 3636 plebe.‘
2715 3559 2879 3619 Obiit
2895 3561 3115 3636 plenus

1838 3651 2065 3710 meritis
2114 3668 2161 3709 c.
2193 3670 2244 3712 a.
2281 3660 2424 3720 566,
2458 3650 2708 3724 ejusque
2741 3649 2817 3708 ab
2849 3649 3114 3707 Ecclesia

1837 3739 1997 3797 inter
2027 3741 2259 3797 sanctos
2290 3738 2572 3796 memoria
2591 3737 2877 3796 recolitur
2900 3747 2955 3798 5.
2977 3738 3112 3796 Dec.

1836 3828 1967 3903 Ipse
2028 3827 2299 3886 instituit
2360 3845 2573 3902 magno
2635 3844 2774 3884 suae
2834 3826 3113 3884 eeclesiae

1835 3915 2141 3975 commodo
2181 3915 2322 3974 cleri
2356 3914 2757 3973 seminarium.
2792 3908 3107 3994 Scripsit2)

1914 4098 1926 4129 ¹
1977 4087 2059 4139 cf.
2087 4086 2234 4139 Hist.
2261 4084 2347 4138 lit.
2374 4086 2443 4137 de
2470 4085 2525 4138 la
2552 4084 2640 4140 Fr.
2668 4085 2761 4146 ΙΙΙ,
2789 4087 3108 4140 310-317ε

1835 4162 1868 4211 S
1887 4175 1916 4210 c
1987 4156 2196 4210 roedl
2224 4156 2335 4209 KL.
2367 4157 2429 4216 V,
2458 4163 2719 4211 453—55.

1909 4233 1946 4284 ‘l
1977 4227 2060 4281 Cf.
2088 4228 2370 4295 Kayser
2411 4225 2592 4280 Ueber
2631 4226 2731 4278 das
2771 4225 2959 4279 Leben
2988 4226 3110 4278 und

1833 4299 1924 4352 die
1953 4299 2241 4353 Schriften
2266 4298 2364 4351 des
2390 4299 2443 4350 h.
2473 4297 2521 4349 N
2528 4296 2746 4358 icetius,
2774 4295 2933 4349 Trier
2955 4301 3114 4354 1872z

1832 4371 1868 4423 S
1884 4385 1918 4421 a
1934 4388 1971 4423 u
1989 4387 2018 4421 e
2035 4369 2147 4422 rla
2165 4388 2201 4422 n
2220 4370 2257 4422 d
2296 4368 2353 4420 in
2401 4369 2594 4420 Pastor
2630 4368 2811 4420 bouus
2858 4368 3110 4425 189011.

1831 4447 1931 4500 8ος
1981 4440 2051 4493 de
2080 4439 2396 4493 Lorenzi
2422 4439 2530 4494 KL.
2558 4443 2609 4499 9,
2635 4441 2912 4493 267—70:
2963 4438 3114 4491 Hist.

1829 4511 1915 4567 lit.
1957 4511 2025 4564 de
2066 4511 2121 4563 la
2163 4512 2252 4564 Fr.
2285 4513 2375 4573 111,
2416 4514 2716 4565 291—296.
2767 4507 3011 4561 Exstant
3035 4511 3110 4561 ad

1831 4599 1959 4635 eum
1988 4583 2231 4650 epistola
2258 4582 2314 4634 M
2330 4598 2363 4634 a
2379 4600 2416 4652 p
2434 4581 2506 4635 in
2524 4579 2582 4632 ii
2611 4579 2862 4647 episcopi
2891 4595 3116 4633 remen·

1829 4653 1906 4705 sis
1932 4661 1979 4722 st
2008 4659 2110 4708 569
2137 4655 2227 4707 vel
2256 4658 2397 4716 5731,
2442 4667 2554 4718 qua
2582 4665 2638 4702 se
2664 4654 2914 4711 excusat,
2950 4651 3112 4718 quod

1830 4741 1943 4776 non
1975 4725 2193 4776 venerit
2231 4724 2302 4777 ad
2344 4721 2644 4777 concilium
2687 4721 2932 4775 tullense
2961 4727 3116 4790 (5511
