3505 5161
365 218 486 273 545
995 206 1263 258 Ascetae·
1291 202 1577 256 Martinus
1604 200 1940 265 dumiensis,
1967 199 2194 257 Simeon
2224 200 2362 270 Styl.
2856 220 2976 272 54ss

362 389 516 448 didit
546 389 898 465 copiosaque
930 392 1241 465 praecepta
1289 389 1422 464 piae
1468 386 1643 445 insti·
1700 388 1904 446 lumen
1924 387 2331 463 epistolarum,
2367 389 2539 464 cujus
2574 388 2856 447 meminit·
2877 388 2914 446 l.
2935 406 2983 446 c.

361 478 1024 554 tutioniscomposuit“.
1042 480 1134 537 Ita
1152 479 1477 537 Isidorus
1494 477 1643 551 hisp.
1700 476 1987 551 Isidoru8‚
2064 480 2170 546 ,in
2231 480 2454 554 quibus
2504 480 2780 538 hortatur
2827 476 2982 534 vitae

362 568 434 626 de
464 568 613 626 viris
645 568 732 629 ill.
766 588 815 631 c.
850 577 949 631 35.
1017 567 1198 627 Ortus
1242 572 1334 626 est
1379 586 1447 626 ex
1492 567 1645 624 Pan·
1700 565 2172 627 emendationem
2204 573 2265 628 et
2297 567 2803 628 conversationem
2823 565 2980 633 fidei,

362 657 557 726 nonis,
623 657 981 716 monasterio
1043 657 1340 716 dumiensi
1364 672 1369 675 “
1389 656 1646 731 praefuit
1701 654 1984 714 orationis
2004 655 2351 717 instantiam
2383 661 2444 716 et
2475 658 2980 731 eleemosynarum

363 746 561 816 abbas,
602 746 705 804 sed
737 740 801 804 in
833 746 1063 822 synodo
1096 746 1428 805 bracarensi
1460 739 1645 826 (561)
1699 743 2190 806 distributionem
2222 752 2283 807 et
2315 765 2494 823 super
2525 745 2723 806 omnia
2752 744 2982 813 cultum

364 839 665 910 comparet
701 838 772 893 ut
803 836 1114 911 episcopus
1148 834 1493 906 dumiensiS,
1541 851 1644 909 po·
1701 833 2000 892 virtutum
2021 837 2287 896 omnium
2319 839 2381 895 et
2411 837 2712 911 pietatem,
2731 832 2984 892 *videtur

364 928 492 982 stea
523 924 716 982 factus
746 927 842 982 est
859 925 1242 999 metropolita
1260 923 1645 991 bracarensis,
1702 921 1965 998 periisse,
2013 926 2131 984 nisi
2175 927 2289 986 sub
2334 924 2773 1001 illo'intelligat
2803 938 2982 997 opuse

365 1013 502 1071 hinc
551 1013 1009 1089 cognominatur
1069 1013 1245 1071 modo
1302 1012 1645 1080 dumiensis,
1698 1011 1839 1070 cula
1877 1012 2163 1073 hactenus
2209 1015 2465 1074 laudata.
2530 1014 2739 1072 Exstat
2782 1031 2871 1086 ep.
2916 1011 2985 1068 de

366 1101 537 1160 modo
569 1102 937 1161 bracarensis
971 1098 1033 1182 (†
1058 1098 1229 1182 580).
1278 1102 1369 1160 Ab
1389 1100 1650 1159 Ecclesia
1703 1103 1863 1159 trina
1906 1108 2208 1182 mersione,
2270 1124 2389 1180 qua
2437 1104 2752 1180 impugnat
2787 1100 2984 1158 'ritum

367 1189 524 1250 inter
556 1194 789 1249 sanctos
822 1190 1039 1250 colitur
1084 1195 1157 1250 et'
1182 1192 1339 1250 inter
1370 1188 1647 1265 aequales
1703 1190 2093 1265 baptismi'ab
2126 1194 2345 1252 arianis
2383 1193 2713 1261 inductum,
2761 1188 2865 1265 qui
2910 1188 2984 1247 il·

367 1298 486 1338 non
518 1280 715 1339 solum
747 1281 1099 1349 sanctitate„
1127 1282 1227 1339 sed
1276 1284 1337 1339 et
1382 1278 1649 1338 doctrina
1704 1281 1828 1338 lum
1893 1281 2007 1338 sub
2068 1302 2190 1341 una
2247 1281 2627 1341 conferebant
2674 1280 2984 1338 mersione.

369 1366 629 1428 emicuit.
694 1369 943 1444 Scripsit
990 1371 1061 1427 de
1108 1369 1457 1442 differentiis
1505 1387 1647 1445 qua·
1704 1371 2126 1445 Aegyptiorum
2147 1378 2395 1447 patrum
2429 1371 2736 1429 sententias
2779 1370 2908 1444 ipse
2954 1385 2985 1424 e

368 1466 501 1517 tuor
530 1460 806 1517 virtutum
828 1454 1269 1539 (cardinalium)
1292 1476 1397 1517 seu
1424 1460 1644 1532 formu·
1703 1477 1911 1537 graeco
1956 1460 2140 1520 latine
2184 1460 2369 1519 vertit
2410 1454 2689 1541 (Migne
2732 1454 2983 1526 LXXIV,

366 1549 485 1607 lam
518 1550 666 1606 vitae
701 1549 967 1606 honestae
1009 1548 1082 1606 ad
1128 1548 1644 1623 Mironem.regem
1708 1546 2115 1633 381—394);
2201 1549 2610 1608 collectionem
2687 1547 2986 1623 geminam

368 1638 714 1706 Suevorum,
763 1636 868 1711 qui
914 1655 1049 1694 eum
1082 1634 1396 1713 rogaverat
1441 1637 1513 1694 de
1559 1636 1648 1693 in·
1703 1639 1848 1708 scil.,
1897 1638 2078 1696 Verba
2108 1640 2399 1697 seniorum
2436 1637 2619 1696 latine
2642 1636 2825 1694 vertit
2855 1636 2985 1710 ejus

368 1726 714 1784 structione.
780 1725 864 1783 Ea
909 1743 1082 1800 saepe
1128 1725 1375 1789 seorsim
1426 1724 1649 1801 prodiit
1705 1728 1950 1787 hortatu
2007 1728 2479 1786 Paschasius
2543 1726 2864 1784 monachus
2926 1727 2987 1782 et

368 1818 438 1872 ut
467 1832 591 1873 cur.
624 1813 1005 1885 Weidner,
1038 1814 1427 1892 Magdeburgi
1466 1822 1647 1885 1872,
1702 1817 1987 1876 diaconus
2007 1816 2335 1875 dumiensis
2368 1811 2431 1896 (†
2453 1811 2606 1896 583)
2640 1818 2819 1889 atque
2850 1831 2985 1871 con÷

368 1904 457 1963 ed.
500 1904 693 1973 bona3
738 1902 948 1961 Neisse
976 1913 1153 1966 .1892
1189 1922 1312 1963 cur.
1348 1904 1506 1978 May
1540 1907 1648 1962 etc.
1706 1906 1976 1965 stituunt
2006 1906 2045 1969 l.
2065 1905 2190 1965 VII.
2212 1925 2304 1981 op.
2330 1905 2402 1962 de
2435 1903 2578 1962 vitis
2608 1904 2719 1965 ΡΡ.
2749 1923 2784 1961 a
2815 1903 2980 1961 Ros·

370 1992 497 2061 Quo
527 1992 592 2050 in
621 1993 659 2049 l.
683 1992 776 2049 vix
799 2009 844 2050 s.
866 1991 1231 2067 Scripturam
1251 1993 1510 2068 respicit,
1546 1991 1650 2050 sed
1704 1995 1964 2071 weydo
2055 1994 2202 2053 editi
2216 1990 2264 2075 ¹)
2341 1992 2705 2068 Antverpiae
2788 2001 2985 2058 16153

372 2081 581 2140 stilum
626 2084 687 2139 et
735 2081 1031 2159 sentiendi
1076 2082 1366 2140 rationem
1401 2081 1649 2140 Senecae
1717 2092 1913 2153 1628}
1947 2084 2012 2142 in
2043 2084 2295 2159 Migne
2325 2083 2388 2141 P.
2409 2082 2472 2140 L.
2493 2079 2748 2151 LXXIII,
2793 2090 2986 2143 1025·

371 2169 657 2245 sequitur,
691 2172 761 2227 ut
792 2170 1152 2229 anonnullis
1189 2170 1512 2229 haberetur
1542 2188 1650 2245 pro
1714 2182 1901 2235 1062.
1980 2171 2246 2230 Libellus
2307 2172 2377 2229 de
2426 2177 2804 2246 paupertate,
2868 2187 2985 2245 quo

369 2259 548 2334 hujus
570 2258 808 2333 scripto,
856 2257 972 2316 Pro
991 2261 1317 2332 repellenda
1337 2260 1646 2335 jactantia,
1705 2258 2093 2320 continentur
2135 2264 2409 2336 excerpta
2453 2278 2522 2318 ex
2569 2260 2818 2318 Senecae
2864 2258 2986 2334 epi-

368 2350 437 2406 de
480 2347 774 2423 superbia,
822 2349 1144 2407 exhortatio
1180 2350 1530 2408 humilitatis
1560 2348 1651 2406 vi·
1707 2350 1898 2422 stolis,
1931 2346 2234 2427 genuinus
2266 2367 2384 2407 non
2417 2348 2673 2406 videtur.
2736 2349 2989 2406 Demum

369 2437 588 2495 dentur
619 2437 840 2511 pariter
872 2438 1086 2496 Mironi
1131 2437 1258 2514 regi
1305 2438 1529 2507 dicata;
1577 2438 1647 2494 li·
1710 2439 1955 2516 collegit
2004 2438 2181 2497 etiam
2239 2438 2513 2513 Capitula
2575 2455 2680 2496 seu
2742 2431 2993 2495 canones

367 2526 558 2585 bellus
604 2527 673 2585 de
716 2529 836 2600 ira,
884 2526 1142 2602 epitome
1179 2527 1241 2586 ll.
1278 2536 1334 2599 3,
1381 2545 1533 2604 quos
1580 2526 1652 2586 de
1714 2523 1850 2611 (84)
1900 2546 1970 2588 ex
2016 2526 2276 2588 conciliis
2308 2528 2658 2604 plerumque
2692 2525 2996 2586 orientali-

369 2617 456 2674 ira
499 2616 739 2692 scripsit
785 2615 1033 2687 Seneca3
1093 2618 1163 2674 de
1208 2618 1481 2690 moribus,
1531 2618 1647 2676 col·
1708 2618 1825 2676 bus
1845 2662 1858 2686 ‚
1937 2617 2221 2676 africanis
2280 2619 2342 2675 et
2402 2616 2661 2691 hispanis
2723 2616 2997 2693 (Migne

368 2705 542 2764 lectio
574 2705 1005 2764 sententiarum
1039 2705 1357 2776 seniorum,
1394 2706 1651 2774 ‚libellus
1710 2705 2012 2776 LXXXIV,
2068 2715 2447 2775 574—-5863
2498 2704 2710 2772 CXXX,
2777 2715 2991 2767 575-—

366 2794 516 2852 forte
568 2795 952 2870 suppositus3
1015 2794 1087 2852 de
1125 2797 1351 2868 paseha
1403 2794 1525 2854 scil.
1581 2794 1652 2853 de
1716 2792 1887 2876 588).
1947 2795 2145 2854 Editio
2178 2794 2375 2853 omnia
2420 2793 2818 2868 complectens
2864 2795 2992 2869 ejus

367 2886 635 2957 tempore
681 2882 1017 2941 celebrandi
1063 2885 1378 2958 paschatis,
1428 2884 1531 2959 qui
1578 2884 1651 2941 li·
1712 2903 1889 2960 opera
1919 2885 2183 2943 nondum
2217 2883 2457 2958 prodiit.

367 2971 563 3030 bellus
612 2974 967 3031 retractatus
1013 2973 1237 3048 prodiit
1269 2974 1428 3031 inter
1478 2969 1655 3047 opera

367 3080 411 3119 a.
460 3057 882 3126 Athanasii
947 3062 1102 3136 apud
1170 3061 1422 3138 Migne
1472 3062 1534 3122 P.
1587 3061 1651 3118 G.

370 3149 630 3219 XXVIII,
692 3160 1144 3214 1605—1610.
1224 3151 1378 3209 Haec
1425 3155 1650 3226 septem
1710 3150 1972 3227 Stylites,
2001 3150 2210 3225 junior
2240 3150 2453 3220 dictuS,
2487 3152 2559 3209 ut
2587 3151 2995 3226 distinguatur

369 3239 658 3313 opuscula
707 3238 1003 3298 habentur
1061 3239 1126 3297 in
1174 3238 1321 3297 bibl.
1373 3241 1491 3300 vet.
1542 3239 1652 3296 ΡΡ.
1710 3259 1744 3297 a
1776 3257 1990 3315 magno
2023 3238 2127 3297 illo
2161 3238 2432 3302 Simeone
2467 3239 2698 3314 Stylite,
2747 3238 2850 3312 qui
2898 3257 2990 3297 se-

354 3331 410 3384 ·t.
431 3326 541 3384 XII
574 3331 636 3385 et
666 3326 919 3403 Migne
953 3328 1018 3385 P.
1037 3328 1097 3389 L.
1118 3327 1348 3399 LXXII,
1376 3337 1653 3390 29—53.
1710 3329 1914 3386 culum
1946 3328 2012 3385 V.
2043 3327 2376 3387 illustravit
2405 3331 2584 3404 atque
2617 3328 2726 3386 hoc
2755 3327 2994 3385 vivendi

370 3418 438 3473 In
484 3433 757 3474 sermone
805 3418 874 3474 de
921 3419 1264 3476 correctione
1306 3420 1653 3476 rusticorum

1804 3062 2040 3125 307.1n
2074 3060 2119 3119 O
2138 3062 2399 3119 riente
2429 3061 2695 3120 innotuit
2716 3060 2994 3120 Simeon

369 3504 655 3564 disseruit
686 3505 822 3564 stilo
844 3506 1099 3581 simplici
1118 3509 1180 3565 et
1197 3507 1373 3576 clar0,
1407 3509 1653 3583 rogante

369 3593 630 3653 Polemio
680 3595 956 3670 episcopo
1007 3595 1383 3665 asturicensi,
1448 3599 1654 3654 contra

368 3685 709 3759 grassantes
743 3682 936 3742 adhuc
982 3701 1164 3758 penes
1208 3685 1466 3743 rusticos
1512 3684 1652 3743 reli-

367 3772 540 3846 quias
619 3774 682 3830 ot
763 3772 1223 3848 superstitiones
1303 3773 1653 3850 paganismi.

368 3860 573 3918 Edidit
618 3860 769 3919 illud
821 3861 1124 3938 integrum
1181 3866 1243 3920 et
1307 3864 1651 3921 accuratum

371 3950 412 4007 C
426 3969 461 4008 a
476 3967 503 4008 s
521 3970 559 4025 p
575 3969 608 4007 a
622 3950 688 4008 ri
739 3951 1227 4010 annotationibus
1281 3951 1652 4010 illustratum

371 4057 503 4097 cum
536 4039 755 4098 notitia
784 4040 1019 4098 erudita
1036 4040 1304 4099 literaria
1333 4041 1406 4099 de
1438 4040 1563 4100 vita
1592 4043 1653 4097 et

374 4127 612 4204 scriptis
645 4129 902 4201 Martini,
950 4130 1012 4186 in
1057 4148 1147 4203 op.
1187 4129 1313 4190 scil.
1349 4129 1567 4187 Martin
1599 4148 1651 4191 v,

371 4217 466 4277 Br.
501 4217 722 4276 Schrift
766 4218 837 4275 de
880 4219 1239 4277 correctione
1271 4219 1649 4287 rusticorum,

372 4306 727 4365 Christiania
783 4316 968 4376 1883,
1022 4306 1110 4367 ed.
1144 4307 1383 4383 egregia
1397 4301 1463 4388 ¹).
1536 4306 1650 4364 Vo-

1710 3551 1796 3606 los
1823 3549 1883 3603 di
1911 3568 1953 3604 s.
1981 3550 2312 3620 Martingho
2357 3550 2759 3612 Barchon-ense,
2787 3549 2994 3604 Lisboa.

1715 3626 1867 3678 1803.
1921 3622 2264 3675 Bardenh
2286 3638 2474 3674 ewer
2500 3621 2612 3674 KL.
2643 3621 2790 3686 VIII,
2819 3627 2993 3679 922-

1709 3700 1830 3756 924,
1857 3695 1916 3745 et
1943 3693 2148 3746 Patrol.
2176 3702 2202 3759 ἓ
2233 3701 2348 3748 119.

1785 3771 1825 3834 ¹)
1856 3763 1914 3816 L.
1943 3763 2011 3817 V.
2040 3764 2325 3833 interpres
2351 3766 2440 3817 est
2464 3763 2506 3816 P
2524 3762 2826 3833 elagius
2855 3765 2908 3816 S.
2930 3763 2993 3815 R.

1710 3834 1774 3887 E.
1801 3835 2093 3899 diaconae,
2139 3851 2309 3902 quem
2352 3835 2556 3904 Georg.
2597 3833 2644 3888 G
2661 3852 2694 3887 a
2710 3853 2785 3889 rn
2803 3851 2831 3888 e
2852 3834 2917 3887 fe
2934 3834 2952 3886 l
2971 3837 2996 3887 t

1711 3908 1905 3961 censet
1953 3922 2071 3960 esse
2122 3921 2271 3968 eum,
2312 3905 2414 3974 qui
2464 3906 2829 3976 postmodum
2882 3905 2996 3959 fuit

1707 3994 1851 4034 rom.
1878 3977 2134 4046 pontifex
2164 3978 2337 4047 hujus
2363 3977 2612 4031 nomi..is
2641 3977 2877 4057 primus.
2899 3977 2992 4057 ,de

1708 4065 2013 4173 2332?ss
2031 4047 2992 4190 ἳξέἒοῖῗῖἑωέξεὶῖιῖιῗῗίὲθῖἷῗῖἓὲιὲ

1708 4190 1969 4255 LXXIII,
2037 4193 2378 4261 855-992.).
2454 4190 2621 4243 Liber
2689 4181 2782 4242 hic
2851 4192 2993 4242 teste

1708 4262 1750 4315 P
1768 4263 1806 4314 h
1822 4280 1855 4317 o
1873 4262 1980 4315 tio
2024 4262 2150 4315 cod.
2196 4268 2294 4317 198
2323 4259 2699 4322 ..utilissimus
2738 4259 2992 4330 profecto

1710 4337 1797 4387 est
1823 4333 1911 4396 iis,
1940 4333 1988 4386 si
2006 4332 2319 4402 quisalius,
2346 4331 2449 4400 qui
2474 4331 2546 4384 ad
2574 4332 2872 4385 coelestem
2902 4331 2994 4383 he-

1708 4404 2012 4459 reditatem
2038 4404 2351 4472 parandam
2380 4402 2558 4456 vitam
2587 4420 2746 4457 suam
2771 4418 2994 4472 compo-

1710 4480 1912 4529 nunt“.
1952 4475 2013 4528 L.
2041 4475 2134 4530 Vl.
2163 4475 2264 4543 qui
2292 4474 2691 4544 complectitur
2716 4473 2830 4526 alia
2858 4489 2993 4540 qua·

449 4557 485 4622 ¹)
513 4550 596 4605 Cf.
626 4548 854 4602 Ebert
877 4551 918 4602 t.
948 4547 1651 4604 121.3c.29:Ga11andi
1709 4551 1841 4601 tuor
1891 4549 2166 4617 opuscula
2217 4546 2290 4616 (M
2313 4545 2485 4613 igne
2536 4545 2611 4598 ib.
2653 4551 2757 4601 993
2773 4548 2991 4608 --10243

370 4623 508 4677 bibl.
535 4621 645 4675 ΡΡ.
674 4621 791 4683 XII,
827 4624 1048 4683 17—22,
1093 4619 1196 4688 qui
1238 4619 1385 4673 illud
1416 4636 1653 4687 opuscu·
1707 4618 1858 4673 inter
1901 4636 1988 4672 res
2006 4622 2090 4671 est
2115 4618 2144 4671 J
2161 4633 2416 4672 oannes
2443 4616 2496 4672 S.
2525 4616 2588 4668 R.
2617 4615 2677 4669 E.
2699 4615 2994 4670 subdiaco-

370 4695 488 4748 lum
517 4691 704 4746 edidit
729 4691 805 4745 ib.
845 4710 901 4762 p.
931 4694 1242 4749 275-290:
1296 4690 1338 4743 P
1356 4707 1388 4743 o
1406 4692 1573 4743 ttha
1590 4709 1614 4742 s
1631 4693 1655 4742 t
1708 4709 1834 4755 nus,
1886 4693 2005 4743 orte
2032 4690 2126 4745 ille
2155 4689 2257 4755 qui
2284 4688 2390 4741 sub
2413 4688 2518 4741 hoc
2545 4687 2770 4741 nomine
2791 4686 2993 4740 tertius

370 4786 425 4835 p.
454 4768 590 4822 770:
640 4764 703 4816 A.
733 4762 798 4817 G.
825 4763 892 4816 de
921 4762 1153 4816 Amaral
1184 4763 1227 4813 V
1234 4762 1388 4815 idae
1415 4779 1651 4833 opuscu-
1709 4761 1942 4831 Pelagio
1961 4763 2000 4815 I.
2019 4761 2076 4813 in
2098 4761 2226 4813 sede
2244 4758 2514 4813 successit
2536 4758 2850 4829 apostolica
2873 4761 2992 4814 573.

586 4862 775 4916 Hui-tor,
803 4862 1133 4908 Nomenclator
1158 4861 1177 4907 1
1204 4861 1278 4907 cd.
1307 4860 1388 4906 111.

2605 4854 2671 4903 18
