3505 5161
437 288 577 349 VIII

620 468 949 544 Sequemur
993 468 1261 528 ordinem
1306 469 1790 547 chronologicum
1833 487 2115 548 supremo
2166 470 2325 530 vitae
2375 489 2527 530 anno
2580 471 3063 532 determinatum.

435 574 593 647 Illos,
643 594 900 651 quorum
950 576 1159 636 mortis
1208 595 1401 636 annus
1451 578 1545 638 vel
1595 577 1859 638 incertus
1906 579 1999 637 est
2043 577 2135 639 vel
2181 577 2356 638 nobis
2386 578 2748 657 incognitus,
2782 579 3062 640 asterisco

437 682 831 742 indicabimus
860 685 925 742 et
943 701 1098 742 anno
1117 684 1569 761 assignabimus,
1603 703 1723 762 quo
1757 685 1952 745 adhuc
1979 685 2252 745 vixerint.
2284 686 2727 747 Distribuemus
2749 687 3062 765 theologos

438 788 764 849 secundum
796 790 1162 850 nationes
1195 791 1391 851 varias
1421 792 1488 851 in
1517 792 1727 851 classes
1757 810 1865 867 pro
1899 792 2238 853 seculorum
2270 792 2462 869 lapsu.
2506 792 2690 852 Initio
2723 792 2962 868 quidem
2994 794 3060 852 in

438 896 757 955 orientales
781 898 844 955 et
865 896 1273 957 occidentales.
1305 897 1555 975 Vigente
1579 898 1737 958 enim
1764 898 2015 976 imperio
2043 917 2286 959 romano
2305 900 2400 959 vel
2429 900 2594 960 illius
2615 901 2828 960 umbra
2860 902 3062 960 variae

439 1004 709 1063 nationes
732 1022 880 1064 ·non
911 1004 1057 1063 adeo
1086 1004 1247 1064 inter
1278 1022 1341 1063 se
1373 1006 1545 1064 erant
1574 1004 1881 1068 discretae.
1943 1005 1996 1064 A
2028 1006 2226 1066 seculo
2258 1005 2369 1063 XII
2399 1006 2537 1066 illos
2583 1010 2925 1085 quatuor
2966 1006 3058 1065 di·

438 1108 674 1169 stinctis
724 1109 1131 1170 exhibebimus
1165 1110 1491 1183 columnis;
1543 1109 1784 1170 demum
1832 1129 1868 1169 a
1912 1128 2031 1176 sec.
2078 1110 2228 1170 XVI.
2288 1112 2559 1173 nationes
2609 1113 3058 1190 distinguemus

438 1217 684 1290 septem,
733 1215 857 1277 scil.
907 1234 1329 1293 germanos,
1383 1218 1730 1294 polonos,
1781 1219 2071 1296 anglos,
2123 1218 2412 1295 belgas,
2462 1219 2739 1296 gallos,
2792 1220 3049 1290 italos,

438 1321 766 1399 hispano
785 1341 832 1394 s,
885 1322 998 1382 sub
1046 1323 1271 1398 quibus
1302 1323 1507 1383 affines
1560 1326 2019 1402 complectemur
2049 1325 2230 1385 etiam
2261 1328 2492 1403 gentes.
2554 1325 2805 1386 Ratione
2854 1324 3064 1384 habita

438 1427 1036 1504 disciplinarum
1067 1431 1258 1506 primo
1291 1430 1534 1505 quidem
1567 1432 2164 1507 quadruplicem
2206 1432 2479 1491 dabimus
2510 1432 2852 1492 elenchum:
2886 1432 3058 1492 theo·

442 1535 714 1612 logorum
745 1536 867 1596 scil.
898 1554 1122 1609 eorum,
1154 1537 1261 1613 qui
1282 1539 1377 1597 vel
1396 1537 1459 1595 in
1479 1538 1782 1615 theologia
1813 1538 1851 1597 d
1869 1557 1902 1598 o
1918 1539 2158 1616 gmati
2178 1558 2257 1598 ca
2286 1540 2427 1598 usui
2458 1539 2647 1617 magis
2679 1557 2806 1599 esse
2827 1540 3058 1617 possint

438 1636 644 1725 (quam
674 1645 878 1719 postea
907 1643 972 1703 in
1004 1645 1563 1705 scholasticam
1594 1647 1657 1704 et
1685 1646 2142 1723 polemicam
2173 1645 2617 1723 distinguemus
2638 1665 2743 1705 seu
2763 1646 3059 1707 cuiadde·

437 1767 572 1809 mus
601 1749 911 1828 religionis
942 1750 1295 1810 christianae
1344 1747 1827 1834 apologiam),
1877 1752 1973 1811 vel
2006 1753 2111 1830 qui
2141 1752 2215 1810 de
2248 1771 2321 1812 ss.
2371 1751 2645 1812 literis
2690 1756 3055 1825 meruerunt,

437 1856 535 1916 vel
565 1857 675 1934 qui
701 1856 765 1916 in
797 1857 1165 1933 argumentis
1197 1858 1415 1916 versati
1449 1860 1595 1918 sunt
1639 1858 2058 1918 historicis
2103 1853 2311 1941 (etiam
2356 1859 2421 1917 in
2452 1859 2875 1935 archaeologia,
2909 1860 3059 1918 actis

439 1960 809 2034 Sanctorum,
841 1963 1090 2022 historia
1121 1962 1404 2035 literaria,
1437 1964 1879 2042 haereseologia
1909 1960 2064 2047 etc.)‚
2104 1966 2200 2025 vel
2249 1965 2355 2042 qui
2404 1965 2643 2024 demum
2695 1965 3052 2043 theologiam

439 2069 823 2130 excoluerunt
870 2069 1296 2145 practicam
1349 2066 1486 2152 (sub
1534 2089 1654 2147 qua
1697 2071 2146 2148 complectimur
2160 2074 2262 2147 jus
2292 2071 2655 2142 canonicum,
2689 2072 3054 2150 theologiam

440 2177 721 2235 moralem
750 2178 812 2235 et
840 2178 1215 2252 pastoralem,
1247 2178 1591 2255 liturgicam
1624 2180 1685 2237 et
1702 2178 2022 2255 mysticam
2042 2196 2149 2238 seu
2167 2179 2479 2237 asceticam
2499 2174 2658 2259 etc.).
2692 2179 3054 2238 Recentiori·

437 2282 551 2341 bus
584 2283 800 2342 seculis
846 2284 1172 2362 adjecimus
1219 2285 1773 2363 Patrologiam,
1821 2284 2199 2362 disciplinam
2246 2286 2366 2346 fere
2414 2287 2727 2346 novellam.
2792 2286 3060 2363 Singulis

439 2389 580 2450 dein
609 2391 789 2450 tomis
821 2392 1219 2467 amplissimos
1251 2392 1636 2468 subjiciemus
1683 2392 1927 2465 indices,
1974 2392 2195 2469 quibus
2246 2391 2534 2452 lectorum
2579 2392 2883 2450 commodo
2916 2409 3056 2451 con-

441 2496 637 2555 sulere
670 2496 1064 2562 studebimus.

616 2604 751 2663 Non
780 2606 1214 2665 recensebimus
1246 2625 1423 2683 opera
1470 2606 1669 2665 omnia
1716 2601 1852 2688 (nec
1884 2606 2207 2665 eorundem
2239 2604 2530 2664 editiones
2563 2601 2793 2687 omnes)
2826 2606 3053 2665 theolo-

438 2729 670 2788 gorum,
703 2729 852 2787 quos
882 2712 1378 2783 enumerabimus,
1426 2732 1499 2772 ne
1544 2713 1696 2772 citra
1737 2713 2148 2772 necessitatem
2177 2712 2402 2771 librum
2433 2715 2707 2772 nostrum
2740 2730 3056 2772 oneremus

440 2836 687 2894 operum
716 2818 950 2889 titulis;
985 2818 1089 2877 sed
1121 2820 1358 2878 tantum
1391 2819 1738 2897 insigniora,
1786 2839 1939 2896 quae
1988 2819 2079 2879 vel
2109 2818 2392 2890 utilitate,
2444 2819 2538 2878 vel
2571 2818 2926 2889 eruditione,
2959 2819 3057 2877 vel

439 2923 853 3000 singularitate
885 2925 978 2983 vel
1006 2924 1159 2983 fama
1188 2925 1390 3001 aliquo
1435 2925 1609 2985 modo
1657 2927 1976 2986 excellunt.
2037 2925 2339 2984 Addamus
2385 2925 2760 2984 eruditorum
2807 2924 2880 2983 de
2929 2925 3054 2983 illis

439 3050 718 3092 censuras
752 3035 1049 3108 quotquot
1090 3034 1347 3110 reperire
1379 3035 1706 3113 potuimus,
1755 3052 2187 3110 nonnunquam
2233 3035 2294 3092 et
2337 3034 2617 3103 nostram,
2667 3036 2740 3090 ut
2769 3032 2943 3106 quale
2977 3032 3057 3090 sit

440 3139 634 3216 operis
663 3139 944 3215 pretium,
978 3139 1163 3199 lector
1192 3141 1486 3217 conjiciat.
1549 3141 1662 3211 Qui
1703 3160 1845 3201 vero
1879 3140 2147 3200 omnium
2171 3138 2400 3214 judicio
2432 3138 2592 3196 inter
2623 3157 2762 3197 suos
2793 3139 3059 3197 eminent

438 3245 729 3321 aequaleS,
761 3249 835 3304 ut
862 3246 1129 3323 theologi
1160 3247 1339 3322 primi
1369 3246 1597 3306 ordinis
1642 3247 1803 3306 haud
1847 3246 2145 3306 immerito
2177 3246 2468 3315 dicantur,
2503 3245 2788 3303 distincto
2820 3245 3053 3304 charac-

439 3355 564 3411 tere
596 3352 983 3424 notabuntur‚
1015 3356 1077 3412 et
1106 3355 1474 3414 celeberrimi
1519 3355 1765 3432 quidem
1810 3354 1972 3430 typis
2022 3352 2427 3412 nitidioribus,
2492 3351 2606 3420 Qui
2637 3371 2776 3412 vero
2808 3352 3058 3411 minoris

442 3460 586 3516 sunt
616 3457 820 3529 famae,
853 3459 1277 3519 minutioribus
1307 3479 1541 3536 quoque
1586 3462 1749 3538 typis
1783 3458 2245 3536 designabimus.
2306 3456 2477 3526 Quod
2507 3457 2559 3516 si
2590 3458 2903 3534 theologus
2935 3475 3055 3516 non

439 3563 503 3621 in
542 3573 675 3621 'una
722 3567 958 3623 tantum
1021 3565 1329 3625 emicuerit
1390 3565 1719 3642 disciplina,
1787 3566 1971 3625 literis
2038 3564 2292 3625 cursivis
2356 3564 2592 3639 aliaque
2656 3564 2720 3622 in
2783 3564 3059 3623 columna

441 3671 821 3748 comparebit.

623 3777 905 3854 Aggressi
938 3777 1212 3852 equidem
1246 3797 1472 3849 sumus,
1506 3797 1658 3838 ausu
1676 3779 1830 3837 forte
1848 3776 2187 3848 temerariO,
2220 3796 2374 3853 opus
2407 3776 2680 3845 arduum,
2714 3775 3053 3833 nomencla-

442 3886 637 3943 turam
671 3884 794 3943 scil.
824 3884 1097 3944 exhibere
1129 3885 1537 3963 theologorum
1569 3886 1995 3944 catholicorum
2042 3886 2231 3945 totius
2275 3905 2442 3945 aerae
2488 3883 2858 3944 christianae.
2921 3881 3055 3940 Non

443 3990 766 4050 diffitemur
784 3991 1002 4051 laboris
1022 3991 1448 4063 difficultatem,
1470 3993 1565 4052 cui
1585 4011 1693 4068 pro
1713 3992 2008 4070 dignitate
2029 3993 2375 4052 sustinendo
2396 3992 2658 4052 virorum
2678 3991 3057 4049 literatorum

442 4116 590 4173 opus
621 4101 776 4156 esset
806 4099 1208 4172 societate,
1244 4099 1295 4156 si
1326 4102 1676 4174 conspectus
1710 4098 1835 4158 scil.
1867 4101 2244 4175 exspectetur
2274 4101 2515 4157 exactus
2536 4099 2608 4157 ad
2629 4098 2822 4157 omnia
2852 4114 3052 4156 recen-

441 4204 610 4263 tioris
645 4205 791 4264 artis
822 4206 1063 4264 criticae
1094 4207 1409 4283 postulata,
1456 4206 1836 4276 universalis,
1884 4207 2233 4283 completus,
2283 4209 2596 4265 accuratus
2626 4209 2806 4280 atque
2839 4204 3052 4262 fidelia.

443 4312 587 4371 Cum
618 4331 756 4371 vero
787 4312 1078 4388 ejusmodi
1112 4313 1417 4371 hominum
1463 4311 1836 4372 eruditorum
1887 4312 2251 4388 conspiratio
2283 4330 2581 4388 nusquam
2614 4311 2786 4371 modo
2820 4327 3055 4384 eompa-

442 4419 570 4475 reat
599 4437 792 4494 neque
823 4419 994 4478 facile
1026 4420 1353 4496 exspectari
1402 4420 1610 4496 possit,
1663 4422 1725 4477 et
1775 4437 1910 4479 cum
1958 4421 2052 4479 vel
2101 4422 2404 4479 tentamen
2454 4420 2561 4478 hoc
2607 4419 2669 4477 in
2702 4420 3056 4494 argumento

440 4526 704 4586 utilitate
736 4545 857 4586 non
888 4530 1111 4587 careat:
1159 4528 1453 4605 specimen
1506 4529 1717 4586 saltem
1750 4527 2040 4603 ejusmodi
2073 4530 2423 4604 conspectus
2455 4545 2562 4604 pro
2592 4526 2825 4586 viribus
2858 4526 3057 4585 tenui-

440 4633 554 4692 bus
586 4632 863 4710 colligere
894 4633 1256 4693 tentavimus
1289 4634 1462 4693 initio
1495 4638 1736 4711 sumpto
1772 4654 1807 4692 a
1850 4636 2098 4695 concilio
2144 4635 2471 4694 tridentino
2521 4634 2594 4696 ad
2626 4637 2834 4692 nostra
2864 4651 3056 4707 usque

442 4742 724 4816 tempora.
755 4739 946 4797 Exciti
966 4739 1366 4816 inexspectato
1388 4741 1812 4800 benevolorum
1832 4741 2121 4800 lectorum
2139 4741 2353 4812 favore,
2377 4759 2493 4817 quo
2514 4741 2631 4799 tria
2646 4739 2842 4815 priora
2861 4737 3054 4814 operis

442 4849 801 4923 exceperunt
825 4847 1145 4919 volumina,
1170 4848 1561 4924 cogitavimus
1584 4847 1653 4905 de
1673 4846 2076 4906 continuando
2097 4846 2540 4905 Nomenclatore
2560 4844 2834 4904 methodo
2853 4842 3054 4901 eadem
