3505 5161
539 237 660 291 775
1146 223 1479 273 ·851-900.
1508 215 1834 288 Theologia
1869 218 2168 290 polemica.
2197 218 2472 272 Nicolaus
2501 220 2538 282 Ι,
3046 234 3172 287 776

532 406 781 464 Bardam
800 405 1161 472 ministrum,
1192 402 1312 461 imo
1334 403 1633 462 Caesarem
1655 422 1821 479 prae·
1881 422 2174 463 canonum
2235 403 2521 474 custodia,
2584 404 2875 479 primatus
2928 405 3174 479 juribus

532 497 838 571 potentem
855 494 929 552 ob
947 494 1226 551 incestam
1252 510 1386 551 cum
1406 492 1647 568 propria
1665 510 1825 550 nuru
1882 494 2154 569 bonoque
2216 493 2532 552 Ecclesiae.
2625 493 2821 551 Habes
2883 490 3046 573 easl)
3109 496 3173 553 in

534 584 1061 651 conversationem,
1081 582 1671 657 communionemque
1689 600 1826 657 pro·
1881 582 2129 642 Mansi
2161 583 2291 641 coll.
2324 600 2482 643 conc.
2497 581 2620 646 XV.
2651 591 2768 646 143
2791 600 2902 652 ss.;
2938 584 3173 661 Migne

533 676 738 749 pterea
770 672 821 730 ei
856 671 1225 748 denegasset,
1249 671 1426 746 hujus
1445 670 1593 728 iram
1616 672 1677 728 et
1698 670 1826 729 vin·
1883 671 2075 743 CXIX,
2098 681 2130 735 7
2141 681 2287 733 69-1
2305 680 2428 734 200
2449 692 2462 743 ;
2497 670 2742 739 CXXIX,
2774 683 2880 735 101
2904 684 3171 742 1-1016;

531 762 750 820 dictam
781 761 1057 832 incurrit,
1106 760 1208 836 qui
1241 760 1479 819 nullum
1512 764 1829 835 propterea
1882 761 2204 837 diligenter
2263 761 2586 820 recensitas
2647 762 2803 836 apud
2853 760 2893 818 J
2911 762 2989 819 af
2999 762 3026 818 f
3034 764 3065 819 e
3123 763 3171 833 I,

531 870 652 909 non
684 851 872 908 movit
920 850 1195 926 lapidem,
1248 855 1318 907 ut
1365 849 1640 925 Ignatius
1673 848 1824 923 deji-
1887 850 2002 913 301
2034 858 2268 918 -3683
2302 849 2376 920 11,
2402 859 2546 913 785,
2580 851 2746 908 Inter
2776 868 2874 908 eas
2907 851 3173 909 eminent

533 942 766 998 ceretur
798 940 935 998 sede
971 933 1175 1022 (857),
1225 938 1288 996 in
1333 939 1606 997 exsilium
1640 937 1822 1013 pelle-
1877 941 2052 1012 juxta
2082 940 2169 997 ed.
2204 939 2402 1016 Migne
2437 948 2493 1000 4.
2543 940 2616 997 ad
2649 938 2996 998 Michaelem
3028 940 3172 1015 imp.

532 1033 700 1087 retur
743 1032 805 1086 et
849 1028 1116 1098 Photius,
1175 1027 1269 1085 vir
1316 1027 1557 1103 quidem
1599 1027 1829 1097 doctus,
1882 1023 1964 1109 (p.
2002 1024 2409 1104 773—780);
2463 1036 2555 1090 13.
2589 1024 3020 1109 (790—794);
3072 1039 3171 1091 46.

534 1117 636 1176 sed
670 1118 855 1177 laicus
888 1118 1146 1191 altisque
1179 1117 1526 1175 muneribus
1559 1116 1826 1191 politicis
1885 1116 1967 1197 (p.
2005 1111 2417 1197 850—860);
2485 1126 2584 1180 86.
2631 1114 2714 1195 (p.
2765 1115 3170 1197 926—962);

530 1207 874 1282 implicitus,
910 1206 962 1264 ei
999 1207 1473 1264 substitueretur
1504 1222 1735 1264 necnon
1767 1209 1830 1262 et
1885 1217 1985 1269 98.
2019 1205 2101 1282 (p.
2146 1202 2638 1286 1016—1045);
2678 1215 2773 1269 12.
2797 1208 2870 1265 ad
2892 1207 3173 1265 Photium

533 1296 796 1371 pontifex
829 1297 898 1353 ani
933 1294 1280 1353 firmandam
1328 1295 1548 1372 Ignatii
1594 1294 1824 1370 deposi-
1887 1291 1972 1377 (p.
2010 1292 2420 1376 785—790);
2456 1292 2658 1372 99.(p.
2681 1293 3175 1374 1945—1055);

532 1386 757 1444 tionem
790 1384 1254 1459 electionemque
1287 1384 1486 1443 Photii
1519 1383 1823 1460 pertrahe·
1897 1394 2031 1445 104.
2065 1385 2137 1442 ad
2170 1384 2394 1443 clerum
2426 1384 2532 1442 ΟΡ.
2567 1379 2652 1466 (p.
2695 1383 3172 1460 1067-1089);

534 1481 717 1538 retur.
770 1474 987 1533 Verum
1021 1474 1262 1544 frustra,
1294 1493 1431 1531 nam
1464 1492 1508 1532 s.
1543 1472 1826 1532 Nicolaus
1887 1482 1986 1537 35.
2020 1473 2093 1532 ad
2127 1473 2433 1548 episcopos
2465 1472 2678 1549 synodi
2727 1473 3173 1532 silvanectensis

533 1563 905 1623 innocentiae
946 1580 1357 1639 canonumque
1397 1562 1827 1621 ecclesiastico·
1882 1581 1932 1625 a.
1969 1571 2093 1625 863
2131 1559 2212 1642 (p.
2249 1567 2658 1642 826—833);
2697 1572 2794 1625 75.
2828 1563 2900 1619 ad
2922 1583 3012 1638 ep.
3034 1562 3175 1621 Gal·

533 1671 668 1711 rum
700 1652 913 1710 vindex
947 1652 1382 1728 imperterritus
1425 1653 1598 1711 stetit
1634 1669 1828 1726 neque
1885 1652 1998 1710 liae
2017 1646 2455 1734 (899—908);
2494 1660 2593 1713 97.
2627 1669 2914 1726 responsa
2945 1651 3018 1710 ad
3035 1670 3174 1710 con-

532 1740 756 1816 iniquis
776 1742 1079 1800 consensit
1096 1742 1621 1817 postulationibus,
1646 1742 1825 1800 etiam
1883 1741 2046 1799 sulta
2106 1740 2504 1817 Bulgarorum
2568 1735 2652 1822 (p.
2717 1736 3175 1823 978—101c);

532 1834 846 1906 postquam
878 1833 1010 1904 ejus
1043 1831 1225 1907 legati
1257 1831 1615 1890 Graecorum
1660 1830 1825 1891 frau-
1889 1839 2029 1892 108.
2080 1828 2152 1887 ad
2187 1829 2572 1887 Hincmarum
2616 1848 2749 1892 rem.
2796 1828 2875 1905 (p.
2921 1841 3175 1893 1101-—

534 1919 711 1977 dibus
755 1923 818 1977 et
863 1919 1170 1977 blanditiis
1216 1920 1446 1978 seducti
1477 1920 1692 1979 Photio
1723 1941 1829 1997 per
1893 1930 1955 1981 ll
1981 1914 2115 2000 11);
2155 1927 2297 1981 155.
2331 1917 2404 1976 nd
2435 1918 2738 1995 episcopos
2770 1919 2833 1976 in
2853 1938 3035 1996 regno
3057 1921 3174 1979 Lu-

534 2010 733 2066 omnia
764 2007 1069 2069 favissent.
1132 2008 1276 2065 Cum
1326 2010 1552 2067 monita
1584 2013 1829 2085 paterna
1882 2007 2076 2066 dovici
2121 2006 2481 2066 constitutos
2516 2005 2598 2088 (p.
2639 2004 3177 2089 1163-1174)etc.

535 2096 689 2154 nihil
751 2096 1101 2171 profuerint,
1149 2096 1386 2155 demum
1437 2099 1502 2156 in
1546 2100 1824 2159 Photium
1881 2097 2093 2155 Merito
2133 2096 2684 2173 ergoaposteritate
2718 2097 3003 2174 ,Magni‘
3036 2115 3175 2174 cog-

536 2184 923 2260 depositionis
942 2185 1197 2260 protulit
1226 2188 1583 2246 sententiam
1600 2189 1821 2249 sedem-
1881 2185 2120 2244 nomine
2153 2185 2496 2262 insignitur.
2527 2185 2672 2261 Ejus
2692 2185 3011 2262 imaginem
3028 2205 3178 2261 pau-

536 2292 654 2349 que
686 2273 955 2333 restituit
987 2292 1031 2337 s.
1063 2274 1296 2350 Ignatio
1317 2274 1518 2355 (863).
1548 2278 1706 2340 Hinc
1724 2279 1826 2337 ille
1881 2276 1965 2332 cis
2029 2274 2132 2334 sed
2195 2274 2344 2334 bene
2404 2274 2696 2349 expressit
2755 2275 2913 2334 hisce
2965 2276 3177 2335 jverbis

535 2362 1054 2422 ambitiosissimus
1105 2363 1199 2423 vir
1243 2364 1330 2423 ira
1379 2366 1694 2426 excanduit
1737 2371 1824 2426 at·
1883 2364 2175 2439 Regino
2225 2363 2290 2425 in
2346 2381 2456 2421 suo
2504 2363 2780 2422 chronico
2830 2364 2905 2423 ad
2950 2383 3000 2427 a.
3042 2374 3171 2427 868

536 2470 653 2526 que
685 2451 890 2510 habita
920 2452 1146 2528 synodo
1195 2473 1243 2516 a.
1281 2462 1402 2518 867
1454 2455 1517 2513 in
1550 2475 1594 2517 s.
1627 2457 1826 2532 ponti-
1883 2449 2004 2533 (Mi
2019 2471 2162 2529 gne
2203 2451 2478 2521 CXXXII,
2516 2449 2656 2532 95):
2721 2454 2910 2522 ,Post
2937 2453 2995 2511 b.
3028 2453 3164 2511 Gre-

534 2540 700 2602 ficem
734 2541 1041 2604 anathema
1071 2541 1240 2605 dixit.
1272 2542 1513 2603 Exitum
1545 2563 1685 2605 suae
1707 2546 1827 2605 sol·
1881 2542 2120 2618 gorium
2152 2560 2342 2618 usque
2373 2542 2434 2601 in
2458 2560 2738 2617 praesens
2769 2542 2974 2602 nullus
3004 2561 3175 2619 prae·

534 2630 868 2692 licitndinis
918 2650 1040 2690 non
1084 2632 1240 2691 vidit
1268 2632 1570 2709 Nicolau8‚
1625 2636 1826 2694 deces-
1883 2632 1981 2689 sul
2011 2631 2074 2689 in
2105 2649 2348 2690 romana
2395 2631 2542 2690 urbe
2591 2631 2920 2708 pontificali
2954 2633 3175 2690 honore

535 2719 617 2778 sit
665 2722 824 2780 enim
887 2720 1113 2778 morbis
1179 2723 1461 2796 curisque
1520 2727 1824 2784 confectus
1882 2720 2239 2780 sublimatus
2270 2720 2362 2778 illi
2393 2720 2636 2780 videtur
2675 2721 3177 2797 aequiparandus

547 2817 639 2871 13.
672 2809 818 2870 Nov.
855 2820 1001 2874 867.
1052 2809 1146 2873 Ab
1177 2810 1440 2870 Ecclesia
1471 2813 1628 2872 inter
1658 2832 1826 2872 sanc·
1886 2807 2144 2884 Regibus
2176 2827 2243 2867 ac
2262 2809 2535 2884 tyrannis
2556 2809 2870 2885 imperavit
2887 2810 3091 2885 eisque
3109 2828 3177 2869 ac

533 2900 629 2956 tos
662 2898 894 2956 colitur.
959 2900 1199 2958 Praeter
1243 2900 1390 2960 alias
1436 2903 1694 2962 virtutes
1732 2903 1826 2963 in·
1885 2898 1934 2956 si
2000 2897 2277 2956 dominus
2339 2897 2499 2957 orbis
2555 2903 2845 2957 terrarum
2897 2898 3173 2974 praefuit,

536 2986 693 3063 signi
754 2987 1033 3050 excelluit
1080 2988 1501 3050 beneficentia:
1566 3010 1826 3065 namque
1883 2986 2176 3063 episcopis
2210 2992 2270 3044 et
2302 2987 2727 3058 sacerdotibus,
2777 2987 3074 3064 religiosis
3108 3005 3177 3048 ac

535 3077 691 3151 apud
727 3094 789 3135 se
823 3076 1098 3135 habuisse
1147 3078 1499 3152 perhibetur
1529 3080 1822 3156 syllabum
1884 3076 2119 3135 Domini
2140 3076 2420 3135 mandata
2439 3076 2895 3136 observantibus
2913 3076 3175 3145 humilia,

536 3166 803 3223 omnium
833 3166 1195 3236 claudorum,
1243 3186 1547 3228 coecorum
1587 3172 1648 3228 et
1678 3189 1822 3245 pau·
1878 3165 2149 3234 blandus,
2181 3165 2336 3240 pius,
2386 3169 2735 3225 mansuetus
2765 3166 3061 3242 apparuit,
3094 3166 3175 3224 ir·

536 3273 745 3328 perum
791 3254 1160 3314 infirmorum
1206 3256 1420 3316 Romae
1460 3276 1823 3317 commoran-
1879 3254 2175 3330 religiosis
2207 3272 2273 3312 ac
2302 3274 2337 3312 a
2366 3261 2526 3314 recto
2556 3255 2796 3313 tramite
2837 3255 3180 3314 exorbitan-

535 3344 708 3412 tium,
743 3344 963 3417 quibus
1006 3344 1290 3405 alimenta
1331 3347 1395 3406 in
1429 3347 1700 3424 singulos
1733 3348 1822 3406 di·
1879 3343 2046 3402 tibus
2077 3343 2365 3402 terribilis
2385 3347 2566 3418 atque
2586 3343 2940 3404 austeritate
2959 3344 3175 3420 plenus

537 3432 978 3493 atribuerentur
1025 3432 1170 3493 dies.
1209 3434 1386 3494 Multi
1430 3455 1499 3495 ex
1550 3437 1827 3496 omnibus
1864 3433 2128 3504 'exstit-it,
2161 3435 2233 3490 ut
2249 3433 2460 3491 merito
2480 3432 2755 3492 credatur
2781 3433 2936 3493 alter
2953 3432 3175 3508 Helias,

536 3520 859 3597 provinciis
890 3522 963 3578 ad
996 3540 1133 3580 eum
1164 3525 1594 3584 consulendum
1630 3527 1701 3584 de
1734 3526 1824 3584 di·
1884 3522 2002 3580 Deo
2035 3522 2380 3591 suscitante,
2413 3522 2637 3581 nostris
2688 3522 2752 3580 in
2800 3522 3176 3602 temporibus

537 3609 725 3669 versis
753 3609 1187 3683 questionibus,
1222 3613 1542 3689 plusquam
1575 3617 1645 3673 de
1679 3634 1825 3690 quo·
1881 3610 2298 3682 exsurrexisse,
2341 3614 2405 3669 et
2444 3611 2494 3668 si
2527 3629 2649 3669 non
2681 3629 2943 3687 corpore,
2976 3616 3174 3671 tamen

538 3718 718 3774 quam
767 3699 881 3760 alio
930 3706 1367 3761 antecessorum
1414 3723 1657 3763 suorum
1690 3722 1828 3779 pro-
1883 3699 2102 3774 spiritu
2135 3703 2195 3758 et
2226 3695 2508 3778 virtut02)
2526 3709 2571 3760 ‘-

539 3789 733 3846 ditum
746 3789 845 3858 sit,
859 3789 1249 3849 adveniebant
1259 3793 1577 3868 cunctique
1591 3795 1831 3869 accepta

539 3878 670 3952 ejus
701 3877 1112 3938 benedictione
1157 3884 1218 3937 et
1263 3899 1543 3955 responso
1593 3882 1827 3940 recede·
1876 3873 1892 3898 ’“
1935 3897 1940 3898 ’

540 3968 685 4025 bant
716 3967 997 4028 contenti.
1061 3967 1228 4027 Unde
1270 3969 1345 4027 ob
1377 3971 1830 4031 multitudinem
1965 4000 1998 4066 ι)
2027 3995 2107 4048 De
2136 3994 2480 4066 quibusdam
2521 3995 2590 4048 cf,
2633 3994 2843 4050 Archiv
2889 3995 2980 4047 fu,-
3015 3994 3179 4047 kam,

540 4057 972 4116 consulentium
1006 4075 1127 4114 non
1158 4062 1278 4116 tam
1312 4064 1562 4130 mature,
1602 4079 1669 4119 ac
1700 4061 1830 4135 ipse
1885 4066 2480 4122 Kirehenrecht·1882.
2509 4066 2724 4120 xhvll.
2757 4073 2808 4120 2.
2842 4067 3137 4122 177-215,

538 4146 845 4214 voluisset,
867 4147 1220 4219 respondere
1242 4151 1491 4223 poterat,
1521 4152 1593 4207 ut
1611 4149 1734 4224 ipse
1766 4147 1831 4206 in
1960 4143 2001 4208 ²)
2031 4137 2201 4191 Plura
2240 4137 2309 4191 de
2349 4139 2474 4207 59⁸0
2502 4138 2572 4194 Cf·
2612 4154 2705 4207 aP·
2733 4136 2954 4192 Thiss
2981 4137 3051 4189 de
3078 4136 3180 4189 Ni·

540 4234 945 4310 compluribus
967 4235 1094 4292 suis
1115 4235 1339 4294 fatetur
1357 4237 1642 4312 epistolis.
1676 4237 1829 4296 Mul·
1886 4210 2045 4263 ⁰⁰l¹²⁰
2074 4211 2115 4301 12
2137 4205 2641 4312 C‘Jmmenmtiopes
2680 4209 2828 4263 duae
2869 4207 3178 4290 &maban

1886 4298 1990 4350 gae
2027 4286 2188 4338 1809.
2235 4280 2276 4332 L
2293 4298 2322 4334 a
2342 4297 2371 4333 c
2389 4302 2440 4335 m
2459 4300 2513 4335 m
2531 4299 2559 4334 e
2576 4299 2604 4333 r
2631 4279 2806 4350 Papst
2833 4278 3107 4333 Nicolaus
3135 4279 3177 4332 1.

540 4325 635 4382 ¹5⁸0
666 4323 888 4423 adfluo..
908 4331 1235 4398 supersunt
1279 4326 1349 4383 de
1396 4326 1829 4385 mOIGStiSSimiS
1887 4352 2004 4405 und
2032 4351 2124 4405 die
2143 4352 2570 4420 byzantinische
2585 4350 2975 4406 Staatskirche
2992 4351 3179 4404 seiner

543 4412 634 4470 his
667 4417 922 4489 negotus
954 4414 1239 4489 epistolae,
1294 4434 1547 4488 quarum
1596 4417 1829 4490 aliquae
1887 4424 2022 4487 Zeit,
2076 4424 2272 4478 Berlin
2324 4431 2487 4483 1857:
2541 4423 2684 4476 Hef
2693 4424 2807 4477 ele
2859 4421 3178 4477 Concilien·

542 4506 687 4560 sunt
719 4506 1079 4561 tractatuum
1126 4501 1316 4560 instar
1345 4503 1661 4563 admodum
1697 4523 1830 4578 pro·
1886 4496 2074 4564 gesch.
2102 4499 2141 4548 ὓ·
2170 4496 2244 4548 IV
2275 4495 2514 4576 Pfissffimz
2557 4495 2752 4576 110¹·ss
2769 4510 2947 4576 ‘³¹²1'0,
2964 4493 3182 4573 esshfss'

543 4591 709 4649 lixae.
773 4590 842 4647 ln
892 4591 966 4648 iis
1018 4610 1157 4650 vero
1208 4592 1481 4667 loquitur
1525 4596 1830 4667 tamquam
1886 4567 2149 4691 ῗξγῖξξξ
2165 4564 3183 4694 {51¹⁸le2jl³gfj28¹ssfrffluffgfflffg⁸ss

542 4681 898 4777 Paestum?
930 4680 1154 4778 1²³¹)an
1184 4681 1505 4779 apostonca
1536 4681 1827 4750 libertate*
1887 4709 1966 4761 St.
1996 4709 2038 4761 Ν
2048 4708 2222 4762 icolas
2251 4681 2292 4772 1‘,
2335 4679 2493 4763 Paris
2522 4715 2676 4773 1900.
2719 4678 2833 4776 quo
2861 4709 2925 4762 in
2966 4677 3065 4780 Ϊιρ.
3090 4689 3188 4759 ei·

546 4767 1318 4839 imperterritafortitudme,
1333 4771 1454 4828 zelo
1472 4770 1699 4830 ardenti
1721 4789 1829 4844 pro
1886 4778 2157 4833 hibentur
2178 4783 2236 4833 et
2261 4782 2383 4849 ejus
2410 4797 2498 4851 cp.
