3505 5161
1347 193 1621 247 Addenda
1652 196 1710 246 et
1733 193 2085 263 csrrigenda.
2890 202 3030 260 XIII

413 375 664 425 mentum
707 388 870 425 serni.
906 378 1013 429 246
1049 373 1108 425 ιιι
1152 372 1400 441 append.
1443 388 1609 428 serni.
1649 390 1693 427 S.
1750 371 1937 427 XVIII
1961 373 2160 443 (1901),
2198 378 2479 428 241-256
2519 390 2634 425 una
2661 390 2791 426 cum
2815 376 3034 442 epistola

412 445 461 495 A
480 461 516 494 ιι
534 461 621 513 gu
640 443 794 497 stin
812 443 849 505 i,
878 444 1033 512 quod
1059 459 1175 496 non
1201 447 1287 497 est
1307 444 1480 512 hujus
1502 462 1543 496 s.
1565 444 1694 498 doc·
1748 442 1782 496 J
1801 460 1835 495 a
1856 460 1893 495 n
1911 442 2215 495 usi-iani
2266 444 2450 508 presb.
2495 446 2553 495 et
2594 444 2776 498 altera
2821 462 2863 500 s.
2908 444 3033 496 Au·

411 514 566 578 toris,
605 518 663 568 et
701 516 1092 585 fragmentum
1118 518 1186 568 tr.
1230 525 1418 569 contra
1456 519 1695 570 Arianos
1749 532 1842 586 gu
1861 532 1885 565 s
1902 513 1960 567 ti
1977 513 2052 567 ni
2076 513 2150 566 ad
2177 512 2552 568 Valentinum
2589 516 2853 569 abbatem
2883 514 3036 568 Flori

412 588 698 654 repertum
723 586 785 638 in
813 586 933 641 cod.
956 588 1121 643 2160·
1140 585 1337 641 Theol.
1365 586 1420 644 C.
1450 591 1548 641 50·
1577 585 1695 640 bib·
1749 585 2016 639 monachi
2067 585 2547 650 commendatitia,
2607 590 2849 655 utraque
2911 586 3036 639 hac·

410 656 689 710 liothecae
717 672 862 711 caes.
890 657 1228 723 viennensiS,
1255 657 1450 711 critice
1475 657 1694 711 editum
1748 660 1919 710 tenus
1943 655 2176 710 inedita.

407 725 484 781 ab
511 727 578 781 H.
606 729 658 783 S.
686 728 1124 797 Sedlmayer
1148 729 1208 781 in
1235 728 1618 800 Sitzungsber.
1640 729 1695 789 d,
1821 728 1864 781 P
1946 774 1958 785 .
1987 733 2110 785 334.
2135 726 2216 780 De
2266 727 2353 795 Sy
2372 745 2408 780 n
2431 728 2582 780 esio
2629 730 2698 782 cf.
2744 728 2914 782 etiam
2965 728 3036 785 H.

410 798 556 868 phil.
605 799 736 856 hist.
788 799 901 858 KL.
952 800 1110 855 acad.
1164 801 1312 855 vien.
1365 803 1403 854 t.
1457 799 1696 865 CXLVI,
1750 798 1850 851 Ko
1868 817 1896 853 c
1997 798 2265 867 Synesius
2309 814 2422 852 von
2467 799 2682 867 Cyrene
2725 799 2814 854 bei
2853 800 3035 853 seiner

407 870 541 929 diss.
568 878 619 926 2.
1185 903 1191 909 ·
1750 869 1927 923 Wahl
1969 870 2088 923 und
2129 869 2332 923 Weihe
2372 888 2502 923 zum
2528 869 2774 933 Bischof,
2815 871 2875 924 in
2902 872 3034 926 hist.

478 941 617 1012 Pag.
649 947 766 998 188.
793 940 861 996 G.
901 942 993 994 La
1012 959 1047 993 n
1070 942 1106 994 d
1123 944 1298 1012 graf
1330 943 1391 995 in
1436 942 1565 997 diss.
1594 941 1697 996 Die
1750 942 1949 997 Jahrb.
1977 942 2076 995 der
2103 940 2305 997 Gorres
2333 942 2458 997 Ges.
2491 948 2624 998 1902
2653 961 2707 1011 p.
2735 946 3035 1000 751—774.

408 1011 934 1084 Hegesippusfrage
952 1054 965 1076 ,
1044 1013 1105 1065 in
1167 1014 1380 1068 Archiv
1442 1015 1534 1067 fiir
1597 1014 1695 1069 lat.
1823 1013 1959 1083 Pag.
1987 1019 2107 1070 335.
2136 1012 2179 1066 Ρ
2196 1032 2222 1066 r
2239 1032 2276 1066 u
2293 1013 2330 1067 d
2347 1029 2376 1065 e
2393 1032 2432 1066 n
2450 1011 2547 1066 tii
2585 1029 2756 1083 opera
2782 1017 3037 1067 recenter

409 1084 863 1154 Lexikographie
903 1084 1010 1138 XII
1049 1087 1251 1156 (1902),
1290 1092 1394 1143 465
1410 1089 1571 1143 —472
1612 1102 1696 1138 ra·
1751 1083 2092 1153 prodierunt
2132 1102 2268 1138 cura
2312 1085 2373 1139 V.
2415 1084 2507 1138 La
2525 1103 2561 1138 n
2579 1087 2691 1138 fra
2711 1103 2742 1136 n
2763 1084 2884 1139 chi
2925 1087 3037 1139 Au·

406 1156 663 1208 tionibus
690 1157 779 1208 sat
817 1157 1090 1237 gravibus
1129 1158 1353 1225 probat,
1382 1157 1697 1210 versionem
1751 1158 1955 1225 gustae
1983 1156 2365 1209 Taurinorum
2398 1161 2745 1213 1895-1902
2772 1159 2814 1209 t.
2842 1164 2892 1211 2.

407 1226 645 1296 Josephi
674 1226 855 1280 Flavii
894 1230 958 1281 de
995 1231 1198 1282 excidio
1236 1232 1388 1283 urbis
1410 1231 1697 1297 hierosoly-
1799 1226 1935 1297 Pag.
1948 1233 2104 1283 342a.
2117 1226 2350 1281 Cultum
2367 1227 2745 1296 s.Prosperi
2764 1226 3037 1309 regiensis

407 1302 663 1361 mitanas,
690 1314 837 1366 quae
865 1299 972 1352 sub
1011 1298 1062 1351 H
1078 1315 1109 1352 e
1124 1315 1208 1369 ge
1225 1318 1249 1352 s
1267 1299 1284 1352 i
1300 1318 1338 1369 p
1358 1299 1429 1370 pi
1468 1299 1697 1352 nomine
1751 1298 2065 1352 admodum
2091 1299 2365 1352 diffusum
2393 1298 2568 1353 fuisse
2594 1313 2696 1380 per
2722 1298 2947 1353 Italiam
2974 1299 3036 1351 li-

408 1369 823 1434 circumfertur,
862 1385 1058 1424 revera
1087 1386 1206 1425 esse
1233 1390 1273 1426 s.
1301 1375 1350 1423 A
1366 1389 1423 1423 ιιι
1439 1372 1477 1424 b
1492 1390 1519 1423 r
1534 1387 1567 1424 o
1583 1389 1608 1424 s
1623 1370 1645 1424 i
1660 1370 1696 1426 i.
1755 1371 1894 1438 quet
1904 1385 1971 1423 ex
1982 1370 2207 1439 copioso
2220 1368 2585 1424 ecclesiarum
2598 1371 2707 1439 ipsi
2719 1369 3036 1424 dicatarum

478 1440 616 1510 Pag.
653 1447 769 1498 199.
795 1441 837 1493 L
855 1457 888 1493 a
906 1459 961 1494 ιιι
976 1458 1014 1509 y
1057 1442 1118 1494 in
1146 1442 1382 1511 Compte
1410 1443 1592 1496 rendu
1618 1442 1696 1495 du
1754 1440 1959 1505 indice,
1987 1458 2157 1509 quem
2183 1441 2359 1496 habes
2382 1440 2444 1493 in
2470 1440 2762 1495 Analectis
2784 1441 2919 1496 boll.
2935 1442 3034 1494 XV

409 1513 732 1580 quati-ieme
760 1514 1009 1582 Congres
1050 1512 1407 1582 scientifique
1452 1513 1698 1568 interna·
1754 1514 1954 1583 (1896),
1981 1518 2084 1568 232
2095 1518 2282 1576 -245,
2322 1514 2380 1564 et
2403 1529 2468 1565 ex
2494 1511 2627 1566 aliis
2654 1513 3037 1567 monumentis

406 1583 593 1636 tional
632 1584 729 1637 des
769 1584 917 1639 cath.
959 1600 1063 1639 sec.
1097 1588 1115 1639 1
1157 1603 1213 1654 p.
1246 1588 1524 1642 173—219
1562 1585 1698 1657 (Fri-
1752 1584 1828 1637 ib.
1856 1590 2140 1639 245—255
2167 1582 2434 1638 laudatis.

411 1654 583 1725 burgi
614 1658 770 1727 1898)
811 1655 1156 1709 Testamenti
1184 1674 1225 1710 s.
1254 1656 1561 1726 Ephraemi
1604 1674 1697 1727 ge·
1824 1653 1959 1724 Pag.
1987 1658 2107 1712 407.
2136 1653 2193 1707 M
2212 1654 2379 1708 orin
2404 1655 2465 1707 in
2491 1654 2683 1708 Revue
2714 1654 2920 1709 Bened.
2937 1655 3037 1708 XX

410 1725 760 1779 nuinitatem
790 1728 1002 1790 tuetur,
1036 1728 1297 1782 concedit
1331 1732 1523 1781 tamen
1548 1727 1697 1781 illud
1754 1728 1916 1807 (1903
1953 1730 2164 1783 64-76
2184 1726 2234 1779 A
2249 1744 2277 1779 r
2293 1744 2332 1778 n
2348 1742 2380 1779 o
2397 1727 2468 1780 bi
2485 1744 2522 1778 u
2538 1743 2596 1779 m
2613 1725 2905 1793 juniorem
2924 1743 3037 1779 non

411 1796 587 1851 fuisse
612 1797 1042 1868 interpolatum.
1063 1831 1132 1841 -—
1155 1799 1309 1853 Idem
1337 1798 1699 1853 doctissimus
1754 1814 1815 1850 ιιι
1832 1796 1916 1851 Ga
1967 1797 2024 1851 ia
2040 1796 2248 1851 vixisse
2264 1800 2471 1861 censet,
2489 1797 2584 1850 sed
2597 1795 2806 1850 Romae
2818 1796 3038 1878 degisse

410 1868 498 1921 vir
560 1868 792 1921 denium
867 1868 1105 1923 Lovanii
1168 1874 1209 1924 t.
1268 1870 1360 1927 lV.
1423 1871 1698 1940 complec-
1754 1871 1928 1937 atque
1957 1869 2101 1923 forte
2130 1885 2198 1921 ex
2223 1868 2423 1937 Illyria
2439 1868 2676 1923 venisse.
2706 1867 2819 1937 lpsi
2836 1869 3040 1923 tribuit

411 1942 631 1994 tentem
648 1938 956 2009 Ephraemi
978 1941 1105 2009 Syri
1122 1946 1343 2011 hymnos
1363 1945 1420 1996 et
1433 1960 1699 1997 sermones
1755 1940 1793 1994 l.
1820 1942 2271 2005 Praedestinatus,
2294 1943 2352 1994 et
2369 1943 2565 1994 contra
2593 1939 2640 1993 G
2658 1958 2684 1991 r
2702 1958 2736 1992 u
2757 1957 2794 1992 n
2812 1940 2888 1993 dl
2913 1956 3038 2009 pro·

410 2026 440 2063 e
468 2011 631 2065 codd.
662 2010 1115 2076 londinensibus‚
1159 2011 1587 2082 parisiensibus,
1612 2029 1699 2066 ro·
1757 2010 1942 2065 babile
1988 2011 2192 2066 statuit
2216 2015 2443 2067 Arnobs's’
2483 2021 2531 2068 et
2573 2014 2884 2081 Serapionis
2921 2030 3038 2066 con·

410 2082 586 2144 mani,
630 2081 994 2147 massilianis,
1040 2083 1335 2148 sinaiticiS‚
1377 2084 1698 2139 dublinien-
1751 2085 1954 2150 flia-tum
1981 2099 2097 2136 esse
2135 2082 2336 2152 ipsius,
2376 2098 2491 2135 non
2531 2081 2770 2136 alterius
2796 2083 3038 2136 Arnobii

407 2154 570 2205 sibus
610 2155 669 2206 et
707 2155 1110 2209 oxoniensibus
1150 2156 1462 2225 descriptos
1502 2155 1698 2220 edidit,
1755 2154 1846 2225 (cf.
1875 2152 2026 2207 infra
2067 2172 2122 2223 p.
2148 2156 2292 2224 480).
2344 2153 2590 2209 Exhibet
2628 2153 2762 2207 dein
2807 2170 2871 2207 ex
2916 2154 3039 2208 cod.

410 2223 705 2277 latinitate
732 2224 987 2290 donavit,
1028 2226 1202 2280 variis
1245 2226 1590 2280 lectionibus
1617 2226 1699 2280 in·
1754 2225 2106 2306 gandavensi
2123 2226 2310 2294 capita
2327 2241 2530 2278 novem
2557 2228 2627 2297 (a.
2657 2228 2850 2297 5—13)
2871 2228 3039 2278 antea

411 2295 639 2357 struxit,
667 2296 816 2349 notis
843 2300 900 2350 et
923 2297 1344 2368 prolegomenis
1381 2297 1461 2369 (in
1489 2298 1700 2366 quibus
1757 2295 1976 2350 inedita
1992 2296 2842 2366 opusculideexposn'tiunmda’sin
2858 2299 3039 2351 Evan-

412 2366 577 2420 docte
603 2367 673 2419 de
700 2368 879 2421 sancti
908 2368 1027 2423 vita
1055 2372 1113 2423 et
1126 2368 1397 2438 operibus
1417 2370 1698 2442 disputat)
1748 2371 1904 2448 yglia,
1948 2367 2102 2435 quod
2144 2367 2397 2437 primum
2424 2367 2640 2437 prodiit
2664 2367 2751 2424 ed.
2779 2370 2845 2421 G.
2873 2368 2913 2421 C
2931 2384 2962 2420 o
2981 2386 3041 2420 u-

410 2437 747 2494 illustravit.

481 2509 621 2579 Pag.
648 2514 754 2566 208
800 2512 889 2565 Ab
916 2510 967 2563 H
983 2527 1017 2563 a
1035 2530 1061 2563 r
1079 2529 1114 2563 n
1132 2528 1166 2563 a
1183 2511 1284 2577 ck,
1321 2512 1421 2580 qui
1450 2516 1700 2580 quatuor

412 2580 693 2651 opuscula
742 2583 1179 2652 pseudojustina
1241 2587 1378 2656 (non
1399 2585 1699 2708 lpseudau·

413 2653 665 2722 gustina,
683 2656 749 2705 ut
762 2653 838 2706 ib.
856 2656 1124 2708 mendose
1143 2655 1372 2728 legitur)
1460 2655 1521 2709 io
1536 2656 1614 2708 do
1628 2673 1697 2709 ro

412 2724 653 2777 tarsensi
703 2729 1038 2788 asseruerat,
1087 2726 1352 2780 dissentit
1393 2727 1599 2781 Funk
1638 2728 1699 2780 in

412 2793 607 2848 Revue
648 2795 837 2849 d'hist.
880 2796 1013 2850 eccl.
1036 2800 1223 2920 9902)
1252 2800 1349 2862 111,
1378 2801 1698 2870 947—971),

400 2866 577 2934 juxti
603 2883 772 2935 quem
800 2884 866 2920 ea
893 2884 1009 2921 non
1061 2885 1195 2922 uere
1222 2871 1541 2940 conscripta
1565 2872 1698 2923 ante

409 2954 517 2991 sec.
547 2937 618 2993 V.
645 2937 961 2995 dimidium.

479 3026 621 3096 Pag.
647 3033 768 3084 213.
798 3025 841 3078 Ε
859 3045 896 3079 ιι
915 3047 939 3080 s
956 3045 985 3081 e
1002 3029 1106 3082 bii
1147 3045 1289 3083 caeS.
1330 3032 1601 3085 Historiae
1625 3048 1699 3084 ec·

409 3101 729 3152 clesiasticae
754 3115 886 3167 pars
912 3099 1068 3168 prior
1093 3100 1551 3171 prodiitinterim
1568 3118 1698 3154 cuin

412 3169 670 3222 versione
711 3168 760 3221 R
777 3187 812 3221 ιι
831 3169 887 3222 fi
903 3171 977 3223 ni
1019 3189 1133 3229 cur.
1176 3170 1278 3233 Ed,
1324 3172 1359 3226 S
1376 3189 1405 3226 c
1421 3174 1527 3227 hw
1543 3189 1616 3225 ar
1632 3174 1698 3225 tz

411 3244 469 3293 et
494 3240 600 3293 Th.
629 3238 687 3293 M
703 3255 735 3292 o
753 3259 809 3293 ιιι
825 3259 881 3294 ιιι
900 3259 924 3292 s
942 3259 970 3295 e
987 3260 1023 3293 n
1049 3242 1108 3294 in
1127 3243 1348 3297 collect.
1364 3243 1466 3297 Die
1487 3243 1698 3314 griech.

410 3311 629 3364 christl.
658 3311 997 3366 Schriftstel]
1007 3330 1066 3367 er
1092 3313 1186 3378 lx,
1219 3323 1263 3378 1,
1291 3313 1515 3385 Lipsiae
1546 3319 1698 3371 1903.

482 3399 563 3452 Pa
608 3440 620 3453 .
648 3407 769 3458 221.
796 3398 877 3454 De
905 3420 946 3456 s.
974 3400 1279 3456 Damaso
1308 3401 1698 3459 cf.Jos.Wit·

412 3472 527 3542 tig
565 3419 743 3541 ξίφει.
781 3471 1059 3526 Damasus
1101 3474 1144 3530 1.
1184 3473 1699 3539 Quellenkritische

411 3541 652 3596 Studien
698 3561 767 3596 zu
816 3544 1000 3597 seiner
1026 3544 1359 3600 Geschiohte
1401 3547 1520 3599 und
1561 3546 1698 3600 Cha·

412 3613 763 3678 rakteristik‚
792 3614 950 3679 Rom,
974 3622 1129 3672 1902.
1156 3651 1221 3658 -
1250 3616 1380 3671 Max
1408 3618 1485 3672 lh
1504 3636 1557 3670 ιιι
1587 3619 1700 3669 An·

413 3684 682 3755 tiologiae
723 3686 823 3739 lat.
866 3687 1264 3756 supplementa
1304 3693 1343 3743 t.
1377 3697 1422 3745 1.
1472 3692 1704 3744 Damasi

411 3760 814 3824 epiqrammaea.
838 3758 1134 3811 Accedunt
1146 3759 1699 3813 Pseudodaniasiana

412 3826 646 3896 aliaque
690 3829 763 3881 ad
808 3827 1151 3882 Damasiana
1194 3830 1539 3884 illustranda
1582 3830 1699 3884 ido·

412 3915 539 3963 nea,
564 3899 786 3968 Lipsiae
820 3906 982 3960 1895:
1027 3901 1151 3962 Nic,
1179 3903 1525 3956 Antonius
1553 3902 1696 3956 Bibl.

413 3968 559 4039 hisp.
586 3973 698 4026 vet.
727 3974 768 4027 t.
794 3970 881 4024 11.
909 3978 939 4025 2
968 3989 1013 4031 e.
1040 3979 1091 4028 6.

485 4057 620 4128 Pag.
646 4065 767 4115 259.
808 4057 874 4113 G.
915 4058 1020 4112 Mo
1039 4060 1154 4114 rin
1195 4061 1509 4116 indefessus
1551 4065 1697 4115 vete-

414 4145 540 4182 rum
566 4130 824 4183 codicum
846 4134 1128 4185 scrutator
1145 4133 1353 4186 iterum
1374 4135 1436 4188 de
1454 4139 1696 4188 tractati-

415 4201 509 4253 bus
532 4203 735 4256 XIVs.
765 4200 1204 4271 Hieronymi
1245 4204 1432 4257 varios
1456 4205 1516 4257 in
1544 4203 1693 4258 Psal-

416 4286 533 4324 mos
558 4272 748 4326 adhuc
774 4272 890 4326 fere
914 4274 1146 4328 ineditis
1171 4275 1396 4329 disserit
1421 4275 1481 4329 in
1503 4275 1694 4329 Revue

415 4339 619 4398 Bened.
652 4349 786 4400 1902
813 4344 944 4401 fasc.
972 4349 1005 4398 2
1034 4364 1087 4415 p.
1113 4352 1409 4411 113-144,
1435 4350 1607 4415 atque
1629 4364 1694 4400 ex

419 4411 532 4466 illis
557 4414 868 4483 specimina
895 4416 1142 4472 exhibet.

1756 2456 1781 2492 s
1796 2457 1816 2491 ι
1833 2457 1871 2490 ιι
1898 2438 2156 2492 Basileae
2187 2444 2338 2495 1543.

1825 2510 1960 2582 Pag.
1986 2517 2093 2567 413
2137 2509 2399 2564 Diximus
2414 2508 2472 2562 M
2489 2526 2518 2562 e
2534 2528 2558 2564 s
2574 2528 2602 2563 r
2618 2526 2648 2562 o
2666 2528 2704 2582 p
2730 2528 2860 2565 cuni
2877 2510 3040 2565 disci·

1756 2582 1908 2652 pulis
1935 2583 2052 2636 suis
2092 2599 2360 2653 magnam
2386 2582 2717 2637 adhibuisse
2758 2599 2952 2636 curam
2979 2583 3038 2637 in

1756 2653 2043 2708 vertendis
2081 2657 2337 2708 veterum
2379 2653 2644 2725 operibus
2689 2654 2748 2707 in
2777 2653 3039 2724 linguam

1755 2724 2020 2864 {3533
2037 2725 2200 2850 &2¹33
2239 2725 2561 2850 Ξῗζθέἑῗιῗ
2561 2742 2598 2849 1⁰
2597 2743 2632 2848 ἒ
2638 2742 2680 2864 ,ζ
2683 2730 3040 2866 ’ἇῗέῗὲᾝῗὲ
3075 2803 3078 2808 ·

1757 2866 2019 2921 Gehilfen
2039 2868 2157 2920 und
2175 2867 2410 2921 Schfiler
2421 2867 2640 2922 Sahaks
2653 2868 2770 2920 und
2790 2868 3041 2938 Mesrops

1756 2938 1874 2991 und
1904 2938 1994 2991 die
2025 2944 2210 2993 ersten
2246 2938 2608 2993 Uebersetzer
2641 2940 2719 2991 im
2742 2948 2790 2995 5.
2821 2938 3039 2996 Jahrb..

1755 3009 1922 3061 Wien
1957 3016 2106 3065 1902.
2158 3011 2463 3078 Speciatim
2505 3026 2636 3063 vero
2680 3010 2744 3063 H.
2788 3010 3037 3080 Barsegh

1754 3079 1822 3133 V.
1851 3080 1886 3134 S
1903 3097 1936 3133 a
1952 3099 1980 3134 r
1995 3081 2067 3151 gi
2086 3100 2109 3134 s
2126 3097 2154 3133 e
2169 3097 2204 3133 a
2222 3099 2259 3133 n
2300 3081 2384 3135 ed.
2427 3081 2667 3144 Anania,
2708 3080 2809 3134 dei·
2835 3081 3038 3134 Ueber-

1755 3154 1931 3205 setzer
1947 3155 2073 3210 (sec.
2097 3151 2185 3222 V),
2213 3154 2360 3206 saint
2382 3152 2488 3204 Pro
2499 3153 2602 3205 ben
2631 3151 2812 3205 seiner
2832 3152 3039 3206 Schrif-

1755 3225 1854 3278 ten
1904 3222 2181 3294 (Venetiis
2235 3227 2409 3295 1899),
2462 3222 2581 3279 scil.
2633 3225 2927 3278 Homilae’am
2975 3224 3038 3277 ιιι

1756 3295 2088 3363 mysterium
2108 3293 2287 3348 Jonae
2307 3296 2638 3365 prophetae,
2661 3297 2718 3347 et
2737 3296 3038 3350 Sermonem

1755 3366 1812 3418 in
1852 3384 1892 3420 s.
1932 3366 1964 3420 J
1970 3383 2212 3419 oannem
2254 3366 2435 3435 Bapt„
2486 3383 2634 3434 quae
2675 3383 2789 3419 non
2842 3371 3041 3421 carent

1754 3438 1958 3506 pretio,
2011 3439 2073 3490 In
2100 3436 2520 3507 prolegomenis
2548 3437 2786 3507 prolixis
2833 3442 2892 3493 et
2917 3455 3040 3492 eru·

1757 3508 1892 3562 ditis
1919 3509 2214 3578 probabile
2241 3513 2432 3563 censet
2458 3511 2504 3561 A
2523 3527 2562 3561 n
2576 3525 2610 3561 a
2629 3527 2665 3561 n
2681 3511 2700 3562 i
2715 3527 2750 3562 a
2768 3528 2822 3562 ιιι
2848 3515 3038 3563 aucto·

1756 3597 1872 3702 {ern
1901 3597 2017 3634 esse
2045 3580 2319 3633 versionis
2345 3596 2609 3634 armenae
2651 3597 2887 3650 operum
2913 3581 3039 3635 Phi-

1781 3667 1922 3706 onis,

1826 3722 1961 3793 Pag.
1989 3726 2093 3778 43⁷
2119 3725 2314 3776 annot.
2366 3721 2425 3776 F.
2469 3722 2570 3776 Na
2592 3740 2627 3774 ιι
2673 3722 2827 3791 typis
2878 3723 3038 3776 dedit

1756 3791 1879 3846 Une
1907 3794 2129 3846 version
2157 3793 2420 3862 syriaque
2441 3793 2658 3848 inedite
2675 3794 2743 3847 de
2764 3793 2822 3847 la
2843 3794 2947 3847 Vie
2968 3795 3037 3846 de

1755 3865 1791 3919 S
1808 3883 1837 3919 c
1854 3865 1891 3918 h
1908 3881 1938 3918 e
1956 3884 1992 3918 n
2010 3881 2042 3917 o
2061 3883 2098 3918 u
2115 3865 2151 3918 d
2169 3865 2207 3928 i,
2257 3864 2486 3918 Parisiis
2540 3869 2693 3928 1900,
2744 3883 2874 3918 cum
2919 3883 3039 3918 ver·

1755 3936 1911 3989 sione
1938 3935 2165 4017 gallica.
2217 3935 2298 3988 Ea
2326 3952 2492 4006 porro
2539 3936 2787 4007 pretiosa
2814 3941 2899 3990 est
2932 3954 3036 4005 pro

1754 4007 2080 4077 cognitione
2108 4007 2288 4078 magis
2308 4012 2570 4061 accurata
2598 4007 2836 4061 celebris
2862 4009 3036 4077 hujus

1752 4079 2036 4134 monachi.

1822 4150 1956 4220 Pag.
1975 4155 2096 4206 439.
2112 4149 2285 4204 Juxta
2300 4151 2545 4204 eundem
2565 4151 2604 4204 C
2617 4150 2654 4202 h
2667 4166 2700 4202 a
2713 4150 2751 4202 b
2762 4151 2847 4211 ot,
2865 4166 3035 4217 quem

1750 4221 1888 4275 ibid.
1936 4220 2317 4285 laudavimuS,
2367 4224 2427 4275 ls
2446 4239 2528 4274 aa
2546 4239 2575 4275 c
2615 4219 2879 4273 Ninivita
2909 4221 3035 4289 jain

1750 4292 2084 4345 eximendus
2111 4295 2196 4346 est
2222 4310 2249 4345 e
2278 4292 2537 4372 catalogo
2579 4291 2921 4360 scriptorum
2950 4309 3035 4346 ca-

1748 4362 2112 4421 tholicorum.
2181 4363 2353 4434 Typis
2405 4380 2556 4416 enim
2606 4361 2766 4416 dedit
2816 4362 3037 4417 Chabot

1748 4435 2024 4504 scriptum
2084 4433 2118 4487 J
2137 4451 2165 4486 e
2183 4452 2207 4487 s
2225 4453 2262 4487 u
2281 4452 2305 4486 s
2322 4434 2358 4486 d
2376 4451 2404 4486 e
2422 4453 2458 4487 n
2475 4451 2509 4486 a
2523 4434 2562 4486 h
2626 4433 2879 4504 episcopi
2943 4435 3033 4488 ba-

484 4501 617 4572 Pag.
644 4507 744 4559 281
763 4519 814 4556 a.
854 4503 911 4556 M
927 4520 959 4556 o
977 4504 1090 4556 rin
1131 4505 1208 4561 ib.
1254 4506 1524 4560 laudatus
1564 4523 1690 4560 ean·
1747 4507 1960 4560 crensis
1985 4522 2090 4560 sec.
2114 4504 2260 4569 Vm,
2288 4504 2349 4557 in
2376 4521 2489 4573 quo
2512 4504 2635 4558 fuse
2657 4508 2743 4559 est
2762 4521 2942 4558 sermo
2965 4506 3034 4557 de

419 4572 539 4625 dem
586 4572 682 4626 Ev
699 4589 729 4626 o
748 4574 853 4627 dii
891 4579 1184 4644 epistolam,
1226 4594 1399 4646 quam
1440 4580 1690 4648 primum
1747 4578 1954 4640 IsaacO,
1995 4577 2352 4644 referturque
2393 4593 2524 4629 eum
2563 4591 2598 4628 a
2633 4576 2877 4645 Georgio
2920 4577 3034 4648 epi-

424 4647 551 4700 1896
592 4645 863 4710 ediderat,
893 4647 1065 4715 juxt-i
1113 4648 1401 4704 meliorem
1443 4650 1691 4703 codicem
1747 4665 1916 4717 scopo
1930 4647 2252 4706 ninivitano
2266 4647 2589 4701 nestoriano
2615 4648 2677 4701 in
2699 4649 3030 4717 episcopum

420 4715 989 4771 emendatamiterum
1003 4719 1185 4773 edidit
1202 4721 1261 4773 in
1276 4720 1467 4775 Revue
1479 4721 1688 4776 Bened.
1746 4720 1923 4774 fuisse
1939 4719 2283 4778 ordinatum,
2313 4719 2394 4774 Cf.
2413 4719 2703 4790 Melanges
2732 4718 3033 4774 d'archeol.
