3505 5161
446 242 482 295 6
494 240 526 290 6
538 243 572 292 9
1306 224 1358 278 S.
1384 223 1417 277 J
1421 239 1621 278 oannis
1647 222 1984 278 Damasceni
2011 240 2201 292 opera.
2938 243 2971 293 6
2985 242 3014 293 ‘c'
3029 245 3062 296 Ο

442 410 599 468 inter
631 410 920 484 opuscula
951 427 1027 467 se.
1063 409 1170 467 ΡΡ.
1199 410 1526 486 Oeniponte
1559 420 1720 475 1880
1789 408 2271 492 1505-1585),
2320 411 2426 485 qui
2469 410 2696 486 prodiit
2711 407 2755 491 ¹)
2803 411 3062 487 primum

442 500 485 555 t.
519 498 662 557 XLI.
1781 500 2045 557 Basileae
2087 511 2246 563 1575
2271 520 2284 569 ;
2341 509 2503 562 1578
2553 517 2688 558 cum
2737 499 2871 558 aliis
2905 503 3063 576 ejus·

1781 588 1916 646 dam
1932 590 2256 663 opusculis,
2280 622 2363 630 ——
2384 589 2737 663 Disceptatio
2758 590 3065 650 christiani

1780 686 1830 735 et
1876 680 2145 736 saraceni
2194 676 2410 759 (XCIV,
2454 687 2700 741 1585—-
2717 674 2841 757 98),
2893 683 2955 737 et
2999 682 3065 739 in

537 774 680 829 368.
703 766 1053 840 Sequuntur
1068 768 1328 826 celebres
1341 786 1458 841 pro
1478 788 1551 826 88.
1572 770 1720 826 ima·
1780 767 1891 825 alia
1927 768 2267 826 recensione
2303 762 2522 848 (XCVI,
2564 777 2590 829 1
2607 776 2815 830 335—
2829 764 2955 848 48).
2976 803 3062 814 —

439 855 670 931 yim'bus
702 858 990 915 orationes
1035 856 1253 935 (XCIV,
1296 867 1370 919 12
1383 865 1528 920 31-]
1547 867 1626 918 42
1645 852 1720 939 l),
1780 856 1869 915 De
1884 857 2233 915 draconibus
2251 865 2301 914 et
2320 857 2390 913 de
2406 856 2710 933 stryyibus,
2734 855 3065 931 fragmenta

442 944 508 1002 in
540 943 760 1017 quibus
792 944 1021 1003 sincera
1069 947 1427 1022 proponitur
1458 948 1724 1006 doctrina
1779 945 1934 1004 forte
1964 946 2204 1020 majoris
2239 946 2447 1021 operis.
2480 978 2567 987 —
2601 944 2665 1004 T.
2697 944 2843 1004 XCV
2875 949 3063 1006 conti-

438 1032 730 1092 catholica
760 1036 825 1092 et
855 1034 1217 1109 praesidium
1243 1036 1424 1094 habes
1458 1036 1723 1095 firmissi-
1779 1036 2004 1092 nentur
2023 1036 2308 1110 opuscula
2327 1035 2576 1110 minora,
2595 1053 2845 1109 quorum
2864 1038 3064 1096 tamen

440 1140 609 1180 mum
672 1122 958 1181 adversus
1009 1143 1213 1183 eorum
1252 1125 1721 1202 impugnatores,
1781 1123 1983 1198 aliqua
2014 1128 2160 1182 sunt
2204 1123 2399 1193 dubia,
2447 1123 2567 1181 imo
2611 1126 2672 1181 et
2723 1126 3061 1199 supposita:
3156 1197 3164 1206 ⁸

443 1229 562 1285 quo
593 1212 877 1271 universa
926 1212 1357 1273 haereticorum
1405 1215 1528 1273 tela
1558 1216 1725 1273 nullo
1780 1213 1849 1271 de
1877 1232 1922 1271 s.
1968 1213 2247 1273 Trinitate
2277 1208 2584 1295 (9-18);
2631 1231 2720 1288 ep.
2757 1213 2825 1270 dc
2853 1215 3065 1295 hymno

443 1300 687 1376 negotio
733 1300 920 1360 elidas
935 1297 1001 1383 ²).
1064 1302 1333 1361 Primum
1372 1304 1727 1378 prodierunt
1781 1303 2022 1379 trisayio
2056 1298 2119 1383 (2
2132 1301 2333 1383 2-62),
2368 1302 2432 1360 in
2463 1320 2583 1376 qua
2613 1300 2879 1360 ostendit
2911 1304 3066 1363 illud

441 1407 650 1465 graece
681 1390 896 1449 Romae
937 1400 1132 1462 1553;
1182 1391 1367 1451 latine
1398 1392 1726 1468 interprete
1782 1390 1992 1450 referri
2022 1390 2096 1449 ad
2116 1393 2303 1450 totam
2325 1410 2400 1454 sa.
2420 1390 2790 1460 Trinitatem,
2814 1393 3066 1468 ideoque

440 1476 788 1537 Tilmano
851 1478 918 1537 Ο.
980 1480 1175 1543 Carth.
1225 1481 1467 1540 Parisiis
1525 1492 1724 1552 1555;
1781 1480 2253 1539 additamentum
2299 1480 2462 1538 Petri
2508 1479 2870 1539 Fullonia
2922 1484 3066 1556 ,qui

441 1567 804 1643 Antverpiae
833 1578 1017 1631 1556.
1050 1603 1137 1612 —
1168 1570 1257 1629 De
1272 1578 1430 1629 recta
1448 1574 1726 1629 sententia
1784 1588 1889 1645 pro
1938 1569 2109 1629 nobis
2159 1569 2475 1628 crucifixus
2506 1587 2568 1626 es
2584 1578 2630 1638 ¹,
2677 1568 2915 1629 admitti
2947 1590 3066 1630 non

441 1650 600 1737 (περὶ
630 1651 828 1738 ὀρθοῦ
860 1655 1269 1743 φρονήματος)
1304 1677 1411 1718 seu
1441 1659 1557 1718 fide
1589 1679 1725 1719 con·
1781 1676 1989 1733 posse;
2035 1660 2103 1717 de
2133 1661 2318 1717 sacris
2334 1659 2584 1733 jejuniis
2615 1654 2679 1739 (6
2692 1655 2951 1741 3—78)‚
2999 1661 3062 1719 in

439 1743 636 1815 fessio,
700 1764 880 1820 quam
941 1748 1278 1823 composuit
1337 1766 1473 1808 cum
1534 1748 1726 1807 adhuc
1782 1766 1901 1821 quo
1963 1748 2090 1824 agit
2150 1748 2222 1806 de
2265 1747 2483 1823 jejunii
2536 1747 3064 1826 quadragesimalis

440 1834 716 1892 Damasci
764 1836 1238 1895 commorabatur
1283 1857 1390 1912 pro
1421 1837 1555 1896 Elia
1601 1839 1726 1914 epi·
1784 1836 2133 1908 duratione;
2183 1838 2250 1895 de
2295 1844 2412 1895 octo
2442 1836 2747 1910 spiritibus
2777 1840 3065 1915 nequitiae

440 1939 635 1997 scopo,
687 1927 862 1982 antea
909 1928 980 1982 ut
1039 1925 1280 1986 videtur
1324 1927 1727 1986 monotheleta
1783 1921 1845 2005 (7
1859 1920 2119 2008 9-84),
2154 1944 2272 2001 quo
2293 1926 2581 2002 opusculo
2603 1925 2881 1985 vitiorum
2904 1928 3064 2002 capi-

442 2006 550 2092 (ib.
579 2008 1077 2094 1421—1432);
1113 2016 1188 2073 tr.
1208 2023 1408 2074 contra
1428 2017 1728 2075 Jacobitas
1780 2014 1994 2073 talium
2017 2034 2235 2091 genera
2279 2014 2452 2074 docet
2481 2014 2804 2091 modosque
2835 2035 2903 2074 ea
2933 2020 3065 2074 tum

442 2117 513 2157 ex
560 2119 815 2176 persona
858 2100 1023 2160 Petri
1066 2123 1159 2179 ep.
1205 2105 1554 2176 damasceni,
1607 2124 1725 2180 quo
1783 2103 2011 2162 vitandi
2061 2107 2192 2163 tum
2245 2104 2594 2181 superandi3
2645 2104 2714 2162 de
2763 2107 2968 2163 virtute
3016 2114 3066 2164 et

444 2189 601 2248 alius
619 2191 1521 2269 adversusmonophysitas
1555 2212 1725 2252 accu-
1783 2195 1921 2251 vitio
1957 2190 2309 2275 (86-98);
2363 2196 2645 2252 institutio
2685 2194 3063 2252 elementaris

444 2278 633 2337 ratior
663 2282 770 2337 aut
802 2281 1111 2357 urgentior
1141 2281 1240 2339 vix
1271 2283 1586 2358 reperitur,
1620 2301 1726 2342 nec
1781 2283 1854 2339 ad
1888 2282 2164 2358 dogmata
2196 2278 2260 2363 (9
2272 2293 2376 2345 9·1
2399 2279 2532 2363 12);
2566 2284 2634 2339 de
2665 2290 2882 2340 natura
2915 2302 3062 2341 com·

443 2368 603 2443 apud
632 2368 1042 2427 Leontium
1077 2367 1267 2450 (XCV,
1309 2368 1724 2452 1435·1503).
1775 2373 1966 2445 posita
2013 2365 2171 2454 (περὶ
2217 2373 2514 2434 συνθέτου
2546 2368 2809 2453 (possum)
2861 2376 3066 2431 contra

440 2454 712 2532 Scriptus
763 2460 963 2516 autem
1014 2461 1104 2517 est
1152 2458 1226 2517 ad
1276 2461 1568 2534 quendam
1602 2461 1725 2536 epi·
1780 2460 2108 2535 Acephalos
2143 2456 2582 2541 (111—126);
2630 2458 2955 2542 dessduabus
3001 2464 3065 2519 in

442 2562 687 2622 scopum
710 2546 1035 2621 jacobitam
1086 2550 1481 2610 revocandum
1512 2552 1583 2609 ad
1617 2551 1724 2609 Ec·
1786 2548 2012 2608 Christo
2057 2550 2445 2610 voluntatibus
2493 2553 2555 2609 et
2599 2550 3061 2625 operationibus,

438 2635 678 2694 alesiam
709 2637 1059 2696 catholicam
1105 2635 1236 2714 (qui
1284 2638 1433 2698 forte
1473 2640 1592 2699 fuit
1621 2641 1723 2698 ille
1781 2638 1972 2712 deque
2005 2639 2383 2698 naturalibus
2403 2639 2652 2715 reliquis
2683 2641 3063 2714 proprietati-

442 2723 621 2795 Elias,
670 2724 743 2783 de
789 2744 907 2801 quo
952 2745 1086 2785 mox
1128 2728 1317 2786 locuti
1350 2724 1604 2810 sumus).
1648 2763 1716 2772 -
1780 2727 1910 2796 bue,
1946 2727 2050 2786 ubi
2085 2728 2277 2787 obiter
2327 2729 2398 2785 de
2448 2728 2679 2786 duabus
2722 2729 2957 2786 naturis
3004 2735 3066 2787 et

444 2812 729 2890 Dialogus
806 2822 1009 2873 contra
1086 2817 1455 2876 Manichaeos
1504 2814 1722 2897 (XCIV,
1781 2833 1902 2873 una
1947 2816 2253 2891 hypostasi
2302 2811 2743 2897 (127-186);
2790 2818 3065 2877 adversus

1783 2905 2266 2964 Nestorianorum
2308 2906 2591 2963 haeresim
2634 2904 2776 2968 diss.
2823 2923 3062 2965 accura-

1781 2994 2012 3051 tissima
2058 2990 2113 3074 (1
2133 3003 2166 3057 8
2179 3005 2208 3056 7
2220 3028 2302 3037 —-
2312 3004 2345 3055 2
2356 3003 2389 3055 2
2401 2991 2465 3073 5)
2481 3015 2494 3062 ς
2545 2993 2742 3052 Canon
2773 2995 3067 3068 paschalis

523 3077 557 3142 ¹)
590 3072 837 3196 ‚Legissur
903 3073 958 3126 Μ
976 3074 997 3126 i
1014 3093 1105 3155 gn
1124 3092 1152 3128 e
1214 3075 1377 3163 XCV,
1442 3081 1727 3132 309—344
1782 3100 1888 3140 seu
1939 3083 2261 3141 laterculus
2312 3083 2386 3141 ad
2430 3083 2854 3141 inveniendum
2906 3083 3065 3142 diem

442 3141 640 3199 Oratio
709 3149 1117 3198 emonstrativa
1144 3149 1204 3200 de
1222 3166 1391 3201 sacrm
1410 3157 1457 3201 et
1480 3166 1722 3201 veneran-
1782 3171 2036 3230 paschae
2069 3166 2355 3252 (239—2
2367 3165 2476 3253 46)
2499 3193 2513 3240 3
2548 3172 2737 3230 oratio
2758 3173 2827 3230 de
2847 3174 2937 3247 iis,
2963 3176 3063 3248 qm·

443 3216 1147 3284 disimaqinibusadversus
1166 3217 1518 3271 Christianos
1535 3235 1726 3273 omnes
1792 3261 1803 3272 .
2193 3263 2204 3274 .
2836 3260 2847 3271 -
2923 3261 2934 3271 .

443 3286 830 3353 adversusque
875 3287 1012 3357 imp.
1059 3289 1498 3342 Constantinum
1555 3291 1725 3342 Caba—
1781 3279 1844 3318 m
1873 3261 1983 3334 fide
2013 3263 2391 3337 d⁰r²n²⁶⁷⁴²mt1
2445 3261 2738 3336 qu⁰m⁰d⁰
2771 3278 2971 3318 m¹3⁸¹⁸
3004 3266 3066 3320 et

442 3355 629 3410 linum
669 3373 735 3410 ac
779 3359 1090 3414 haereticos
1135 3362 1446 3424 universos,
1488 3361 1581 3414 cui
1610 3378 1724 3414 non
1782 3348 2168 3426 eleemosynis
2199 3357 2260 3408 et
2289 3350 2713 3418 beneficentiis»,
2759 3368 2910 3424 quae
2958 3369 3064 3424 pro

442 3427 559 3482 8150
586 3429 709 3498 1⁸⁰1*ss
729 3431 1041 3498 praefixum
1063 3435 1149 3484 38¹3
1166 3431 1253 3485 JO·
1282 3431 1329 3485 D
1347 3450 1381 3485 ²³·
1398 3451 1451 3484 m
1468 3449 1502 3485 a
1519 3450 1543 3485 Β
1559 3450 1588 3486 0
1605 3448 1635 3486 θ
1651 3432 1726 3485 111
1783 3438 1902 3497 illis
1965 3440 2135 3509 fiunt,
2202 3441 2564 3514 adjuventur
2619 3436 2770 3520 (247
2788 3473 2857 3480 —
2873 3447 2905 3499 2
2919 3434 3027 3518 78)
3048 3459 3060 3497 :

444 3516 667 3581 nome-n,
695 3519 867 3568 quani
914 3503 1066 3570 quod
1113 3502 1516 3558 damascenicis
1560 3521 1725 3573 argu·
1782 3546 1960 3602 quam
2012 3532 2211 3586 tamen
2260 3547 2384 3586 non
2434 3547 2559 3587 esse
2593 3528 2939 3586 Damasceni
2970 3527 3063 3586 Le

443 3573 653 3625 mentis
702 3575 823 3624 tota
875 3574 989 3626 fere
1041 3577 1277 3637 constat,
1326 3578 1392 3628 ut
1430 3580 1595 3628 notat
1638 3575 1725 3629 Le

444 3640 682 3705 Quien
728 3643 789 3695 in
834 3645 1067 3713 praevia
1113 3646 1523 3700 admonitione.
1602 3646 1724 3712 Quo
1782 3617 2027 3716 quien
2089 3635 2226 3676 cum
2273 3618 2338 3679 L·
2389 3617 2687 3717 All‘stiP
2749 3619 2950 3675 censet
2999 3617 3062 3674 in

436 3713 567 3780 jure
612 3714 666 3766 ei
710 3714 931 3768 tributa
976 3716 1090 3769 fuit
1132 3717 1305 3770 etiam
1348 3717 1608 3787 Epistola
1652 3718 1725 3770 ad
1782 3705 1925 3766 (llas,
1958 3705 2354 3764 damascemca
2403 3706 2472 3769 V.
2535 3702 2815 3786 (Mlgne
2866 3706 3059 3772 XCIV,

444 3783 829 3854 Theophilum
854 3786 993 3856 imp.
1019 3792 1082 3841 de
1104 3793 1302 3842 sanctis
1327 3807 1390 3842 ac
1414 3793 1727 3843 venen-andis
1786 3792 2179 3874 349—367),
2210 3826 2298 3838 --
2330 3795 2413 3853 De
2434 3795 2802 3853 confessione
2834 3813 3063 3852 necnon

440 3861 762 3979 &afim-⁶¹&
807 3857 910 3938 iib·
962 3876 1016 3926 P·
1069 3865 1391 3928 346—386),
1443 3878 1589 3957 quae
1627 3864 1727 3942 9⁸ss
1780 3886 2075 3958 potestate
2138 3883 2366 3959 ligandi
2424 3887 2486 3941 et
2548 3884 2818 3941 solvendi
2870 3882 3057 3960 (XCV,

522 3944 618 3980 um
669 3929 1128 3998 patrlarcharum
1161 3930 1297 3984 Job
1348 3932 1725 3995 alexandrini,

442 3996 481 4050 C
499 3998 537 4050 h
553 3997 615 4051 ri
633 4017 658 4051 s
677 4002 700 4051 t
717 4017 747 4052 0
767 4018 804 4068 p
822 4001 859 4052 h
879 4018 910 4053 o
926 4002 990 4053 ri
1015 4001 1347 4055 antiocheni
1369 4009 1427 4055 et
1454 4003 1495 4053 B
1513 4002 1725 4056 asilii
1784 3969 2192 4072 233-30513
2258 3991 2376 4046 qna
2392 4061 2403 4071 ·
2425 3973 2490 4029 in
2535 3991 2628 4047 ep·
2667 3973 3064 4072 respondetur

439 4068 932 4138 hierosolymitani
948 4077 1017 4139 (a.
1040 4091 1087 4127 o.
1107 4079 1231 4142 846)
1253 4074 1324 4126 ad
1339 4074 1723 4144 Theophilum
1781 4062 2030 4130 cuidam,
2067 4080 2172 4136 qui
2203 4064 2553 4136 quaesierat,
2607 4080 2724 4135 quo
2767 4079 2904 4134 Jure
2936 4079 3060 4118 mo-

439 4139 580 4210 imp.
623 4146 681 4198 et
723 4145 1062 4212 opusculum
1106 4149 1362 4199 adversus
1384 4150 1726 4201 iconoclastae
1780 4152 1969 4221 titichi,
2022 4151 2125 4225 qui
2176 4150 2509 4225 presbyteri
2561 4167 2666 4207 seu
2728 4149 3059 4207 sacerdotes

439 4215 660 4337 ‘gg—{fa
680 4215 841 4338 {1de
860 4215 1212 4350 λὶῗιῗὼὲὲἐξῑ
1238 4219 1387 4356 ἦθξέξ
1406 4217 1724 4352 apg·xgss{;
1779 4259 1901 4299 non
1935 4240 2074 4306 sint,
2109 4239 2508 4298 confessiones
2530 4237 2795 4296 fidelium
2831 4237 3060 4312 excipe-

446 4355 812 4413 1347—136‘2.
890 4357 951 4410 ln
1004 4358 1121 4411 suis
1174 4357 1530 4413 orationibus
1581 4361 1726 4413 citat

441 4423 821 4480 Damascenus
862 4427 1130 4498 (Migue
1156 4429 1349 4493 XCIV,
1384 4435 1537 4502 1376)
1577 4431 1724 4500 frag·
1861 4437 1895 4499 ¹)
1926 4428 2087 4483 (λιι-(1.
2117 4426 2259 4479 Mai
2286 4425 2346 4478 in
2372 4425 2511 4478 bibl.
2543 4440 2689 4477 nova
2717 4423 2819 4476 ΡΡ.
2851 4423 2926 4475 IV
2975 4445 3009 4476 J.
3030 4434 3059 4478 2

439 4499 634 4550 menta
677 4515 744 4552 ex
791 4499 1001 4568 scripto
1057 4501 1091 4553 S
1109 4504 1133 4551 t
1149 4517 1177 4552 e
1195 4519 1231 4569 p
1250 4502 1287 4553 h
1303 4517 1336 4552 a
1352 4502 1427 4554 ni
1471 4519 1557 4569 ep.
1604 4503 1724 4555 bos·
1781 4521 1835 4570 p.
1860 4507 1958 4556 104
1973 4518 2038 4555 ss,
2059 4499 2308 4569 primum
2323 4497 2507 4551 edidit
2525 4496 2552 4548 J
2576 4514 2607 4549 o
2624 4512 2705 4548 an
2723 4514 2760 4547 n
2777 4495 2798 4547 i
2815 4513 2839 4546 s
2862 4495 2962 4548 Ort
3008 4513 3059 4547 0-

440 4567 646 4622 trensis
696 4569 770 4640 (fl.
823 4588 889 4623 ex
930 4572 1255 4640 conjectura.
1299 4572 1597 4640 Lequienii
1641 4574 1724 4625 in·
1780 4571 1910 4624 dcxi
1954 4576 2360 4640 <lapidationem
2386 4588 2504 4622 cum
2533 4571 2872 4629 Manichaeis,
2914 4583 3060 4632 quae

439 4642 612 4692 eunte
639 4657 744 4694 sec.
774 4642 919 4710 VIM)
948 4646 1139 4697 contra
1169 4644 1199 4696 J
1221 4662 1254 4696 u
1275 4643 1523 4698 dacos:
1557 4645 1724 4712 plura
1781 4642 2004 4697 brevior
2049 4642 2282 4709 quidem
2326 4659 2441 4693 non
2482 4640 2729 4693 multum
2770 4638 2964 4691 differt
2987 4640 3062 4691 ab

440 4707 763 4778 fragmenta
825 4712 990 4765 addit
1050 4714 1288 4767 Merca
1307 4715 1365 4767 ti
1416 4715 1477 4768 in
1528 4716 1723 4769 Theol.
1780 4715 1888 4768 hoc
1914 4713 2160 4782 dialogo.
2214 4713 2352 4765 Eam
2381 4711 2625 4781 reperies
2651 4710 2713 4763 in
2740 4711 2928 4779 suppl.
2956 4707 3062 4760 Da-

438 4777 683 4842 Qt-lschr.
724 4783 1024 4852 Tiibingen
1058 4793 1191 4840 1895
1220 4806 1273 4855 p.
1303 4794 1527 4841 63—69.
1781 4786 2028 4837 nmsoeni
2057 4785 2112 4836 M
2133 4785 2150 4836 i
2169 4804 2205 4851 g
2224 4803 2259 4835 11
2278 4803 2304 4832 o
2335 4784 2525 4845 XCVI,
2561 4786 2925 4839 1319--1336.
