3505 5161
516 220 632 273 391
931 209 1230 258 431—500.
1263 201 1540 273 Theologi
1568 204 1679 274 pol.
1708 203 1921 257 Paulus
1948 218 2131 265 emes„
2159 202 2426 267 Rabulas,
2453 202 2696 265 Samuel,
2999 219 3128 273 392

511 389 638 447 lum
687 387 1030 447 mediatoris
1089 407 1332 447 munere
1394 389 1635 449 functus
1699 392 1792 449 est
1845 389 1980 450 fidei
2014 389 2256 464 scripsit
2287 388 2670 464 presbyteris,
2706 388 2965 464 regibuS,
2999 408 3130 447 ma-

509 478 801 536 Paulus
863 495 1190 548 emesenus,
1255 477 1361 552 qui
1419 479 1480 537 in
1545 479 1789 539 concilio
1845 477 2147 557 gnatibus,
2180 477 2483 536 monachis
2502 481 2629 547 etc„
2664 476 2823 535 inter
2852 495 3000 552 quas
3033 485 3133 537 est

509 566 790 642 ephesino
830 584 898 623 ex
930 566 1183 624 «Ioannis
1217 567 1389 625 stetit
1419 573 1605 643 parte.
1670 569 1788 628 Ne·
1844 589 1935 645 ep.
1969 569 2049 627 ad
2080 568 2383 626 Andream
2428 566 2772 641 episcopum
2806 572 3121 626 samosate—

506 673 622 730 que
655 655 784 713 sine
818 654 987 731 fruge
1033 654 1104 713 de
1145 674 1286 731 pace
1324 656 1442 714 fuit
1473 657 1786 726 sollicitus,
1844 679 2007 728 num,
2031 676 2207 732 quem
2230 655 2553 732 redarguit,
2578 653 2735 729 quod
2757 655 3063 731 scripserit
3076 655 3123 737 l)

505 762 691 818 eaque
736 744 1036 802 occasione
1078 744 1341 803 homiliis
1376 762 1576 804 sanam
1609 744 1787 804 fidem
1843 748 2128 806 adversus
2175 763 2220 808 s.
2254 744 2463 821 cyrilli
2508 744 2650 806 alex.
2698 744 3124 804 anathematis-

507 832 874 908 spirantibus
937 832 1375 891 alexandrinam
1444 833 1789 893 laetificavit
1843 855 1970 895 mos
2002 835 2129 903 XII,
2164 835 2243 892 ad
2273 835 2562 910 episcopos
2594 835 2927 909 Armeniae,
2970 853 3121 909 quos

505 921 826 980 ecclesiam.
896 920 1086 990 Quare
1148 922 1276 997 ipse
1332 922 1590 999 Cyrillus
1653 924 1786 999 ejus
1843 929 2049 986 contra
2066 924 2371 983 haereseos
2391 940 2618 982 venena
2636 923 2977 997 praemunit
2994 927 3130 995 etc„

504 1009 662 1069 dicta
692 1029 799 1087 pro
830 1011 1107 1069 concione
1140 1011 1522 1071 confirmavit.
1581 1012 1787 1071 Homi-
1842 1015 2084 1074 homilia
2115 1014 2182 1070 de
2213 1012 2262 1071 b.
2287 1011 2487 1070 Maria
2522 1010 2583 1069 V.
2618 1005 2764 1091 (non
2796 1011 3031 1088 integra
3061 1018 3123 1071 et

506 1100 619 1157 lias
649 1099 905 1174 reperies
936 1099 999 1158 in
1029 1099 1282 1176 Migne
1314 1101 1376 1160 P.
1411 1101 1476 1159 G.
1496 1101 1782 1172 LXXVII,
1843 1105 2066 1180 syriace
2098 1095 2316 1182 versa),
2356 1120 2475 1177 qua
2507 1100 2877 1159 demonstrat
2908 1101 2963 1158 b.
2995 1101 3123 1160 Ma·

512 1197 876 1251 1433—44.
1841 1194 1991 1252 riam
2022 1192 2090 1253 V.
2137 1209 2273 1249 vere
2318 1192 2381 1248 et
2416 1191 2554 1264 jure
2586 1189 2780 1247 vocari
2813 1190 2915 1249 Dei
2951 1191 3121 1267 geni·

1839 1276 2129 1361 tricem2).
2193 1278 2394 1356 Magni
2437 1278 2631 1337 factus
2676 1282 2769 1336 est
2813 1298 2848 1337 a
2893 1298 2937 1337 s,
2985 1280 3119 1356 Cy-

597 1374 738 1430 218.
771 1365 857 1424 Ex
903 1367 1118 1441 Syris
1164 1367 1439 1426 Nestorio
1487 1386 1549 1427 se
1597 1386 1781 1444 oppo-
1838 1372 2024 1430 rillo
2056 1370 2148 1438 al„
2184 1368 2289 1444 qui
2317 1368 2381 1425 in
2412 1387 2504 1443 ep.
2542 1376 2620 1429 74
2654 1367 2727 1427 al.
2766 1376 2843 1430 55
2878 1368 2952 1426 ad
2984 1388 3123 1427 eum

503 1455 624 1513 suit
669 1458 902 1530 praeter
944 1455 1161 1514 Isaac
1193 1456 1494 1532 Magnum,
1542 1457 1615 1516 de
1662 1477 1783 1533 quo
1837 1460 1978 1519 data
2013 1456 2291 1543 (Migne
2330 1455 2611 1527 LXXVII,
2649 1455 2801 1532 347)
2837 1457 3127 1533 ,Semper

501 1544 656 1602 infra
686 1563 742 1606 n.
780 1552 924 1615 222,
964 1544 1303 1604 Rabulas
1335 1540 1691 1628 (Rabbulas)
1722 1565 1781 1607 n.
1839 1549 2097 1625 quidem,
2120 1546 2337 1622 inquit,
2358 1549 2465 1604 tua
2485 1544 2793 1620 splenduit
2815 1546 3125 1617 sanctitas,

501 1632 692 1691 medio
724 1633 924 1691 seculo
956 1633 1036 1692 IV
1067 1636 1239 1710 patre
1270 1634 1476 1706 divite,
1515 1635 1619 1694 sed
1650 1635 1781 1693 eth·
1837 1638 2154 1713 praecipue
2185 1639 2386 1694 autem
2416 1632 2608 1704 modo,
2656 1634 2808 1692 facta
2839 1635 3117 1695 omnibus

498 1721 665 1781 nicae
697 1722 1115 1797 superstitioni
1142 1723 1394 1793 addicto,
1446 1724 1510 1782 in
1542 1723 1782 1783 civitate
1837 1726 2242 1786 Orientalibus
2276 1724 2552 1782 columna
2583 1725 2645 1781 et
2674 1722 3121 1782 firmamentum

499 1810 911 1870 Kenneschrin
974 1807 1227 1892 (graecis
1290 1809 1560 1891 Calchis).
1640 1813 1782 1871 Visa
1834 1815 2166 1875 veritatis.‘
2201 1812 2397 1871 Habes
2418 1830 2570 1888 quae
2591 1815 2918 1887 supersunt
2938 1831 3125 1888 opera

500 1900 652 1958 mira
714 1901 1023 1959 sanatione
1072 1901 1443 1959 invocatione
1517 1901 1779 1960 nominis
1835 1905 2083 1963 collecta
2097 1904 2169 1962 ab
2188 1900 2552 1961 Overbeck
2572 1896 3123 1978 inter3.Ephraemi

502 1988 722 2047 Christi
759 1990 1078 2064 impetrata
1119 1989 1293 2048 fidem
1340 1991 1644 2066 amplexus
1689 1993 1780 2049 est
1836 1994 1992 2072 Syri,
2030 1993 2307 2066 Rabulae,
2331 1990 2541 2049 Balaei
2559 1991 2924 2067 aliorumque
2942 2009 3119 2065 opera

500 2077 881 2135 christianam
914 2095 961 2139 c.
985 2097 1035 2136 a.
1059 2087 1204 2147 400,
1239 2079 1778 2155 peregrinationem
1833 2080 2037 2142 selecta
2068 2101 2100 2141 e
2134 2080 2299 2140 codd.
2332 2078 2595 2156 syriaciS,
2631 2079 2844 2141 Oxonii
2871 2089 3031 2143 1865
3061 2099 3120 2155 p.

500 2165 758 2240 suscepit
800 2166 873 2223 ad
919 2166 1047 2225 loca
1095 2169 1300 2226 sancta
1331 2171 1391 2225 et
1421 2168 1485 2226 in
1516 2168 1779 2227 Jordane
1838 2180 2216 2239 210—-2483
2268 2176 2635 2239 362—378,
2669 2167 2776 2226 ubi
2806 2188 2862 2244 p.
2902 2180 3116 2232 159—-

498 2257 592 2312 est
649 2254 1002 2329 baptizatus.
1067 2255 1137 2314 In
1199 2256 1449 2332 patriam
1498 2274 1777 2315 reversus
1839 2270 1963 2324 209
1996 2259 2222 2337 legitur
2252 2258 2481 2332 prolixa
2526 2256 2715 2340 oratio
2760 2258 3123 2334 panegyrica.

498 2342 653 2401 bona
683 2361 795 2401 sua
824 2344 984 2402 inter
1011 2362 1301 2419 pauperes
1335 2344 1649 2403 distribuit
1681 2347 1775 2403 at·
1832 2351 1903 2408 de
1923 2350 2155 2409 Rabula
2187 2368 2221 2406 a
2254 2346 2506 2422 quodam
2530 2345 2798 2419 ejusdem
2817 2346 3112 2421 discipulo

500 2450 615 2506 que
667 2449 799 2490 cum
868 2451 1048 2491 uxore
1096 2432 1282 2492 vitam
1330 2433 1632 2509 professus
1684 2436 1778 2492 est
1832 2438 2153 2514 composita
2202 2431 2409 2516 (etiam
2468 2434 2626 2509 apud
2673 2434 2964 2510 Bedjan
3014 2434 3119 2505 IV,

495 2521 895 2579 monasticam.
928 2522 1099 2580 Anno
1124 2532 1241 2585 411
1284 2524 1376 2582 vel
1401 2532 1525 2586 412
1549 2523 1772 2583 electus
1836 2522 2024 2609 396);
2059 2524 2392 2605 germanice
2423 2541 2592 2583 versa
2623 2523 2804 2583 habes
2830 2525 3115 2600 pleraque

497 2615 589 2668 est
608 2611 671 2668 in
693 2612 1033 2686 episcopum
1047 2611 1415 2675 edessenum.
1438 2612 1584 2671 Cum
1600 2632 1778 2672 causa
1830 2637 1865 2675 a
1894 2618 1982 2676 Bi
2003 2615 2209 2675 ckell
2249 2614 2407 2672 inter
2437 2613 2855 2690 Ausgewahlte
2889 2613 3111 2672 Schrif-

495 2701 773 2775 ageretur
802 2700 866 2758 in
898 2700 1147 2758 concilio
1180 2701 1460 2777 ephesino
1491 2702 1773 2771 Nestorii,
1830 2709 1934 2765 ten
1980 2706 2084 2765 der
2131 2723 2247 2781 syr.
2293 2702 2718 2761 Kirchenvater
2762 2703 3111 2777 AphraateS,

494 2787 666 2847 initio
711 2788 952 2863 quidem
998 2790 1169 2848 stetit
1212 2809 1279 2848 ex
1324 2791 1492 2865 parte
1523 2791 1775 2849 Joannis
1831 2795 2088 2854 Rabulas
2121 2792 2248 2852 und
2280 2792 2448 2850 Isaak
2481 2810 2597 2850 von
2613 2791 2853 2861 Ninive,
2892 2792 3113 2870 Kemp—

495 2877 585 2955 (cf.
618 2897 675 2953 p.
712 2873 883 2958 352),
934 2879 1038 2936 sed
1087 2896 1286 2938 errore
1321 2878 1526 2955 agnito
1558 2879 1774 2956 Cyrillo
1830 2890 1933 2943 ten
1973 2891 2138 2947 1874
2170 2901 2225 2958 p.
2268 2889 2632 2943 153—271.
2670 2879 2752 2939 ef.
2786 2879 3110 2939 Nirschl

492 2984 556 3024 se
587 2966 861 3042 adjunxit
890 2965 955 3025 in
986 2968 1388 3045 oppugnanda
1412 2968 1640 3027 haeresi
1671 2988 1775 3028 ne·
1829 2972 1917 3030 III
1951 2969 1983 3038 ἓ
2020 2981 2179 3041 237;
2226 2970 2327 3029 Th.
2366 2969 2593 3045 Lamy
2626 2969 2681 3027 S.
2716 2969 2975 3029 Rabulas
3007 2970 3108 3029 Ev.

494 3055 771 3125 storiana,
819 3056 1068 3130 ejusque
1114 3060 1191 3115 tr.
1234 3058 1303 3115 de
1341 3064 1500 3116 recta
1529 3058 1642 3132 fide
1675 3076 1772 3133 sy·
1830 3060 2111 3119 d'Edesse
2143 3060 2205 3117 in
2226 3059 2424 3117 Revue
2444 3058 2616 3129 cath„
2648 3059 2914 3117 Louvain
2941 3068 3105 3122 1868

491 3144 646 3202 riace
708 3144 891 3202 vertit
951 3142 1154 3225 (quam
1208 3147 1536 3204 versionem
1585 3146 1775 3205 edidit
1831 3150 1904 3219 ΙΙ,
1932 3160 2054 3213 519
2090 3167 2135 3212 s.
2168 3181 2254 3190 —
2291 3147 2637 3216 ¹,Samuel
2669 3146 2986 3206 edessenae
3017 3166 3112 3206 ec-

490 3233 675 3308 Bedj
695 3252 789 3292 an
833 3233 993 3291 inter
1024 3238 1154 3293 acta
1183 3238 1513 3311 martyrum
1546 3237 1607 3293 et
1636 3254 1770 3294 san·
1829 3238 2042 3297 clesiae
2073 3237 2402 3313 presbyter,
2435 3238 2593 3295 teste
2625 3235 3030 3295 Gennadio
3062 3256 3105 3295 c.

491 3326 724 3380 ctorum
773 3322 841 3393 V,
908 3331 1284 3393 628—698,
1347 3327 1529 3399 atque
1590 3324 1772 3382 etiam
1831 3335 1933 3398 82,
1981 3327 2173 3385 multa
2204 3325 2484 3384 adversus
2516 3323 2807 3384 Ecclesiae
2839 3325 3107 3384 inimicos

491 3408 740 3485 Pusey
786 3411 851 3468 in
883 3429 992 3467 sua
1037 3410 1126 3471 ed.
1164 3412 1326 3470 illius
1361 3412 1648 3486 opusculi,
1697 3412 1770 3474 cf.
1827 3433 1963 3492 syro
1997 3433 2267 3474 sermone
2288 3416 2634 3473 construere
2666 3413 2902 3483 dicitur,
2937 3432 3106 3489 prae-

491 3498 694 3574 supral
707 3517 763 3574 p.
784 3493 1099 3578 359).Imo
1115 3498 1685 3576 Constantinopolim
1707 3519 1769 3559 se
1824 3505 2004 3579 cipua
2046 3507 2247 3562 tamen
2279 3503 2617 3561 intentione
2650 3505 2859 3560 contra
2891 3501 3102 3561 Nesto-

489 3587 725 3644 contuit
740 3587 944 3662 ibique
964 3587 1310 3648 Nestorium
1341 3592 1434 3648 est
1450 3607 1767 3667 aggressus
1823 3593 2021 3652 rianos
2054 3596 2115 3652 et
2147 3592 2550 3668 Eutychianos
2592 3593 2653 3649 et
2685 3589 3105 3650 Timotheanos

489 3674 691 3734 habito
717 3676 942 3750 prolixo
963 3694 1230 3736 sermone
1251 3681 1561 3754 praesente
1581 3678 1767 3737 Theo·
1822 3682 2105 3752 novellos,
2161 3680 2265 3739 sed
2310 3679 2426 3739 sibi
2458 3680 2724 3738 diversos
2757 3679 3100 3741 haereticos,

489 3763 657 3822 doeio
703 3764 842 3842 imp.
912 3765 1055 3824 Cum
1088 3766 1353 3825 Nestorii
1398 3767 1653 3827 asseclae
1691 3769 1764 3825 ad
1825 3771 1991 3830 Unde
2036 3776 2097 3829 et
2127 3771 2470 3844 frequenter
2498 3768 2826 3827 triformem
2856 3768 3107 3827 bestiam

489 3851 778 3911 Theodori
833 3856 1237 3930 mopsuesteni
1293 3856 1511 3932 scripta
1553 3875 1766 3932 provo·
1821 3860 2218 3919 ecclesiastica
2292 3858 2541 3916 insemel
2604 3857 2907 3916 sententia
2969 3876 3103 3916 cum

489 3945 706 4013 carent,
746 3962 880 4001 eum
914 3945 1444 4002 excommunicavit
1474 3948 1765 4021 tantoque
1821 3949 2174 4008 auctoritate
2223 3964 2301 4009 ss,
2349 3946 2790 4022 Scripturarum
2840 3964 3099 4005 summa-

487 4030 693 4089 ardore
743 4031 1138 4110 impugnavit,
1190 4037 1262 4092 ut
1310 4032 1461 4091 iram
1510 4034 1549 4091 J
1553 4035 1763 4093 oannis
1824 4091 1883 4096 -

487 4119 823 4178 antiocheni
856 4121 921 4178 in
953 4138 1015 4178 se
1045 4126 1408 4195 provocaret,
1444 4123 1549 4197 qui
1581 4126 1642 4181 et
1672 4124 1762 4198 ip·
2434 4189 2445 4199 ,
2655 4186 2666 4196 ‚
2744 4187 2757 4197 ‚
3059 4188 3068 4198 ,

488 4227 618 4267 sum
651 4209 1380 4285 eommunimevr1v2v1t=
1433 4211 1551 4270 imo
1583 4212 1765 4270 etiam
1820 4187 3104 4314 ..Riffessfffffi3¹3ss“212302‘123223‘32552225

485 4298 548 4354 in
594 4317 655 4356 ⁸⁰
688 4298 1017 4357 Edessenos
1051 4299 1386 4370 coneitfl'vit’
1432 4319 1569 4358 nam
1616 4300 1764 4358 duce
1819 4277 2187 4384 rnatimnoffum
2214 4331 2306 4400 (cf.
2333 4347 2507 4399 supra
2535 4279 2929 4401 349fLige1-ae
2957 4332 3100 4399 ejus-

485 4385 618 4443 Iba
668 4387 760 4444 vel
811 4406 879 4446 ex
925 4388 1067 4446 cleri
1113 4390 1281 4463 parte
1328 4390 1639 4447 commotio
1672 4393 1763 4447 est
1818 4400 3101 4470 demephesinaeexhibenturpassiminSyno-

486 4477 617 4532 orta
650 4469 712 4555 (†
738 4486 792 4537 7.
810 4478 964 4552 Aug.
990 4473 1160 4556 435),
1185 4511 1262 4521 —
1288 4477 1371 4534 Ex
1406 4478 1534 4552 ejus
1569 4478 1761 4552 operi-
1818 4473 1945 4525 dico
1965 4472 2237 4524 adversus
2258 4473 2470 4526 Irenaei
2491 4472 2847 4541 tragoediam
2870 4472 2926 4524 M
2942 4473 3101 4543 igne

484 4562 598 4621 bus
633 4569 958 4638 supersunt
989 4583 1230 4623 canones
1262 4584 1368 4624 seu
1399 4567 1638 4625 vivendi
1669 4586 1761 4625 re·
1817 4543 2087 4684 gbl-gb}
2138 4543 2415 4596 LXXXIV
2481 4542 2653 4612 (inter
2704 4559 2874 4614 Opem
2927 4544 3098 4597 ThGO·

483 4652 658 4751 gulae
677 4671 787 4728 pro
808 4653 978 4722 clero,
1005 4653 1205 4729 hymni
1225 4674 1331 4731 pro
1352 4655 1559 4714 officiis
1580 4656 1759 4714 litur-
1891 4688 1930 4748 ²)
1959 4685 2001 4737 F
2020 4702 2085 4738 es
2102 4704 2126 4738 S
2142 4685 2162 4738 1
2179 4703 2207 4738 e
2225 4704 2251 4738 r
2267 4717 2284 4726 ,
2300 4686 2333 4739 J
2351 4704 2389 4737 u
2406 4704 2443 4738 n
2461 4706 2500 4755 g
2516 4704 2570 4738 m
2586 4702 2620 4738 a
2636 4705 2675 4741 n
2692 4703 2725 4736 n
2756 4693 2783 4751 ἓ
2814 4692 2913 4741 195
2933 4707 2944 4742 ζ
2973 4683 3020 4737 D
3040 4702 3100 4736 u,

484 4756 649 4814 gicis,
682 4741 1012 4815 fragmenta
1030 4745 1421 4818 epistolarum,
1458 4762 1604 4818 quas
1636 4745 1759 4802 zelo
1819 4774 1846 4808 v
1867 4757 1937 4808 al
1963 4756 2042 4808 La
2069 4756 2414 4810 Litterature
2442 4774 2549 4824 syr.
2577 4773 2708 4826 pag.
2735 4761 3001 4812 341--43.
