3505 5161
597 247 761 302 1023
1174 237 1537 289 1073—1100.
1567 231 1807 286 Romani
1837 231 2151 303 pontifices
2180 230 2490 302 Gregorius
2522 229 2639 284 Vll.
3032 247 3176 299 1024

590 416 901 494 designato
934 419 1172 477 Romam
1202 419 1385 489 venit,
1430 420 1533 479 sed
1565 439 1701 479 eum
1732 441 1870 498 gra·
1925 420 2112 496 magis
2126 416 3041 493 imminentem,depromovenda
3057 435 3184 491 pace

590 507 747 565 viter
777 508 1023 577 monuit,
1043 527 1116 566 ne
1147 527 1413 584 purpura
1432 510 1757 587 pontificali
1778 512 1870 569 in·
1925 510 1986 567 et
2061 507 2457 584 prosperitate
2532 506 2908 583 singulorum
2984 523 3180 581 regno·

590 596 775 654 dutus
828 615 948 670 qua
994 596 1260 672 pontifex
1293 597 1501 658 urbem
1533 600 1869 675 ingredere·
1926 616 2059 655 rum
2111 597 2568 656 christianorum
2645 596 2836 670 deque
2901 594 3186 653 dilatanda

588 689 707 756 tur,
742 685 843 743 sed
878 686 1207 761 legitimam
1253 687 1395 745 cleri
1441 689 1668 747 romani
1719 688 1871 749 elec·
1926 685 2041 744 fide
2073 686 2427 755 christiana;
2479 684 2725 744 insidias
2775 686 2838 742 et
2870 683 3186 742 vexationes

589 774 817 832 tionem
861 778 1249 850 exspectaret,
1297 795 1416 851 qua
1464 777 1870 837 Hildebrando
1927 775 2223 852 persequi,
2270 793 2419 850 quas
2460 792 2671 850 passus
2717 781 2811 832 est
2857 793 2891 830 a
2938 771 3190 830 Wiberto

590 865 801 941 agente
834 882 1039 922 revera
1067 864 1131 922 in
1152 863 1491 940 pontificem
1513 870 1604 925 est
1624 867 1869 927 electus,
1929 864 2431 940 pseudopontifice
2447 861 2512 945 ¹),
2576 862 2831 922 Henrico
2892 861 2989 920 IV.
3042 860 3187 918 aliis-

591 953 642 1010 A
672 953 863 1011 Leone
879 952 975 1011 lx.
1010 953 1319 1012 ordinatus
1345 958 1437 1013 est
1468 955 1532 1014 in
1563 956 1871 1015 subdiaco-
1926 972 2043 1029 que
2075 953 2372 1012 Ecclesiae
2419 952 2802 1012 adversariis:
2836 950 2996 1009 hisce
3043 950 3189 1007 enim

590 1058 735 1099 num
769 1040 830 1119 (f.
874 1038 1064 1122 1049)
1116 1045 1178 1100 et
1225 1063 1446 1103 munus
1493 1062 1561 1103 eo
1604 1048 1872 1121 tempore
1926 1042 2103 1117 plena
2132 1046 2277 1101 sunt
2308 1045 2402 1101 tot
2431 1036 2877 1120 biographiae2)
2928 1043 2991 1097 et
3018 1038 3192 1097 histo·

590 1129 1011 1189 difficillimum
1072 1134 1475 1207 procuratoris
1538 1152 1644 1193 seu
1694 1152 1861 1193 oeco-
1926 1134 2047 1190 riae
2108 1131 2540 1191 ecclesiasticae
2601 1148 2794 1206 opera.
2857 1128 3191 1192 Laboribus.

591 1219 755 1277 nomi
786 1218 1077 1278 bonorum
1123 1221 1279 1279 sedis
1321 1224 1679 1297 apostolicae
1710 1241 1870 1283 acce·
1927 1239 2024 1278 cui
2037 1220 2104 1290 is,
2122 1220 2652 1295 vexationibusque
2674 1218 2940 1294 undique
2974 1218 3037 1275 in
3067 1235 3194 1275 eum

590 1309 699 1383 pit.
762 1308 854 1366 Ab
887 1308 1017 1384 ipso
1057 1311 1302 1385 ejusque
1335 1312 1776 1372 successoribus
1808 1313 1871 1370 in
1926 1310 2302 1369 irruentibus
2353 1309 2598 1368 attritus
2658 1310 2719 1367 et
2763 1306 3064 1367 confectus
3113 1306 3194 1363 vi-

591 1395 955 1474 gravissimis
1000 1396 1303 1458 adhibitus
1351 1400 1469 1459 fuit
1509 1401 1765 1479 negotiis
1812 1405 1873 1460 et
1926 1402 2049 1456 tam
2112 1399 2421 1457 mortalem
2483 1396 2874 1457 commutavit
2921 1414 3059 1454 cum
3105 1414 3192 1453 ae·

592 1486 988 1562 legationibus
1001 1486 1329 1563 virjuxtas.
1345 1491 1587 1549 Petrum
1602 1490 1873 1549 Damiani
1923 1490 2098 1545 terna
2131 1487 2426 1547 Ecclesiae
2468 1485 2765 1546 libertatis
2797 1485 3013 1544 vindex
3045 1502 3196 1543 acer-

592 1576 955 1634 sanctissimi
1008 1580 1070 1634 et
1116 1578 1422 1651 purissimi
1472 1580 1723 1638 consilii.
1797 1579 1871 1638 In
1925 1577 2134 1645 rimus,
2169 1580 2431 1636 assertor
2459 1575 2980 1636 constantissimus
3002 1573 3196 1632 obiens

592 1663 842 1723 Galliam
918 1666 1156 1741 legatus
1233 1668 1453 1726 missus
1505 1669 1871 1728 validissime
1928 1665 2156 1723 Salerni
2194 1675 2291 1729 25.
2336 1667 2469 1742 Maj.
2510 1676 2627 1730 107
2641 1675 2695 1729 5.
2740 1697 2827 1707 —
2875 1663 2969 1721 Ab
3010 1662 3195 1721 Eccle-

592 1756 798 1812 contra
846 1754 1154 1813 simoniam
1203 1757 1510 1833 pugnavit,
1561 1761 1634 1816 ut
1681 1759 1776 1817 vel
1807 1758 1873 1816 in
1928 1754 2016 1812 sia
2046 1755 2205 1812 inter
2250 1758 2487 1814 sanctos
2533 1754 2765 1814 colitur.
2827 1753 3050 1811 Mirum
3082 1769 3201 1809 esse

591 1842 821 1917 synodo
837 1838 1239 1926 lugdunensi(
1251 1841 1561 1927 1055)sex
1581 1847 1870 1924 deposue-
1926 1861 2044 1902 non
2121 1844 2297 1902 debet
2371 1850 2494 1903 tam
2569 1842 2891 1912 industrii,
2976 1840 3198 1916 operosi

592 1933 673 1989 rit
687 1931 993 2007 episcopos
1011 1933 1187 2008 hujus
1203 1934 1466 1994 criminis
1481 1954 1631 1996 reos.
1648 1937 1871 1995 Beren-
1925 1932 2217 2008 fortisque
2238 1933 2537 2008 pontificis
2562 1933 2906 1991 innumeras
2925 1931 2997 1988 de
3017 1929 3197 1988 omnis

591 2020 827 2096 garium
861 2020 925 2079 in
958 2022 1183 2096 synodo
1215 2025 1529 2083 turonensi
1558 2025 1630 2083 ad
1663 2026 1868 2083 haere-
1926 2021 2162 2098 generis
2211 2022 2472 2099 negotiis
2532 2037 2840 2097 superesse
2906 2019 3194 2095 epistolas,

592 2127 723 2168 scos
755 2127 895 2168 suae
914 2111 1190 2170 iteratam
1213 2112 1413 2190 adegit
1432 2114 1869 2190 abjurationem
1925 2130 2180 2187 quarum
2227 2112 2544 2188 registrum
2576 2110 2639 2168 in
2672 2112 2804 2168 octo
2847 2109 2993 2167 olim
3024 2107 3084 2168 lL
3114 2106 3197 2164 di-

592 2203 771 2273 atqne
833 2198 972 2257 fidei
1048 2200 1364 2260 catholicae
1426 2203 1870 2279 professionem.
1926 2203 2162 2277 gestum
2204 2204 2493 2276 superest,
2524 2217 2783 2274 quorum
2800 2200 3033 2274 septem
3050 2196 3193 2271 prio·

592 2287 764 2346 Haud
783 2287 964 2346 semel
976 2290 1207 2347 romani
1218 2291 1869 2366 pontificiselectionem
1924 2308 2019 2347 res
2063 2289 2320 2365 singulis
2364 2288 2663 2365 prioribus
2694 2287 2972 2364 Gregorii
3014 2284 3191 2363 ponti-

595 2395 705 2434 sua
735 2372 1148 2451 prudentia'ad
1183 2379 1405 2439 bonum
1439 2382 1719 2457 perduxit
1749 2383 1871 2440 exi·
1925 2379 2135 2436 ficatus
2182 2379 2352 2436 annis
2399 2377 2783 2453 respondent,
2832 2376 2905 2434 in
2937 2384 3184 2436 octavum

593 2469 740 2523 tum.
774 2465 897 2526 Sub
929 2466 1258 2527 Alexandro
1288 2468 1364 2538 II,
1396 2469 1794 2529 archidiaconi
1812 2475 1874 2530 et
1926 2485 2065 2525 vero
2097 2466 2357 2542 reliquae
2389 2466 2677 2542 epistolae
2708 2484 2831 2523 non
2861 2464 3067 2524 habita
3091 2480 3178 2519 an·

594 2555 928 2615 cancellarii
959 2573 1234 2616 romanae
1258 2558 1551 2619 Ecclesiae
1583 2560 1868 2638 fungeba-
1927 2572 2137 2615 norum
2150 2557 2378 2615 ratione
2397 2557 2471 2615 ab
2491 2555 2714 2615 editore
2738 2554 2913 2614 fuere
2928 2554 3172 2629 rejectae:

594 2650 698 2703 tur
728 2662 1001 2704 munere:
1052 2664 1239 2722 eoque
1274 2647 1553 2707 defuncto
1585 2650 1727 2724 ipse,
1763 2650 1869 2725 qui
1926 2646 2302 2722 postmodum
2322 2663 2462 2705 vero
2494 2645 2569 2702 ab
2587 2645 2704 2703 alio
2742 2643 2978 2703 editore
2995 2637 3172 2703 LVIII.

595 2735 941 2793 electionem
991 2733 1055 2793 in
1086 2735 1235 2794 alios
1268 2736 1525 2813 dirigere
1556 2739 1804 2810 solebat,
1839 2761 1873 2798 a
1924 2734 1989 2792 in
2022 2744 2059 2796 4
2094 2734 2415 2793 distinctus
2462 2734 2583 2793 fuit
2632 2733 2694 2791 ll.
2742 2751 2852 2791 seu
2902 2731 3089 2809 potius
3125 2728 3179 2785 in

595 2842 657 2881 se
688 2826 953 2882 avertere
985 2842 1105 2883 non
1135 2825 1363 2900 potuit:
1397 2825 1623 2885 invitus
1662 2846 1697 2885 a
1746 2846 1870 2887 car-
1924 2827 2067 2893 tres,
2100 2841 2233 2882 cum
2269 2824 2309 2881 1.
2342 2823 2427 2893 Χ.,
2475 2822 2581 2898 qui
2614 2822 2840 2898 injuria
2871 2827 3180 2896 temporum

594 2912 895 2972 dinalibus
918 2914 1074 2973 clero
1092 2914 1433 2989 populoque
1452 2915 1515 2974 in
1539 2916 1702 2975 illius
1737 2935 1870 2976 suc·
1927 2912 2173 2987 periisse
2206 2912 2575 2981 credebatur,
2617 2929 2933 2987 nunquam
2964 2908 3182 2968 entim·

592 3019 882 3060 cessorem
905 3002 1039 3076 ipso
1060 3002 1153 3060 die
1173 3002 1563 3079 depositionis
1579 3005 1699 3063 fuit
1716 3006 1869 3066 elec·
1926 3001 2025 3062 rit.
2106 3001 2533 3076 Complectitur
2580 3001 2690 3059 hoc
2742 3000 3066 3076 registrum
3109 3013 3185 3070 ep.

592 3094 692 3149 tus
723 3094 785 3149 et
819 3100 917 3153 29.
939 3090 1109 3149 Junii
1150 3101 1311 3155 1073
1348 3092 1658 3152 ordinatus
1690 3100 1871 3172 atque
1930 3099 2075 3153 361.
2128 3090 2487 3166 Saepissime
2509 3088 2815 3168 p1·0diit³)‚
2850 3093 2926 3147 ut
2945 3090 3094 3146 inter
3110 3103 3185 3159 ep.

594 3180 913 3256 Gregorius
946 3179 1070 3240 VII.
1103 3180 1319 3242 dictus.

705 3309 711 3315 θ
2005 3301 2040 3368 ¹)
2068 3296 2140 3348 W
2163 3295 2236 3350 ib
2252 3313 2280 3349 e
2298 3314 2326 3349 r
2343 3299 2367 3349 t
2383 3314 2418 3348 u
2436 3313 2462 3349 s
2490 3295 2845 3368 (Guibertus)
2873 3296 2949 3348 ab
2975 3294 3191 3347 Alexan-

685 3366 829 3419 573'
862 3357 951 3415 Ad
998 3362 1225 3417 *antam
1273 3363 1578 3435 promotufl
1611 3361 1869 3437 dignita·
1926 3369 2029 3422 dro
2059 3369 2109 3420 II
2156 3367 2620 3436 archiepiscopus
2670 3382 2958 3419 ravennas
3007 3364 3192 3420 factus,

595 3450 716 3504 tem
768 3446 951 3504 forma
999 3447 1187 3508 factus
1238 3451 1330 3506 est
1359 3451 1572 3527 gregis,
1620 3453 1680 3508 et
1711 3449 1870 3525 quod
1927 3440 2064 3493 olim
2094 3439 2324 3494 Henrici
2345 3438 2441 3492 IV.
2468 3435 2860 3501 cancellarius,
2889 3453 2955 3490 eo
2983 3436 3194 3488 auctore

594 3535 773 3593 verbo
836 3534 1038 3594 docuit
1099 3539 1366 3612 exemplo
1416 3539 1871 3601 demonstravit.
1924 3507 2976 3652 ἷξέἰξῄξῗῃὲθξὲἷῖωῗὲᾑῇᾒῖίὲὓῗοέξ
3000 3505 3194 3630 {laigffa’

595 3623 793 3725 Fortis.
816 3642 922 3698 per
952 3626 1149 3684 omnia
1192 3627 1417 3686 athleta
1466 3647 1528 3686 30
1558 3647 1667 3703 Pro
1698 3647 1870 3687 muro
1928 3653 2266 3724 Gregorium
2298 3652 2416 3716 Vll,
2444 3651 2537 3705 cui
2565 3655 2624 3705 et
2649 3649 3067 3705 successoribus
3087 3647 3192 3715 ejus

595 3714 797 3772 domm
809 3714 993 3772 Israel
1004 3733 1218 3789 ponere
1228 3736 1338 3776 non
1348 3718 1569 3781 timuit.
1582 3717 1872 3776 Nostrum
1926 3742 1975 3780 a.
1990 3733 2052 3780 21
2074 3741 2131 3777 se
2144 3724 2413 3795 opposuit
2425 3722 2531 3776 sub
2543 3722 2774 3777 nomine
2787 3719 3095 3776 Clementis
3113 3717 3192 3768 111.

594 3821 712 3861 non
745 3805 834 3860 est
867 3805 1033 3879 gesta
1063 3805 1215 3862 tanti
1247 3807 1541 3884 pontificis
1573 3823 1868 3874 enarrare,
1926 3796 2119 3850 faUtOr
2143 3795 2454 3850 trisstifflimi
2479 3793 2799 3848 flehissmssffi⁸
2825 3795 3075 3874 (†‚¹¹00)·

595 3892 847 3967 synodos
879 3910 1196 3962 recensere,
1246 3915 1393 3973 quas
1424 3896 1634 3954 habuit
1664 3895 1737 3953 ad
1770 3896 1869 3954 de·
1926 3862 3194 3994 ΡΞ)ἕξ]1ζῖἱῇῗῙίἓῖῗῇἔῗΡεῖἰθὲἐὲεἫῇἓᾶἰ

596 3981 872 4039 testanda
921 3982 1061 4040 cleri
1111 3983 1276 4054 vitia,
1330 3985 1641 4043 simoniam
1686 3989 1748 4043 et
1777 3985 1868 4042 in·
1929 4010 1971 4062 p
1988 3979 2064 4063 o‘t
2079 3969 2205 4063 {hs}
2221 4026 2246 4061 g
2264 4012 2288 4060 t
2313 3979 2366 4079 ρ’,
2395 3977 2530 4066 541⁸}
2561 3956 2795 4064 13:55⁸&
2821 4007 2960 4060 vita
2979 4021 3012 4057 a
3033 4001 3192 4056 Paulo

597 4071 1018 4129 continentiam
1069 4089 1295 4133 necnon
1346 4077 1407 4132 et
1457 4073 1871 4131 investituram
1928 4080 2326 4135 Bernriedensi
2391 4080 2601 4150 scripta
2669 4077 2919 4148 pretiosa
2977 4081 3060 4130 eat
3112 4070 3189 4142 (cf.

597 4160 821 4229 laicam,
887 4159 1261 4235 eliminanda,
1340 4162 1659 4222 certamina
1720 4181 1872 4236 quae
1928 4153 1983 4206 Μ
2002 4153 2127 4223 ign
2147 4169 2175 4205 e
2204 4152 2242 4205 1.
2268 4170 2324 4221 p.
2351 4159 2601 4208 39—104
2624 4151 2751 4205 coll.
2779 4153 3050 4208 219·23o·,
3075 4159 3190 4198 nam

596 4254 801 4306 contra
818 4252 910 4307 tot
928 4249 1223 4310 Ecclesiae
1245 4253 1443 4311 hostes
1465 4250 1668 4327 gessit,
1702 4270 1870 4325 prae·
1928 4223 2173 4365 ξέἒρῗὲι
2187 4226 2332 4347 gfff}
2350 4222 2649 4347 Ξξξέἰέξιὶξ
2673 4224 2916 4352 Ξῖῗξῗξῖ
2929 4218 3190 4346 ξὲῗιῖἒξ

596 4339 797 4395 sertim
830 4340 1035 4396 contra
1066 4339 1388 4399 Henricum
1408 4341 1488 4399 IV
1520 4359 1735 4416 regem,
1772 4339 1871 4397 de·
1930 4385 2030 4434 qm
2073 4365 2370 4436 apologias
2411 4365 2602 4435 plures
2643 4381 2746 4433 pro
2788 4362 3061 4432 Gregorio
3102 4353 3187 4408 VII

597 4429 757 4484 creta
787 4445 1132 4488 enumerare
1167 4430 1573 4498 saluberrima,
1625 4447 1778 4502 quae
1810 4429 1873 4485 in
1930 4437 2160 4491 laudat:
2226 4438 2270 4489 V
2291 4436 2359 4490 oi
2375 4440 2455 4507 gt
2505 4434 2853 4489 Hildebrand
2905 4433 2991 4486 als
3035 4426 3194 4496 Papst

598 4514 887 4574 Ecclesiae
922 4517 1141 4575 bonum
1186 4519 1466 4587 condidit,
1516 4516 1872 4576 sollicitudi-
1931 4509 2146 4578 Grssgffi‘
2180 4507 2277 4561 VH
2319 4508 2435 4562 und
2480 4508 2600 4561 sein
2628 4506 2911 4566 zeifflter’
2955 4500 3191 4555 weimar

599 4622 733 4661 nem
766 4604 1003 4663 laudare
1037 4605 1108 4664 de
1141 4608 1399 4666 unienda
1418 4607 1663 4665 ecclesia
1678 4606 1872 4664 orien-
1931 4581 2427 4715 ediff'cssfcjaffe,
2473 4649 2575 4718 qui
2620 4648 2678 4703 iu
2707 4648 2820 4701 RB,
2856 4645 2963 4698 pp,
2991 4643 3118 4711 Reg,
3151 4638 3185 4696 Ι,

598 4693 710 4748 tali
742 4709 875 4749 cum
907 4712 1149 4752 romana
1179 4697 1369 4769 deque
1389 4695 1610 4754 tuendo
1632 4695 1873 4753 Oriente
1931 4729 2213 4776 598-549
2255 4727 2506 4774 recenset
2544 4738 2630 4792 ep.
2659 4728 2780 4774 542².
2834 4714 3076 4787 Registri
3100 4713 3131 4765 l.
3158 4715 3185 4762 2

601 4779 882 4836 adversus
915 4781 1237 4840 Turcarum
1259 4785 1622 4842 invasionem
1644 4801 1877 4859 semper
1932 4797 2062 4862 post
2100 4811 2187 4862 ep.
2217 4802 2281 4847 55
2325 4793 2591 4864 (Migne
2631 4813 2685 4862 p.
2727 4794 2850 4860 407)
2903 4781 3190 4844 occurrunt
