3505 5161
391 247 504 299 (341
986 229 1414 284 controversiae
1441 248 1569 285 cum
1597 230 1975 284 iconoclastis,
2004 230 2312 299 Gregorius
2341 232 2406 283 ll.

2878 251 3002 303 ⁴342

386 416 638 486 XXXIX,
688 415 948 475 Viennae
1004 409 1195 496 1898)
1243 417 1432 475 edidit
1471 417 1663 477 Bedae
1719 417 2132 491 promississet,
2181 418 2516 475 novissimis
2566 418 2760 476 literis
2792 419 3005 495 imagi·

384 508 421 565 l.
472 506 540 564 de
588 508 727 563 locis
775 508 990 564 sanctis
1035 502 1115 585 (p.
1167 502 1542 585 301—327)
1591 506 1663 564 de
1717 525 1865 563 num
1942 507 2171 565 cultum
2249 508 2548 565 vocaverit
2610 508 3006 566 idololatriam

384 596 624 670 quibus,
662 598 881 671 ,prout
901 596 1085 670 potui,
1121 598 1191 652 ut
1221 596 1347 671 ipse
1380 613 1425 653 s.
1458 599 1665 653 auctor
1718 596 1790 653 ad
1824 613 2039 670 easque
2071 596 2420 655 evertendas
2455 614 2580 654 sese
2614 597 3004 655 converterit:

384 686 610 742 fatetur
659 685 721 742 in
772 684 888 742 fine
938 686 994 754 L,
1057 684 1233 742 fidem
1285 686 1663 744 historiarum
1719 690 1781 741 et
1853 684 2013 758 quod
2088 687 2357 762 neglecto
2420 686 2705 743 Germano
2751 687 3003 761 patriar·

385 778 622 832 secutus
673 774 921 848 exposui
982 777 1042 831 et
1102 775 1346 832 maxime
1408 774 1664 832 dictatus
1718 775 1826 830 cha
1889 774 1992 836 GP.
2057 774 2394 849 improbum
2458 774 2784 849 Ephesium
2828 773 3003 850 Apsi-

384 864 693 921 Arculfi
762 863 1083 921 Galliarum
1147 864 1435 939 episcopi,
1514 882 1662 938 quos
1719 863 1849 920 nari
1879 863 2070 921 filium
2115 864 2386 924 audierit.
2450 863 2636 932 „Scia
2692 864 2911 939 inquit,
2959 882 3004 925 S.

385 952 823 1011 eruditissimus
868 951 933 1009 in
980 952 1301 1026 Scripturis
1347 953 1665 1028 presbyter
1718 952 2013 1010 Ecclesiae
2073 954 2350 1029 dogmata
2399 971 2518 1010 non
2579 952 3003 1026 imperatorum

384 1043 870 1100 Adamnanus
922 1037 1018 1120 (cf.
1065 1061 1121 1115 p.
1174 1040 1327 1119 649)
1379 1042 1664 1100 lacinioso
1721 1060 1864 1109 esse,
1911 1042 2010 1099 sed
2044 1041 2426 1117 pontificum3
2474 1042 2692 1099 idcirco
2739 1042 3002 1099 ecclesiis

385 1148 652 1189 sermone
673 1129 1008 1188 describens
1028 1131 1221 1189 tribus
1250 1130 1472 1188 libellis
1505 1149 1662 1188 com·
1721 1132 2046 1205 praepositi
2068 1134 2214 1188 sunt
2234 1131 2542 1206 pontifices
2575 1150 2609 1187 a
2639 1130 3002 1205 reipublicae

382 1219 758 1295 prehendit.‘
780 1253 867 1261 -—
902 1220 1024 1277 Sub
1056 1221 1248 1278 Bedae
1281 1219 1518 1278 nomine
1551 1220 1664 1278 cir-

384 1310 711 1367 cumfertur
754 1311 816 1366 et
851 1310 1275 1384 poenitentiale,
1324 1309 1438 1366 alia
1483 1311 1662 1383 atque

384 1398 499 1456 alia
518 1399 717 1457 forma.
768 1397 981 1472 Forma
1012 1402 1105 1456 sat
1130 1399 1338 1473 jejuna
1368 1400 1429 1455 et
1460 1416 1664 1455 manca

382 1487 669 1562 ejusmodi
723 1486 1127 1544 Poenitentiale
1171 1487 1411 1544 exhibet
1456 1487 1662 1544 Was-

384 1595 411 1634 s
428 1595 504 1634 er
520 1595 545 1633 s
562 1576 645 1633 ch
664 1575 786 1633 leb
803 1595 833 1633 e
850 1595 889 1633 n
922 1576 984 1633 in
1005 1577 1283 1634 Bussord.
1307 1574 1413 1633 der
1440 1575 1663 1633 abend-

383 1665 538 1723 land.
590 1665 805 1722 Kirche
849 1685 904 1740 p.
956 1674 1324 1735 220—230‚
1376 1665 1663 1738 illiusque

383 1754 815 1830 genuinitatem
865 1757 1073 1811 tuetur
1129 1754 1208 1811 ib.
1261 1774 1314 1828 p.
1371 1762 1660 1823 27—-393

382 1843 620 1901 exhibet
662 1845 726 1901 et
772 1842 1107 1900 Schmitz
1151 1844 1256 1900 Die
1287 1843 1664 1900 Bussbiicher

381 1932 424 2000 I,
456 1940 836 2001 556—5643
871 1932 1338 2003 II,.654—-ss59‚
1372 1932 1476 2005 qui
1508 1932 1663 1988 illud

384 2021 760 2096 suppositum
793 2022 854 2077 et
884 2020 1232 2078 recentioris
1254 2020 1501 2095 originis
1526 2039 1661 2078 cen-

382 2113 500 2179 set;
547 2110 766 2185 reperit
811 2112 871 2167 et
914 2108 1194 2167 Albers
1239 2112 1419 2184 atque
1465 2128 1660 2167 emen-

383 2198 583 2256 datius
616 2197 805 2257 edidit
836 2199 898 2255 in
932 2198 1151 2256 Archiv
1182 2200 1220 2255 f.
1252 2198 1310 2255 k.
1342 2199 1463 2258 KR.
1494 2209 1647 2260 1901

380 2309 437 2364 p.
473 2297 842 2359 399-418,
874 2287 1147 2362 illudque
1173 2287 1366 2345 Bedae
1396 2292 1661 2362 tempore

380 2377 777 2451 compositum
822 2376 1009 2434 fuisse
1057 2376 1298 2451 conjicit
1343 2381 1404 2434 et
1448 2378 1659 2451 proba-

379 2465 583 2524 biliter
600 2466 794 2523 Bedae
818 2484 947 2523 esse
978 2484 1129 2540 opus
1150 2466 1382 2523 statuit.
1410 2499 1483 2509 -·-
1514 2466 1659 2539 Epi-

377 2556 524 2614 stola
570 2554 831 2630 Sergii
876 2556 902 2612 I
946 2555 1136 2631 Papae
1182 2555 1255 2613 ad
1301 2554 1657 2613 Ceolfridum

380 2690 393 2702 .
428 2688 440 2700 .
475 2690 487 2702 .
515 2645 587 2701 de
608 2645 768 2702 Beda
785 2663 915 2704 ven.
936 2644 1178 2702 Romam
1198 2645 1659 2702 transmittendo

381 2731 499 2813 (Mi
518 2752 610 2810 gn
626 2751 659 2790 e
691 2735 753 2795 P.
774 2733 835 2790 L.
857 2731 1159 2802 LXXXIX,
1180 2730 1288 2812 33)
1322 2735 1457 2808 plus
1480 2752 1659 2808 quam

378 2822 563 2880 dubia
594 2822 884 2881 censenda
914 2821 1021 2880 est.

470 3010 614 3062 353.
648 3001 815 3082 vaa
846 3003 976 3057 orta
1008 3003 1101 3058 est
1132 3001 1389 3059 haeresis
1424 3000 1530 3058 hac
1564 3018 1658 3057 ae-

375 3092 499 3147 tate
532 3088 597 3147 in
617 3089 859 3147 Oriente
879 3092 972 3147 tot
991 3090 1125 3147 aliis
1157 3090 1353 3147 turbis
1378 3090 1504 3164 jam
1535 3089 1659 3165 agi-

378 3182 521 3248 tate,
569 3181 809 3236 auctore
844 3178 1035 3237 Leone
1065 3178 1154 3236 III
1198 3179 1461 3236 Isaurico
1494 3179 1657 3252 imp„

378 3268 483 3342 qui
534 3267 816 3343 ignobilis
866 3268 1222 3326 conditionis
1275 3269 1336 3324 et
1394 3266 1660 3325 moribus

378 3355 547 3414 rudis
594 3357 709 3414 sibi
758 3357 1070 3431 imperium
1110 3356 1423 3431 usurpavit
1456 3351 1657 3435 (717).

1720 1220 1981 1295 negotiis
2044 1219 2432 1289 abstinentes,
2495 1224 2554 1277 et
2617 1219 3002 1294 imperatores

1719 1327 1860 1383 ergo
1883 1309 2159 1367 similiter
2176 1309 2518 1366 abstineant
2549 1309 2622 1366 ab
2651 1309 3002 1366 ecclesiasti·

1721 1398 1803 1454 cis
1843 1402 1903 1454 et
1948 1416 2099 1473 quae
2133 1398 2248 1456 sibi
2283 1398 2592 1455 commissa
2624 1402 2768 1455 sunt
2800 1416 3000 1473 capes·

1719 1490 1866 1545 sant.
1884 1495 1910 1522 ‘
1945 1486 2197 1563 Egregie
2222 1487 2359 1544 dein
2379 1506 2452 1549 ss,
2473 1486 2801 1561 imaginum
2822 1504 3002 1544 usum

1718 1579 1780 1632 et
1811 1576 2038 1633 cultum
2072 1579 2294 1633 tuetur.
2346 1576 2490 1633 Cum
2522 1575 2841 1650 imperator
2880 1593 3003 1633 non

1719 1664 2089 1738 resipuisset,
2145 1666 2390 1723 alteram
2423 1669 2561 1740 post
2593 1684 2643 1721 a.
2680 1672 2802 1724 729
2841 1664 3003 1721 misit

1720 1753 2053 1827 epistolam,
2087 1754 2147 1811 in
2181 1772 2300 1828 qua
2331 1755 2545 1811 iterum
2579 1753 2855 1821 inculcat,
2890 1752 3001 1810 im-

1718 1843 1979 1916 peratori
2011 1860 2130 1900 non
2163 1843 2339 1901 licere
2363 1841 2694 1899 immiscere
2727 1860 2788 1898 se
2818 1860 3000 1917 nego-

1718 1931 1823 1988 tiis
1857 1931 2287 1990 ecclesiasticis.
2349 1931 2470 1988 Has
2518 1928 2860 2011 epistolas1)
2908 1948 2999 1987 re-

1718 2020 1878 2094 perit
1901 2020 2040 2100 Ero
2057 2041 2099 2078 n
2117 2025 2191 2079 to
2224 2021 2294 2078 le
2327 2020 2375 2077 D
2393 2038 2481 2077 uc
2511 2019 2861 2095 primusque
2877 2019 3001 2077 edi-

1718 2109 1808 2167 dit
1840 2110 2227 2168 Baronius
2275 2111 2337 2167 in
2383 2110 2593 2170 Annal.
2641 2108 2713 2165 ad
2760 2127 2809 2165 a.
2859 2117 3001 2179 726,

1717 2200 1897 2273 atque
1922 2198 2060 2255 inde
2081 2200 2453 2257 transierunt
2484 2199 2545 2254 in
2579 2198 2807 2259 collect.
2842 2216 3000 2255 conc.

1717 2287 1987 2345 Pontifex
2021 2306 2260 2363 quoque
2293 2287 2609 2346 concilium
2657 2286 2804 2345 sorte
2850 2286 3004 2344 circa

1716 2396 1766 2433 a.
1793 2387 1823 2438 7
1838 2386 1912 2438 27
1939 2377 2166 2447 habuit,
2201 2377 2262 2435 in
2297 2395 2413 2451 qua
2437 2375 2766 2434 doctrinam
2800 2376 2998 2433 catho-

1718 2464 1887 2523 licam
1938 2465 2220 2524 adversus
2287 2484 2360 2528 ss,
2411 2464 2741 2541 imaginum
2792 2463 2999 2522 adver-

1717 2554 1902 2613 sarios
1937 2556 2197 2614 asseruit
2243 2559 2423 2630 atque
2471 2553 2809 2613 vindicavit.
2875 2551 3002 2622 Qua

1717 2644 1789 2701 de
1837 2662 1899 2701 re
1945 2644 2387 2703 Hadrianus
2434 2663 2585 2719 papa
2618 2643 2692 2701 ad
2724 2643 2999 2702 Carolum

1718 2734 1820 2791 M.:
1875 2734 2208 2800 ,Dominus
2243 2733 2565 2809 Gregorius
2612 2751 2763 2807 papa
2793 2731 3003 2806 junior

1716 2841 1837 2879 una
1869 2840 2002 2880 cum
2040 2832 2119 2884 79
2156 2841 2231 2883 ss.
2278 2822 2568 2896 episcopis
2599 2824 2738 2877 ante
2771 2820 2998 2878 confes-

1716 2911 1944 2969 sionem
1974 2911 2029 2968 b.
2065 2912 2223 2968 Petri
2275 2911 2676 2986 apostolorum
2711 2908 3000 2983 principis

1715 2999 2057 3075 praesidens
2084 3019 2204 3058 una
2224 3000 2403 3058 simul
2424 2999 2750 3056 multorum
2785 3015 2863 3058 ss,
2895 3017 2999 3072 pa·

1715 3092 1876 3146 trum
1897 3089 2238 3148 testimonia
2257 3088 2606 3147 roborantes
2638 3086 2907 3144 venerari
2935 3106 3001 3145 ac

1718 3179 1955 3237 adorare
1979 3197 2053 3237 ss,
2075 3178 2363 3254 imagines
2385 3179 2765 3238 censuerunt.
2783 3183 2810 3212 ⁴²
2845 3175 3000 3234 Hinc

1714 3268 2037 3341 imperator
2068 3268 2156 3324 ira
2200 3267 2263 3324 in
2294 3266 2634 3341 pontificem
2666 3264 2997 3334 excanduit,

1713 3357 1927 3430 bisque
1989 3358 2115 3430 ejus
2177 3356 2457 3414 exarchae
2518 3355 2868 3412 ravennates
2923 3353 2997 3411 ad

376 3445 540 3503 Circa
570 3465 620 3506 a.
645 3455 677 3507 7
689 3454 766 3506 26
803 3446 997 3520 coepit
1027 3464 1101 3503 ss.
1136 3445 1498 3521 imaginibus
1532 3445 1658 3502 bel·
1716 3448 1968 3503 mortem
2013 3445 2068 3502 ei
2114 3445 2480 3504 inferendam
2511 3442 2779 3512 insidias,
2828 3442 2998 3500 irrito

374 3534 503 3592 lum
534 3533 797 3591 indicere
839 3553 1052 3610 easque
1098 3534 1484 3611 confringere.
1548 3534 1657 3592 Re·
1713 3538 1917 3591 tamen
1947 3537 2179 3603 conatu,
2215 3537 2580 3592 struxerunt.
2644 3533 2856 3608 Magna
2885 3531 2998 3589 hu-

379 3622 541 3680 stitit
588 3622 941 3680 fortitudine
1001 3623 1322 3698 apostolica
1371 3623 1508 3681 Gre
1525 3643 1565 3698 g
1581 3641 1614 3680 0
1632 3654 1656 3666 ·
1706 3625 1810 3698 jus
1842 3623 2142 3698 pontificis
2165 3623 2375 3681 merita
2396 3628 2538 3681 sunt
2560 3621 2738 3680 etiam
2769 3622 2834 3678 in
2855 3620 2999 3678 Ger-

377 3712 544 3769 rius
576 3712 668 3777 11„
704 3713 807 3786 qui
829 3712 1043 3769 Romae
1074 3715 1270 3782 natus,
1307 3712 1420 3770 sub
1454 3711 1657 3787 Sergio
1714 3712 2003 3770 maniam:
2037 3731 2174 3770 nam
2206 3716 2441 3786 accepto
2475 3710 2689 3769 nuntio
2722 3710 2792 3767 de
2825 3709 2999 3767 laetis

377 3800 777 3858 subdiaconus
810 3804 871 3857 et
893 3801 1249 3870 sacellarius,
1286 3800 1658 3859 Constantini
1715 3800 2180 3875 praedicationis
2215 3819 2260 3857 s.
2292 3799 2578 3858 Bonifatii
2608 3819 2717 3874 per
2763 3817 2860 3856 eas
2909 3817 3000 3855 re-

374 3888 691 3965 pontificis,
740 3889 882 3947 dum
917 3890 1490 3965 Constantinopolim
1522 3906 1658 3964 pro-

376 3978 753 4048 ficisceretur,
789 3997 1000 4049 comeS,
1035 3979 1273 4036 demum
1305 3980 1443 4052 post
1460 3979 1657 4052 ponti-

376 4068 512 4126 fices
546 4070 775 4142 septem
797 4067 1048 4143 originis
1068 4086 1308 4144 graecae
1340 4067 1436 4124 vel
1469 4067 1657 4143 syria·

376 4174 475 4213 cae
496 4156 733 4231 primus
748 4156 968 4214 iterum
983 4156 1299 4226 Romanu8‚
1321 4155 1658 4214 cathedram

375 4262 421 4302 s.
484 4245 646 4302 Petri
707 4245 1123 4303 conscenderat
1182 4255 1274 4308 19.
1324 4244 1458 4319 Maj.
1515 4255 1657 4307 715.

376 4332 602 4407 Rejecit
622 4333 813 4391 edicta
831 4334 1158 4408 imperialia
1182 4334 1254 4392 de
1279 4333 1658 4410 confringen-

378 4421 471 4480 dis
503 4440 611 4498 per
640 4422 875 4480 Italiam
906 4440 978 4480 ss.
1010 4422 1396 4499 imaginibus,
1430 4426 1491 4479 et
1522 4441 1657 4498 gra-

375 4511 654 4569 vissimas
687 4511 758 4569 ad
792 4512 1208 4586 imperatorem
1240 4511 1406 4569 dedit
1434 4511 1660 4586 episto·

377 4599 463 4658 las
485 4594 600 4680 (2),
631 4600 698 4658 in
729 4617 982 4675 quarum
1000 4601 1193 4675 prima
1224 4618 1271 4663 c.
1292 4620 1341 4662 a.
1366 4607 1488 4663 '729
1523 4617 1660 4658 eum

373 4689 611 4747 fortiter
654 4689 938 4764 increpat,
990 4687 1148 4762 quod
1193 4707 1327 4747 cum
1373 4688 1445 4746 de
1491 4707 1660 4764 prae-

1717 3889 1924 3965 giones
1958 3889 2253 3947 fructibus
2284 3908 2420 3947 eum
2453 3890 2694 3946 Romam
2746 3887 2998 3956 vocavit,

1716 3978 2062 4053 episcopum
2116 3978 2477 4036 consecravit
2532 3978 2872 4052 iterumque
2934 3976 2999 4033 in

1797 4154 1832 4205 ¹)
1861 4148 1970 4201 Eas
2004 4165 2119 4202 non
2160 4164 2278 4200 esse
2320 4145 2602 4216 genuinas
2642 4143 3001 4199 contendunt

1714 4219 1775 4279 L.
1805 4213 1850 4272 G
1869 4239 1906 4273 u
1926 4221 1954 4272 e
1970 4238 1997 4272 r
2014 4236 2045 4272 a
2063 4237 2090 4271 r
2106 4219 2158 4282 d,
2186 4219 2248 4271 in
2267 4217 2557 4285 Melanges
2584 4215 3000 4283 d‘archeelogie

1715 4295 1775 4344 et
1824 4290 2118 4344 cl'histoire
2176 4296 2311 4345 1890
2355 4288 2422 4351 X,
2475 4295 2713 4346 44—603
2767 4290 2824 4338 et
2873 4285 2921 4338 D
2941 4303 2999 4338 u-

1716 4363 1990 4415 chesne
2031 4362 2128 4416 lib.
2173 4360 2270 4414 lib.
2311 4362 2470 4430 pont.
2502 4361 2539 4421 Ι,
2568 4364 2672 4414 413
2698 4376 2752 4410 n.
2783 4364 2867 4419 75.
2897 4363 3000 4424 qui

1715 4437 1910 4487 tamen
1937 4451 2053 4486 uon
2081 4433 2329 4496 dubitat,
2355 4429 2639 4500 genuinas
2667 4430 2804 4482 olim
2833 4427 3001 4480 exsti-

1717 4505 1870 4557 tisse.
1923 4504 2015 4557 La
2032 4506 2068 4557 b
2087 4505 2166 4558 be
2207 4504 2335 4556 illas
2363 4501 2572 4555 tribuit
2598 4498 2870 4570 Gregorio
2900 4498 3000 4552 ΙΙΙ.

1718 4575 1803 4632 Cf.
1848 4576 1993 4629 Hef
2003 4575 2114 4628 ele
2160 4572 2642 4643 Conciliengesch.
2690 4572 2768 4624 III
2807 4581 2834 4635 ξ
2874 4576 3001 4635 332,

1718 4647 1821 4715 qui
1848 4650 2190 4717 argumenta
2230 4649 2426 4700 contra.
2467 4644 2776 4698 earundem
2811 4641 3003 4694 litera-

1718 4736 1846 4770 rum
1875 4717 2293 4786 genuiuitat⁴m
2335 4734 2449 4771 non
2491 4715 2684 4786 rna-gni
2724 4712 3000 4767 momenti

375 4778 561 4853 ceptis
582 4780 825 4852 patrum
844 4777 1151 4836 servandis
1173 4777 1411 4854 saepius
1444 4777 1662 4853 scripto
1719 4806 1836 4843 esse
1866 4795 2072 4842 censet..

595 4885 784 4944 Hui-ter,
812 4886 1138 4933 Nomenclator
1165 4888 1185 4932 I
1211 4888 1285 4934 ed.
1314 4886 1395 4936 111.

2613 4884 2669 4931 21
