3505 5161
397 226 429 279 2
443 227 475 280 5
486 227 521 280 3
1467 208 1519 263 S.
1547 209 1941 279 Hieronymus,
2883 228 2916 281 2
2928 229 3004 282 54

392 392 658 479 (latine);
704 397 944 457 Parisiis
998 406 1341 461 1834—40
1389 398 1433 460 t.
1488 407 1561 461 13
1610 398 1672 456 in
1730 418 1776 458 s.
1819 397 2131 466 Valeriani,
2179 397 2395 467 Rufini,
2443 398 2780 463 Gaudentii.
2829 398 3006 458 Chro-

396 498 467 555 83
529 486 737 545 multis
785 486 1161 545 adminiculis
1212 486 1550 545 scientificis
1611 489 1674 545 et
1727 487 1899 547 matii
1930 486 2318 562 aliorumque,
2367 487 2549 545 donec
2594 488 2859 546 nescitur
2890 506 3008 563 quo

392 576 613 635 criticis
643 584 819 635 aucta
849 576 910 634 in
942 576 1190 653 Migne
1221 576 1285 638 P.
1307 575 1372 638 G.
1393 575 1673 635 XLVII—
1729 575 1932 635 subito
1966 576 2207 635 turbine
2239 576 2378 634 inde
2398 576 2641 634 avulsus
2662 580 2770 639 est.
2817 577 3008 645 Quare

391 665 602 736 LXIV,
666 665 772 740 qui
822 665 929 723 illa
976 665 1155 723 etiam
1206 664 1387 723 latine
1434 667 1670 723 tantum
1727 685 1863 725 cum
1908 666 2139 740 aliquot
2183 665 2353 723 sociis
2400 664 2759 735 InnocentiO,
2805 665 3007 724 Helio-

392 753 599 816 edidit.
649 753 943 813 Homiliae
973 756 1035 812 in
1056 752 1409 813 Mutila-cneum
1429 755 1672 813 seorsim
1728 756 1869 814 doro
1903 759 1963 813 et
1995 755 2244 831 Evagrio
2277 754 2622 830 presbytero
2656 755 3007 813 antiocheno

394 844 748 921 prodierunt
768 862 892 901 cur.
924 843 1079 902 Frid.
1110 843 1331 901 Field
1366 844 1670 903 Cantabri·
1726 845 1903 921 longe
1937 843 2207 902 instituit
2237 862 2344 919 per
2375 844 2569 902 varias
2591 843 2849 903 Orientis
2869 862 3007 920 pro-

390 951 501 1010 gae
540 942 704 996 1839
738 934 788 996 t.
824 941 859 994 3
894 932 957 990 in
992 942 1064 1002 8.,
1098 936 1160 991 et
1191 934 1345 992 hom.
1376 934 1439 990 in
1471 950 1672 991 omnes
1726 934 1954 992 vincias
1987 933 2104 991 iter
2137 928 2214 1006 (a.
2240 930 2393 1013 372)
2430 935 2609 1008 atque
2633 934 3008 992 Antiochiam

392 1042 438 1081 s.
472 1022 648 1081 Pauli
677 1023 963 1098 epistola-3,
1002 1021 1211 1080 Oxonii
1249 1031 1592 1085 1849—55
1629 1024 1671 1081 t.
1728 1023 1909 1081 venit.
1973 1021 2288 1080 Sodalibus
2334 1022 2568 1081 duobus
2615 1022 2741 1082 vita
2784 1022 3008 1081 functis

397 1122 431 1174 5
456 1111 520 1169 in
544 1121 600 1175 8.
641 1111 941 1187 Opuscula
959 1111 1177 1169 select-a
1195 1110 1672 1171 ediditLomm-
1728 1112 1857 1187 ipse
1878 1112 2164 1186 languore
2181 1116 2491 1186 correptus
2512 1111 2668 1186 apud
2686 1112 3007 1188 Evagrium

391 1201 508 1259 ler
566 1190 920 1261 Rudolstadt
991 1209 1186 1270 184o;
1249 1200 1441 1275 coepit
1500 1201 1673 1259 edere
1728 1200 2027 1259 remansit.
2134 1200 2217 1258 Eo
2295 1204 2559 1276 tempore
2634 1200 3007 1277 frequentius

391 1308 597 1366 graece
658 1292 719 1348 et
777 1289 963 1348 latine
1026 1288 1366 1361 Diibner,
1427 1288 1672 1347 Parisiis
1729 1289 2164 1365 Apollinarium
2197 1290 2487 1348 celebrem
2518 1293 2663 1347 tunc
2694 1290 3011 1349 Laodiceae

400 1387 588 1453 1861,
655 1378 757 1436 scd
819 1378 1045 1454 prodiit
1105 1380 1341 1437 tantum
1395 1378 1673 1437 volumen
1728 1379 2072 1454 episcopum
2106 1378 2253 1436 adiit
2285 1397 2471 1453 eoque
2504 1379 2791 1454 magistro
2841 1379 2903 1436 in
2934 1398 3010 1438 ss,

394 1468 676 1543 primum.
1728 1468 1921 1525 literis
1944 1470 2035 1525 est
2057 1485 2222 1530 usus,
2272 1468 2520 1526 Secessit
2538 1467 2749 1525 deinde
2781 1468 2841 1525 in
2874 1469 3010 1526 hor-

1728 1556 1927 1615 ridum
1959 1556 2242 1615 Chalcidis
2292 1556 2613 1627 desertum,
2665 1556 2826 1631 quod
2873 1574 3009 1631 pro-

490 1655 631 1709 138.
665 1645 1056 1704 Occidentalis
1074 1646 1369 1704 Ecclesiae
1397 1646 1676 1721 splendor
1728 1648 1862 1721 pter
1875 1646 2147 1704 eremitas
2168 1645 2420 1703 Thebais
2441 1645 2746 1704 dicebatur
2769 1646 3008 1721 syriaca,

391 1738 452 1795 et
497 1734 689 1812 gloria
733 1738 827 1794 est
871 1753 915 1793 a.
963 1734 1330 1810 Sophronius
1376 1735 1673 1794 Eusebius
1729 1735 1932 1810 ibique
1979 1736 2164 1795 vitam
2196 1736 2564 1794 eremeticam
2615 1734 3011 1811 rigidissimae

390 1824 909 1899 Hieronymus
956 1826 1166 1900 ,patre
1197 1824 1451 1883 Eusebio
1497 1827 1673 1882 natus
1728 1824 2129 1899 poenitentiae
2147 1823 2405 1882 deditam
2428 1825 3008 1901 egitperquinquen-

392 1911 466 1994 (c.
497 1923 641 1983 331,
669 1914 845 1988 juxta
874 1913 1232 1972 recentiores
1264 1932 1403 1972 vero
1433 1913 1674 1972 nonnisi
1729 1914 1913 1972 nium.
1994 1913 2319 1995 ,Sedebam
2370 1915 2549 1985 solus,
2622 1919 2824 1972 narrat
2886 1915 3010 1989 ipse

397 1997 776 2085 349—350)
819 2002 1037 2078 oppido
1071 2002 1385 2073 Stridonis,
1434 2002 1595 2079 quod
1642 2022 1675 2059 a
1729 2021 1823 2078 ep.⁴
1851 2001 2015 2060 XXII
2045 2022 2104 2063 n.
2140 2014 2171 2064 7
2213 1999 2616 2085 (scorpionum
2648 2006 2884 2062 tantum
2919 2022 3010 2061 so-

391 2092 601 2150 Gothis
664 2109 939 2151 eversum
985 2092 1312 2150 Dalmatiae
1374 2091 1671 2166 quondam
1729 2092 1857 2150 cius
1908 2095 1971 2150 et
2021 2092 2329 2165 serrarum,
2395 2092 2562 2151 addit
2609 2088 2807 2175 infra),
2873 2093 3014 2168 quia

389 2181 809 2255 Panoniaeque
843 2180 1166 2239 confinium
1212 2177 1389 2261 fuit1)
1407 2189 1454 2240 ‘.
1516 2180 1673 2239 Ado·
1730 2181 2124 2240 amaritudine
2157 2183 2421 2258 repletus
2453 2202 2628 2241 eram.
2677 2182 3013 2241 Horrebant

392 2271 618 2328 lescens
649 2289 699 2328 a.
737 2279 815 2333 20
850 2270 1089 2328 Romam
1125 2269 1342 2328 missus
1388 2272 1478 2328 est
1521 2270 1670 2328 libe·
1731 2288 1896 2328 sacco
1947 2272 2211 2329 membra
2273 2271 2560 2330 deformia
2620 2276 2682 2330 et
2743 2271 3013 2345 squalida

391 2358 620 2416 ralibus
663 2358 995 2435 disciplinis
1042 2358 1422 2429 erudiendus,
1470 2359 1675 2435 ibique
1730 2360 1884 2418 cutis
1922 2359 2104 2418 situm
2139 2355 2396 2442 (sordes)
2432 2361 2790 2437 aethiopicae
2822 2361 3012 2418 carnis

392 2448 690 2506 Donatum
721 2448 1256 2507 celebratissimum
1276 2448 1441 2507 illius
1462 2449 1673 2506 aetatis
1732 2449 2078 2508 obduxerat.
2114 2449 2388 2517 Quotidie
2408 2451 2715 2527 lacrymae,
2747 2450 3013 2525 quotidie

394 2537 844 2614 grammaticum
875 2536 1126 2612 audivit,
1175 2537 1238 2595 in
1270 2538 1442 2614 cujus
1478 2536 1675 2597 schola
1730 2538 1988 2615 gemitus
2049 2542 2110 2598 et
2174 2539 2224 2598 si
2284 2540 2519 2615 quando
2583 2542 3013 2618 repugnantem

394 2626 538 2685 adeo
589 2626 856 2701 profecit,
919 2629 991 2685 ut
1042 2627 1330 2685 sermonis
1380 2627 1676 2704 elegantia
1731 2646 1975 2686 somnus
2028 2629 2342 2688 imminens
2394 2630 2801 2706 oppressisset,
2854 2628 3015 2687 nuda

395 2714 564 2773 facile
586 2716 903 2791 scriptores
925 2716 1200 2791 aequales
1222 2734 1425 2775 omnes
1446 2716 1672 2777 vicerit.
1731 2718 1912 2776 humo
1962 2734 2095 2776 ossa
2150 2718 2244 2776 vix
2295 2719 2598 2777 haerentia
2646 2718 3013 2777 collidebam.

396 2804 615 2861 Romae
666 2804 809 2862 dum
859 2804 1102 2881 degeret
1150 2805 1391 2863 sedente
1443 2805 1676 2864 Liberio
1734 2807 1816 2865 De
1850 2807 1997 2864 cibis
2030 2826 2167 2866 vero
2200 2809 2259 2864 et
2290 2811 2438 2882 potu
2460 2811 2638 2876 tace0,
2672 2825 2807 2866 cum
2837 2807 3012 2865 etiam

399 2889 760 2975 (352—66)
820 2893 1156 2969 baptizatus
1219 2897 1327 2964 est,
1391 2895 1494 2952 sed
1557 2913 1675 2970 quo
1732 2897 2087 2973 languentes
2110 2897 2381 2954 monachi
2402 2916 2554 2970 aqua
2586 2895 2804 2972 frigida
2836 2901 3012 2953 utan-

398 2999 553 3041 anno
603 2981 926 3058 ignoratur.
990 2982 1060 3040 In
1094 2981 1343 3041 Galliam
1376 2984 1676 3058 profectus
1730 2988 1835 3044 tur
1866 2987 1927 3042 et
1959 2988 2187 3042 coctum
2220 2985 2449 3060 aliquid
2468 2986 2757 3060 accepisse
2778 2985 3016 3042 luxuria

398 3070 613 3128 comite
633 3071 869 3129 Bonoso
889 3070 1008 3146 ipsi
1039 3091 1073 3129 a
1096 3072 1300 3146 pueris
1321 3072 1678 3131 amicissimo
1734 3076 1825 3132 est
1871 3076 2024 3131 εἴα(
2093 3073 2280 3131 Simul
2322 3076 2520 3132 tamen
2553 3073 2849 3131 assiduam
2883 3077 3013 3131 stu-

399 3158 661 3217 Treviris
694 3159 1065 3234 aliquamdiu
1097 3160 1389 3233 substitit,
1435 3161 1677 3219 Hilarii·
1735 3163 1852 3221 diis
1887 3181 1933 3220 s.
1968 3162 2306 3236 Scripturae
2345 3181 2581 3238 operam
2628 3162 2791 3220 dedit
2835 3166 3016 3236 atque

397 3266 514 3324 que
546 3248 727 3307 libros
760 3248 833 3306 ad
867 3266 1043 3307 usum
1063 3248 1263 3307 Rufini
1295 3250 1679 3326 aquilejensis
1736 3252 2024 3328 magistro
2086 3252 2339 3310 hebraeo
2403 3252 2695 3328 baptizato
2746 3251 3015 3327 linguam

396 3343 544 3395 tunc
576 3337 631 3396 ei
661 3337 1113 3395 familiarissimi
1143 3337 1486 3413 descripsit:
1541 3339 1679 3396 inde
1736 3341 2021 3399 addidicit
2052 3341 2381 3400 hebraicam
2415 3342 2641 3416 primus
2673 3341 2824 3398 forte
2862 3340 3014 3398 occi-

400 3426 739 3502 Aquilejam
772 3426 937 3497 abiit,
984 3426 1189 3501 ibique
1222 3426 1389 3504 degit
1432 3428 1496 3486 in
1542 3446 1679 3486 con·
1736 3430 2067 3488 dentalium
2099 3432 2266 3488 tanta
2299 3431 2481 3488 animi
2511 3431 2906 3502 contentione,
2946 3432 3018 3488 ut

398 3515 588 3574 sortio
643 3515 971 3574 laetissimo
1022 3515 1355 3574 illustrium
1414 3517 1677 3575 virorum
1738 3520 1809 3578 de
1860 3539 1919 3578 se
1970 3519 2042 3577 ad
2095 3519 2406 3579 Rusticum
2452 3521 2709 3579 scribere
2749 3519 3017 3595 potuerit

1737 3628 1827 3683 ep.
1869 3617 1984 3670 125
2037 3626 2083 3671 c.
2124 3618 2220 3671 12.
2286 3609 2478 3681 ,Quid
2527 3609 2610 3667 ibi
2654 3608 2879 3666 laboris
2925 3608 3016 3665 in-

400 3774 433 3828 S
468 3707 513 3826 ὲ)
541 3702 627 3755 Ita
654 3701 774 3773 ipse
801 3703 871 3756 de
898 3718 954 3755 se
981 3702 1043 3756 in
1069 3703 1106 3756 1.
1134 3703 1203 3757 de
1231 3703 1368 3758 viris
1382 3703 1466 3757 ill.
1494 3721 1538 3757 c.
1566 3713 1680 3760 135.
1738 3698 2115 3772 sumpserim,
2163 3697 2310 3772 quid
2342 3699 2729 3757 sustinuerim
2762 3697 3017 3755 difficul-

436 3790 466 3828 e

431 3845 443 3856 ,
531 3789 743 3844 magna
769 3773 919 3855 inti*
945 3774 1198 3856 (ῗωξίὶῒῡὸ
1239 3779 1680 3858 θὲὓᾯῡῦῒςῑῡῗῑῗῐ·
1737 3786 1897 3855 tatis,
1932 3786 2166 3860 quoties
2202 3786 2628 3863 desperaverim
2662 3787 3017 3862 quotiesque

401 3862 483 3898 sia
524 3845 595 3898 de
635 3848 979 3900 accuratiori
1014 3850 1127 3900 situ
1156 3848 1358 3928 oppidi
1381 3848 1680 3902 Stridonis.

402 3915 522 3970 Alii
589 3919 758 3971 mant
783 3916 927 3971 illud
954 3933 1070 3971 esse
1115 3936 1147 3972 Ο
1233 3918 1395 3972 idum
1420 3919 1530 3973 δῶ
1577 3936 1682 3973 ovo
1737 3874 2091 3933 cessaverim
2123 3877 2183 3931 et
2204 3875 2579 3934 contentione
2600 3875 2864 3934 discendi
2884 3894 3017 3932 rur-

336 4043 345 4048 ι
403 3987 463 4040 jn
490 3934 808 4068 Hgngaria‚
835 3988 925 4042 vel
958 3938 1274 4058 cognoffssn
1317 4006 1348 4042 0
1393 3939 1593 4059 pidugn
1622 3991 1682 4043 in
1738 3981 1872 4021 sum
1905 3963 2240 4038 inceperim,
2293 3964 2462 4022 testis
2508 3967 2600 4022 est
2648 3963 3015 4031 conscientia,

400 4057 842 4120 Dalmatia2alii
872 4058 1100 4141 Sdrinja
1130 4078 1307 4130 prope
1380 4065 1681 4130 ergestum;
1736 4055 1859 4110 tam
1891 4070 2022 4109 mea
2052 4051 2157 4126 qui
2175 4069 2387 4126 passus
2409 4071 2558 4122 sum,
2593 4071 2774 4127 quam
2795 4069 3015 4118 eorum,

405 4129 788 4212 {eqentiffiifne
816 4147 883 4183 ΕΣ
904 4129 1278 4213 inscrlptiqne
1306 4135 1530 4202 reperta
1557 4151 1683 4188 00¹1·
1739 4141 1841 4216 qui
1875 4159 2105 4199 mecum
2135 4139 2435 4199 duxerunt
2454 4141 2657 4201 vitam.
2707 4141 2784 4197 Et
2802 4138 3018 4214 gratias

394 4202 612 4269 Jiciunt
636 4200 912 4257 Stimmen
936 4218 1039 4255 aus
1065 4204 1247 4256 Maria
1272 4203 1461 4259 Laach
1487 4205 1684 4268 19001,

402 4278 506 4329 232
549 4271 696 4328 illud
733 4288 852 4326 esse
879 4272 1144 4328 Grahovo
1189 4273 1249 4326 in
1291 4273 1515 4330 Bosnia.
1567 4276 1685 4330 Nec
1738 4248 1847 4330 ago
1896 4228 2162 4297 Domino’
2214 4229 2376 4303 qumi
2424 4228 2496 4286 de
2546 4247 2742 4287 amaro
2795 4227 3017 4285 semine

404 4313 591 4397 minor
617 4347 702 4398 est
725 4345 1112 4397 controversia
1138 4345 1206 4398 de
1236 4361 1387 4399 anno
1418 4346 1685 4400 nativita-
1740 4320 2044 4377 htflmum
2080 4317 2280 4375 dulces
2310 4317 2542 4375 fructus
2574 4326 2806 4393 0⁸¹'P0-‘

403 4413 493 4478 tis,
521 4430 690 4483 quem
733 4413 836 4468 alii
880 4417 1092 4485 putant
1130 4415 1303 4470 fuisse
1337 4418 1459 4487 jam
1487 4435 1538 4471 a.
1564 4423 1684 4482 321,

336 4488 343 4491 ’
403 4485 504 4538 alii
542 4485 821 4539 differuuss
863 4486 955 4540 vel
999 4488 1071 4539 ad
1116 4503 1165 4539 a·
1211 4495 1332 4544 349·
1384 4488 1467 4543 Cf·
1495 4489 1563 4542 de
1596 4489 1687 4542 his
1838 4506 1980 4559 139.
2013 4496 2158 4555 Cum
2184 4494 2525 4553 Antiochiae
2558 4495 2733 4553 triste
2765 4495 3020 4553 schisma

405 4555 1267 4683 gssggfigffikifssssossisputanoessd
1306 4560 1574 4650 Dflpko.
1627 4560 1686 4642 ΞΠ
1742 4585 2009 4644 fidelium
2040 4591 2273 4644 coetum
2307 4584 2370 4642 in
2401 4587 2600 4660 partes
2634 4584 2928 4643 scinderet
2960 4588 3020 4641 et

522 4667 536 4680 .
616 4668 628 4681 .
873 4645 1068 4696 ymum
1091 4646 1228 4700 oppi
1272 4649 1304 4684 o
1324 4631 1607 4685 Stridonis
1627 4649 1688 4685 in

404 4698 636 4769 regione
663 4699 989 4754 interamna.
1017 4701 1329 4774 (Marakoz)
1359 4697 1688 4772 Hungariae
1743 4675 2175 4733 controveffiifle
2208 4673 2570 4774 thes’ls’gissa‘?
2615 4677 2840 4732 mentes
2880 4674 3019 4773 ‘tuf‘

406 4785 453 4824 fl·
482 4777 581 4827 331
612 4789 669 4842 p.
697 4770 829 4828 Chr.
854 4789 910 4824 n.
936 4787 1071 4836 esse,
1100 4772 1433 4842 Moguntiae
1468 4776 1618 4831 1874.
1744 4765 1970 4832 herent,
2023 4764 2171 4822 duas
2218 4782 2424 4822 aureas
2468 4764 2751 4839 epistolas
2783 4765 3018 4836 scripsit
