3505 5161
408 224 479 277 12
494 226 519 277 l
1488 209 1539 261 S.
1568 209 1936 262 Athanasius

2899 223 3023 277 122

402 396 734 452 commenta
765 393 961 452 obiter
992 393 1301 463 dissolvit:
1333 396 1454 469 jam
1485 395 1549 452 in
1579 413 1682 452 an·
1738 412 1867 452 nem
1883 394 1929 474 ¹)
1977 413 2067 470 ep.
2101 393 2530 453 Thmuitanum
2578 393 2833 469 scriptae
2866 393 3030 453 inter

401 486 696 541 tecessum
717 482 978 544 Nestorii
1013 486 1075 540 et
1092 483 1437 558 Eutychetis
1456 501 1684 542 errores
1738 501 1789 541 a.
1844 492 2187 547 356—362
2209 526 2223 552 ,
2275 483 2338 541 in
2388 483 2611 558 quibus
2662 482 2923 558 Spiritus
2973 502 3024 541 s.

402 570 667 641 damnat,
700 571 760 633 b.
781 571 1028 629 Mariam
1049 564 1113 632 V.
1135 572 1352 647 passim
1372 572 1685 648 Deiparam
1739 574 1948 630 tuetur
1977 571 2371 631 divinitatem.
2437 571 2651 629 Affinis
2684 572 3022 647 argumenti

404 659 680 735 appellat.
747 661 833 719 De
893 664 1137 735 quartae
1200 664 1398 719 tamen
1446 680 1528 720 or.
1580 680 1680 738 ge·

403 748 702 807 nuinitate
751 748 1028 807 nonnulli
1078 750 1376 809 dubitant.
1440 750 1684 809 Prodie·

405 839 550 895 runt
578 838 823 897 seorsim
854 856 977 897 cur.
1008 837 1094 895 W.
1125 838 1254 897 Bri
1270 840 1363 915 gh
1380 842 1421 907 t,
1474 838 1685 898 Oxonii

415 936 597 989 1873.
649 961 738 968 —-
786 927 879 985 Ad
929 927 1236 1002 episcopos
1298 929 1557 1004 Aegypti
1622 930 1684 986 et

404 1015 622 1091 Lybiae
653 1034 738 1090 ep.
771 1017 1047 1092 encyclica
1068 1017 1140 1097 (c.
1164 1012 1339 1098 356),
1373 1036 1493 1092 qua
1522 1017 1682 1093 ipsos

403 1108 610 1162 contra
628 1105 985 1164 Arianorum
1005 1123 1236 1164 errores
1268 1106 1547 1174 muniret,
1583 1124 1683 1164 su-

404 1193 583 1252 binde
643 1194 1033 1270 praeponitur
1108 1194 1230 1252 illis
1294 1195 1679 1265 orationibus»,

405 1282 679 1356 quocirca
708 1283 986 1341 nonnulli
1024 1294 1057 1346 5
1094 1284 1157 1345 ll.
1189 1288 1528 1355 numerant,
1581 1285 1684 1342 sed

404 1371 572 1429 nulla
615 1371 775 1429 inter
819 1390 915 1430 eas
967 1374 1031 1429 et
1080 1372 1226 1430 hanc
1272 1391 1361 1449 ep.
1409 1376 1502 1431 est
1545 1390 1679 1431 con·

402 1460 593 1523 nexio,
626 1492 712 1502 —
745 1460 947 1536 Magni
978 1461 1264 1521 momenti
1296 1480 1401 1537 pro
1434 1461 1686 1521 historia

405 1549 584 1623 hujus
616 1549 1051 1609 controversiae
1091 1555 1233 1609 sunt
1264 1554 1384 1609 tres
1417 1550 1682 1627 ejusdem

403 1637 737 1714 apologiae:
800 1639 1087 1715 Apoloqia
1146 1647 1350 1698 contra
1400 1642 1679 1712 Arianos,

405 1726 501 1785 cni
550 1726 810 1785 inseruit
861 1737 940 1795 36
990 1727 1344 1787 documenta
1393 1724 1578 1809 (intra
1632 1748 1683 1793 a.

1740 664 1888 719 sunt
1932 661 1969 720 1.
2016 662 2088 718 de
2124 662 2404 719 Trinitate
2448 667 2499 718 et
2530 660 2761 735 Spiritu
2792 679 2859 736 s.,
2915 661 3063 742 qui⁵

1741 749 1924 807 latine
1955 754 2193 808 tantum
2225 752 2435 821 exstat,
2483 750 2664 809 etiam
2709 752 2780 807 ut
2820 749 2859 809 1.
2893 749 3020 807 XII.

1739 838 1900 897 inter
1934 839 1993 896 ll.
2027 837 2136 895 XII
2167 837 2380 915 Vigilii
2412 836 2706 913 tapsensis
2740 836 3021 914 (Migne

1742 927 1801 985 P.
1841 926 1907 988 L.
1940 927 2116 1005 LXII,
2149 936 2517 996 307—344,
2562 926 2823 1002 scriptus
2873 944 2919 985 c.
2970 946 3019 989 a.

1743 1025 1902 1085 3653
1936 1018 1998 1075 et
2029 1015 2067 1073 1.
2100 1016 2168 1073 de
2199 1018 2598 1074 incarnatione
2631 1016 2740 1073 Dei
2772 1015 2943 1075 Verbi
2969 1023 3022 1073 et

1738 1111 1943 1163 contra
2011 1107 2295 1178 Arianos,
2357 1104 2430 1162 de
2490 1105 2664 1179 cujus
2744 1104 3020 1181 genuini·

1738 1200 1864 1251 tate
1909 1196 2111 1252 tamen
2157 1193 2436 1252 nonnulli
2466 1193 2764 1251 dubitant.
2797 1228 2883 1236 —
2916 1193 3020 1251 Se-

1739 1284 2013 1356 quuntur
2043 1285 2166 1341 tres
2199 1282 2337 1341 fidei
2366 1282 2683 1341 catholicae
2702 1281 3021 1358 expositio-

1738 1388 1879 1428 nes:
1942 1371 2245 1446 Expositio
2306 1372 2441 1445 fidei
2489 1371 2907 1446 compendiosa
2956 1371 3019 1427 in

1739 1478 1861 1535 qua
1894 1459 2243 1535 praecipuos
2289 1477 2517 1518 errores
2564 1463 2764 1529 notat:
2817 1458 3022 1517 Sermo

1738 1550 1929 1623 major
1959 1548 2029 1606 de
2056 1550 2189 1622 fide,
2236 1548 2470 1623 saepius
2499 1568 2536 1606 a
2565 1548 3018 1606 Theodoreto

1738 1638 1975 1708 citatus,
2024 1638 2201 1712 plane
2246 1637 2541 1713 egregius,
2595 1636 2697 1695 sed
2743 1636 3024 1695 nonnihil

1739 1725 2025 1794 mutilus:
2088 1731 2150 1785 et
2198 1727 2441 1802 epistola
2490 1726 2570 1784 ad
2619 1726 3017 1798 Jovinianum,

409 1824 528 1877 347
578 1819 640 1874 et
683 1834 734 1873 a.
785 1813 955 1895 351).
1020 1817 1090 1875 In
1134 1816 1252 1875 fine
1297 1814 1379 1895 (n.
1427 1828 1525 1881 79.
1575 1813 1683 1899 80)
1739 1832 1861 1891 qua
1901 1814 2074 1874 fidem
2108 1814 2480 1874 commendat
2510 1814 2897 1892 nicaenam2).
2928 1848 3017 1857 —

404 1904 630 1963 mentio
662 1904 733 1962 fit
779 1904 986 1979 lapsus
1020 1905 1073 1962 H
1089 1904 1242 1964 osii
1270 1910 1332 1964 et
1361 1906 1681 1965 Liberii.
1739 1904 1802 1961 L.
1851 1905 1921 1961 de
1971 1906 2374 1963 incarnatione
2423 1903 2534 1961 Dei
2601 1902 2786 1979 Verbi,
2844 1903 3020 1978 juxta

405 1992 565 2050 Num
600 1993 708 2051 hoc
740 1993 1211 2053 additamentum
1245 1995 1328 2053 sit
1371 1994 1446 2053 ab
1478 1995 1604 2071 ipso
1637 2012 1682 2054 s.
1739 1992 1898 2051 viros
1959 1992 2195 2053 criticos
2258 1989 2603 2073 (Caspari
2652 1998 2761 2051 etc.
2825 1992 3022 2069 Unge-

406 2080 733 2140 Athanasio
753 2084 959 2157 postea
988 2083 1282 2157 adjectum
1314 2085 1411 2142 vel
1443 2085 1515 2143 ab
1546 2083 1680 2152 alio,
1739 2081 1988 2140 druckte
2035 2080 2301 2151 Quellen,
2352 2080 2710 2140 Christiania
2762 2090 2927 2145 1866
2963 2100 3019 2156 p.

406 2173 500 2228 est
560 2170 830 2229 dubium.
906 2169 1191 2248 Apoloyia
1254 2174 1333 2231 ad
1402 2173 1680 2232 Constan·
1747 2166 2139 2249 143—160),
2174 2170 2569 2246 probabiliter
2598 2174 2692 2229 est
2722 2170 3026 2244 Apolli·

407 2261 553 2317 tium
570 2261 712 2336 imp.
734 2256 811 2338 (a.
835 2264 987 2333 356)
1008 2263 1068 2318 et
1086 2263 1371 2339 Apologia
1396 2280 1510 2337 pro
1541 2264 1684 2339 fuya
1739 2278 1779 2315 n
1800 2259 1953 2316 arii
1986 2259 2290 2317 laodiceni.
2323 2291 2410 2302 —-
2442 2259 2536 2317 Tr.
2569 2259 2632 2317 in
2665 2259 2848 2317 illud:
2885 2259 3024 2317 Om-

406 2366 516 2406 sua
537 2343 612 2428 (a.
637 2357 759 2411 357
784 2349 881 2407 vel
904 2355 1076 2424 358),
1105 2351 1534 2425 persecutionis
1553 2351 1680 2411 scil.
1739 2349 1841 2405 nia
1892 2348 2035 2407 mihi
2084 2349 2310 2406 tradita
2371 2354 2505 2406 suxit
2566 2368 2603 2406 α
2665 2348 2840 2406 Patre
2900 2365 3022 2405 meo

406 2436 470 2494 in
501 2455 563 2495 se
595 2437 880 2508 excitatae
900 2439 1223 2509 occasione,
1257 2459 1436 2514 quam
1459 2440 1683 2498 licitam

405 2525 655 2585 subinde
686 2542 816 2585 esse
849 2544 919 2585 ex
951 2544 996 2586 s.
1028 2526 1351 2604 Scniptnra,
1384 2548 1451 2588 ex
1486 2529 1683 2588 verbis

406 2622 466 2673 et
495 2615 759 2691 exemplo
781 2616 973 2691 ipsius
993 2617 1209 2676 Christi
1240 2619 1390 2677 bene
1421 2619 1684 2677 ostendit
1738 2643 1781 2678 s.

1821 2561 1830 2590 ¹
1883 2551 1988 2607 Hic
2015 2552 2165 2607 idem
2209 2550 2436 2606 videtur
2476 2570 2604 2608 cum
2646 2550 2764 2617 illo,
2810 2552 2878 2605 de
2906 2568 3020 2620 quo

1864 2624 2190 2692 ieronymus
2217 2625 2287 2677 de
2316 2624 2451 2677 viris
2472 2625 2557 2677 ill.
2579 2623 2808 2679 scribit:
2837 2625 3022 2686 „Sera-

406 2723 554 2780 opus
599 2704 759 2763 haud
802 2705 1101 2765 immerito
1138 2707 1475 2782 percelebre
1524 2708 1683 2783 apud
1738 2696 1897 2766 pion,
1926 2695 2209 2749 Thmueffl
2232 2694 2551 2764 episcopus,
2579 2695 2683 2763 qui
2710 2698 2781 2750 Ob
2801 2697 3022 2765 elegam·

408 2794 703 2869 antiquOS.
736 2826 821 2836 --
854 2795 1116 2870 Epistola
1148 2795 1444 2873 encyclica
1480 2797 1552 2855 ad
1587 2815 1680 2854 or-

1740 2768 1881 2820 tium
1910 2766 2130 2836 ingenii
2173 2784 2487 2835 cognomen
2530 2765 2866 2819 Scholastici
2912 2783 3022 2820 me-

1738 2838 1875 2902 ruit,
1902 2855 2066 2890 carus
2094 2837 2334 2891 Antonii
2379 2837 2662 2896 monachi.
2704 2836 2887 2889 edidit
2925 2842 3021 2890 ad-

406 2881 497 2940 ωε
518 2881 824 2981 episof'POE
847 2881 920 2964 (θ’
946 2893 1025 2946 34
1043 2896 1060 2946 Ῑ
1077 2882 1119 2964 )’
1154 2885 1218 2943 in
1237 2904 1356 2959 ‘1¹²3
1375 2885 1682 2962 indigmml
1738 2928 1923 2964 versus
1951 2913 2322 2964 Manicbaeum
2364 2908 2659 2978 egregium
2708 2908 2935 2968 librum,
2965 2911 3024 2961 et

406 2971 875 3031 adversariorum
916 2973 1130 3048 agendi
1176 2974 1464 3033 rationem
1511 2977 1681 3049 pate·
1736 2984 1800 3034 de
1814 2984 2151 3049 psalmorum
2177 2984 2347 3034 tinais
2367 2979 2563 3042 alium,
2592 2983 2650 3033 et
2673 2980 2747 3033 ad
2768 2979 3021 3032 diversos

406 3059 560 3129 facit,
626 3060 732 3135 qui
783 3060 1130 3138 Gregorium
1181 3063 1567 3139 cappadocem
1618 3062 1682 3120 in

406 3148 602 3207 sedem
662 3147 1028 3208 intruserant
1087 3152 1543 3214 alexandrinam.
1596 3186 1682 3196 -——

404 3236 671 3312 Epistola
730 3239 799 3295 de
847 3240 1084 3297 decretis
1140 3242 1412 3299 nicaenae
1458 3241 1678 3316 synodi,

406 3325 828 3385 documentum
860 3346 1124 3387 summae
1156 3329 1443 3388 utilitatis
1478 3330 1554 3387 ad
1584 3348 1679 3388 co-

406 3415 742 3489 gnoscenda
772 3435 856 3487 ea,
891 3436 1041 3492 quae
1073 3418 1136 3475 in
1169 3437 1236 3477 ea
1266 3419 1492 3494 synodo
1512 3421 1682 3494 gesta

408 3507 552 3561 sunt
595 3501 668 3579 (c.
713 3523 763 3562 a.
814 3502 986 3586 351).
1027 3540 1101 3550 —-
1145 3507 1247 3582 Ep.
1295 3508 1364 3565 de
1407 3510 1682 3566 sententia

408 3591 678 3669 Dionysii
708 3589 807 3675 (de
842 3612 960 3668 quo
1000 3595 1067 3653 cf.
1106 3613 1286 3672 supra
1319 3616 1371 3671 p.
1410 3595 1535 3672 85),
1588 3597 1678 3655 in·

1740 3051 1912 3105 utiles
1939 3055 2204 3131 epistolas,
2247 3053 2304 3103 et
2343 3052 2450 3103 sub
2491 3049 2826 3105 Constantio
2868 3049 3022 3119 prin·

1737 3121 1864 3192 cipe
1904 3125 2077 3175 etiam
2107 3121 2166 3174 in
2195 3120 2546 3174 confessione
2574 3120 2826 3189 inclytus
2854 3120 3017 3173 suita*

1738 3193 1898 3247 Obiit
1926 3212 1977 3262 p.
2006 3199 2126 3248 358.
2180 3195 2498 3263 Supersunt
2522 3193 2644 3262 ejus
2673 3191 2711 3245 l.
2751 3191 3020 3244 adversus

1738 3264 2157 3327 Manichaeum‚
2202 3279 2330 3316 vere
2359 3281 2387 3317 e
2431 3264 2653 3345 regius:
2695 3279 2783 3333 ep.
2834 3262 3022 3315 brevis

1737 3335 2116 3390 consolatoria
2173 3335 2245 3388 ad
2304 3334 2388 3387 Eu
2431 3352 2625 3389 oxium
2671 3334 3021 3403 episcopum,

1737 3410 1794 3461 et
1808 3423 1897 3477 ep.
1915 3405 2190 3475 prolixior
2221 3406 2483 3477 valdepia
2514 3407 2585 3460 ad
2602 3405 3021 3466 alexaudrinOS.

1737 3496 1883 3545 quae
1912 3481 2174 3547 prostant
2212 3479 2368 3547 apud
2419 3477 2663 3547 Migne
2713 3478 2768 3531 P.
2800 3477 2864 3530 G.
2909 3477 3026 3541 XL,
3125 3541 3130 3544 ,

1738 3558 1861 3672 {¹300
1880 3556 2024 3674 baffi
2031 3639 2058 3673 r
2075 3639 2130 3673 ιιι
2148 3620 2168 3672 i
2188 3640 2223 3673 n
2252 3638 2346 3701 ep..
2368 3620 2752 3691 dogmaticam
2777 3625 2840 3675 de
2867 3624 3025 3674 Patre

2131 3549 2536 3603 Recentissime
2613 3565 2746 3602 vero
2808 3548 3023 3618 reperit

406 3680 597 3758 signis
643 3682 824 3757 hujus
872 3683 981 3742 viri
1028 3685 1364 3760 gravissimi
1411 3685 1684 3762 apologIa
1736 3701 1785 3745 ee
1807 3695 1945 3745 Filio
1965 3691 2025 3744 in
2043 3695 2386 3747 monasterio
2405 3692 2619 3756 Lama..
2637 3709 2812 3759 quam
2827 3695 3024 3744 nostro

407 3770 690 3830 adversus
705 3771 956 3843 arianos,
980 3773 1084 3847 qui
1103 3774 1233 3849 ejus
1254 3774 1524 3833 doctrina
1544 3793 1680 3833 suos

407 3858 640 3917 munire
661 3860 1010 3919 nitebantur
1041 3879 1283 3922 errores,
1309 3897 1388 3905 —
1412 3862 1680 3922 Historia

408 3949 753 4006 arianorum
783 3950 859 4007 ad
901 3951 1214 4009 monachos
1259 3953 1332 4009 ab
1377 3971 1426 4009 a.
1466 3961 1679 4014 335—

413 4044 513 4108 57,
547 4054 699 4110 quae
731 4038 805 4095 ab
838 4038 1015 4097 initio
1049 4039 1287 4098 videtur
1305 4040 1550 4111 mutila3
1585 4043 1681 4100 cui

408 4124 707 4183 addantur
738 4143 829 4202 ep.
861 4146 911 4185 a.
936 4137 1059 4190 358
1096 4129 1170 4186 ad
1204 4129 1580 4204 Serapionem
1614 4132 1682 4187 cle

409 4220 586 4270 morte
630 4215 771 4271 Arii
781 4236 807 4288 ‚·
856 4233 947 4290 ep,
999 4211 1073 4297 (a.
1131 4214 1285 4296 359)
1338 4219 1405 4275 de
1452 4220 1683 4295 synodis

1737 3762 2035 3832 Serapioni
2052 3761 2310 3816 vindicat
2325 3763 2620 3830 ediditque
2638 3763 2699 3816 in
2712 3764 2884 3816 Texte
2904 3763 3022 3816 und

1740 3833 2278 3904 Untersuchungen‚
2323 3835 2480 3888 Neue
2510 3834 2684 3904 Folge
2713 3835 2763 3887 11
2810 3836 2945 3888 fasc.
2972 3842 3022 3890 3.

1744 3913 1895 3961 1898.
1949 3905 2030 3959 Cf.
2077 3905 2631 3959 Bardenhewer
2675 3915 2702 3971 ξ
2743 3915 2810 3961 65
2864 3925 2917 3957 ιι.
2959 3913 3020 3962 3:

1738 3976 1852 4029 KL.
1893 3977 1985 4038 xl,
2043 3981 2352 4036 179-181:
2405 3976 2872 4030 Brinkmann
2919 3975 3023 4029 Die

1739 4047 2063 4100 streitschr.
2092 4047 2189 4101 des
2216 4048 2490 4118 Serapion
2519 4067 2569 4100 v.
2593 4047 2695 4099 Th.
2724 4064 2909 4116 gegen
2930 4047 3024 4100 die

1738 4119 2068 4172 Manichaei·
2095 4118 2156 4170 in
2185 4118 2570 4199 Sitzungsber.
2597 4119 2696 4170 der
2723 4119 2778 4169 k.
2806 4135 3021 4186 preusS.

1740 4190 1849 4242 Ak.
1867 4190 1967 4242 der
1983 4190 2050 4239 W
2060 4190 2150 4241 iss.
2170 4207 2237 4241 zu
2261 4190 2466 4245 Berlin.
2493 4197 2643 4246 1894.
2663 4189 2702 4252 Ι,
2720 4196 3020 4244 479—491.

1741 4262 1917 4313 Juxta
1963 4259 1997 4312 S
2018 4277 2048 4312 0
2067 4263 2275 4312 crate
2295 4280 2349 4313 ιιι
2397 4261 2462 4312 Η.
2503 4260 2564 4315 Ε.
2595 4259 2686 4322 IV,
2715 4267 2764 4314 9.
2788 4258 2875 4312 vir
2901 4264 3024 4312 erat

408 4303 672 4401 ΑΓῑ-’Ῥίηἰ
716 4311 766 4403 fc
813 4304 1096 4363 seleuciae
1146 4306 1210 4363 in
1256 4306 1486 4365 Isauria
1530 4309 1677 4366 0010·
1738 4347 1993 4385 summae
2020 4329 2340 4384 sanctitatis
2364 4336 2420 4383 et
2441 4331 2800 4398 eloquentiae
2829 4330 3022 4398 singu·

408 4389 611 4462 bratis,
646 4409 744 4450 cui
773 4395 1149 4469 postmodum
1180 4396 1520 4470 appendicis
1556 4397 1681 4455 loco
1740 4403 1892 4465 laris,
1921 4421 1945 4454 s
1981 4401 2233 4454 Antonio
2265 4402 2337 4454 M.
2366 4403 2675 4454 admodum
2703 4400 3023 4456 familiaris,

412 4484 794 4540 monumenta
813 4481 931 4541 duo
953 4483 1169 4558 adjecit
1190 4481 1271 4564 (n.
1294 4495 1325 4545 5
1338 4484 1417 4562 9),
1438 4504 1589 4560 quae
1609 4485 1683 4543 ad

410 4566 717 4627 historiam
753 4571 964 4646 synodi
998 4572 1372 4631 ariminensis
1395 4577 1681 4648 spectant.

1815 4483 1855 4538 ²)
1884 4473 2031 4526 Huic
2059 4473 2247 4524 affinis
2289 4477 2374 4525 est
2415 4478 2781 4540 interpretatio
2807 4478 2862 4526 in
2885 4492 3020 4538 sym-

1738 4549 1912 4598 bolum
1939 4548 2300 4612 apostolicum,
2345 4560 2490 4611 quae
2537 4546 2726 4596 tamen
2777 4560 2892 4596 nou
2937 4547 3024 4594 est-

1740 4616 1940 4685 ipsius‚
1969 4616 2062 4668 sed
2092 4614 2248 4669 illius
2292 4615 2580 4684 temporis,
2622 4615 2766 4674 forte
2812 4614 2855 4666 P
2874 4613 3022 4666 etri

503 4667 601 4720 63·
636 4659 769 4717 Alia
787 4679 963 4736 Opera
982 4660 1315 4737 dogmatica
1347 4681 1392 4719 S·
1426 4662 1682 4722 doctoris
1739 4689 1833 4742 vel
1874 4686 2160 4740 Timothei
2201 4687 2322 4754 ejus
2364 4703 2764 4740 successorum.
2816 4684 3021 4755 Spuria

412 4750 584 4805 sunt:
638 4747 930 4823 Epistolae
978 4759 1228 4826 quatuor
1283 4752 1361 4809 ad
1411 4753 1679 4827 Serapio·
1740 4761 1827 4811 est
1851 4760 2028 4811 altera
2052 4759 2123 4810 ad
2152 4757 2524 4811 Jovinianum
2552 4758 2688 4828 imp.
2719 4761 2949 4827 epistola.
