3505 5161
402 240 527 306 825
1095 228 1465 297 Angelomus,
1494 226 1853 281 Christianus
1880 227 2317 299 (Druthmarus).

2893 250 3021 304 826

399 418 481 477 sis
519 420 580 475 et
610 414 1127 484 Trithemiu5‚
1174 415 1592 488 quin.266de
1612 434 1680 474 eo
1735 416 1912 486 boris,
1959 416 2095 491 plus
2140 414 2492 474 historicum
2538 434 2779 475 sensum
2827 419 3015 494 sequi,

402 506 639 565 scribit:
689 504 840 575 ,Vir
876 504 940 562 in
971 502 1192 561 divinis
1227 504 1550 578 Scripturis
1583 524 1680 562 ex·
1735 524 1914 579 quam
1960 505 2367 579 spiritualem:
2418 505 2560 579 quia
2605 505 3018 566 irrationabile

401 594 691 671 ponendis
722 593 922 652 nobile
955 592 1207 651 sortitus
1238 593 1564 670 ingenium,
1611 598 1683 653 ut
1735 594 1883 652 mihi
1933 594 2187 663 videtur,
2254 593 2627 669 spiritualem
2672 594 3018 672 intelligen-

401 703 551 759 quae
600 683 730 759 ipse
781 682 1070 758 exposuit,
1133 684 1362 740 veteres
1424 683 1489 742 in
1550 684 1679 758 ejus
1734 683 1883 742 tiam
1914 683 1979 740 in
2010 681 2164 742 libro
2196 682 2396 757 aliquo
2427 702 2708 758 quaerere
2742 689 2803 742 et
2832 685 3021 744 histo-

399 772 835 848 comparatione
886 790 1003 830 non
1049 771 1391 846 exposuisse
1440 772 1678 831 videan-
1733 773 1928 830 ricum
1950 767 2250 853 (sensum)
2282 771 2524 847 penitus
2557 772 2847 848 ignorare,
2883 793 3017 832 cum

399 866 500 921 tur
532 906 543 920 .
578 906 592 919 .
627 907 638 919 .
673 860 920 936 Scripsit
938 860 1503 919 excellentissimum
1526 880 1677 936 opus
1734 861 1981 920 historia
2030 861 2483 920 fundamentum
2531 863 2724 919 omnis
2786 862 3015 922 intelli-

398 961 460 1009 et
492 951 666 1026 quale
697 970 791 1009 me
823 950 888 1008 in
921 949 1244 1023 Scripturis
1278 950 1498 1008 sanctis
1532 951 1677 1008 alias
1733 950 1972 1027 gentiae
2003 950 2102 1019 sit,
2136 953 2198 1009 et
2228 955 2358 1026 ipsa
2379 950 2662 1025 primitus
2684 952 3017 1026 quaerenda

399 1041 615 1117 legisse
647 1058 768 1098 non
801 1038 1106 1100 memini.‘
1156 1039 1388 1097 Prodiit
1408 1040 1680 1098 Coloniae
1734 1043 1797 1097 et
1828 1039 2229 1115 amplexanda,
2264 1046 2326 1098 et
2357 1039 2484 1097 sine
2505 1038 2634 1115 ipsa
2651 1041 2911 1115 perfecte
2942 1042 3016 1099 ad

408 1140 571 1193 1530
612 1129 747 1198 ins.;
795 1129 1009 1186 Romae
1048 1138 1211 1191 1565
1261 1127 1351 1186 ed.
1396 1129 1675 1203 pulchra3
1733 1128 1920 1187 alium
1952 1146 2070 1187 non
2091 1129 2284 1203 possit
2301 1128 2544 1187 transiri
2579 1123 3015 1211 (MigneCVI,

398 1219 463 1277 in
510 1218 654 1277 bibl.
704 1217 814 1275 ΡΡ.
864 1218 970 1276 801.
1034 1220 1096 1275 81
1146 1215 1505 1293 lugdunensi
1556 1217 1676 1287 XV,
1743 1212 2001 1299 1262).“ζ
2069 1217 2222 1275 Hinc
2252 1216 2460 1276 tritam
2492 1217 2600 1275 hoc
2629 1218 2827 1278 seculo
2860 1220 3020 1278 viam

404 1305 1312 1371 307—414.—Enarrationes
1342 1308 1406 1364 in
1438 1306 1679 1366 Cantica
1733 1306 1795 1364 in
1844 1306 2212 1382 explicandis
2258 1306 2480 1365 divinis
2531 1306 2723 1365 literis
2772 1308 3018 1369 deserit.

398 1399 752 1455 canticorum
800 1397 873 1454 ad
923 1396 1247 1454 Lotharum
1298 1396 1457 1470 imp„
1522 1414 1675 1471 quae
1735 1413 1919 1469 quare
1950 1399 2011 1454 et
2039 1413 2147 1471 pro
2178 1396 2433 1471 posteris
2457 1396 2671 1454 seculis
2696 1398 2825 1471 ejus
2858 1416 3013 1456 com-

398 1486 579 1545 etiam
627 1485 986 1544 Strommata
1029 1484 1462 1555 inscribuntur,
1516 1484 1674 1560 quod
1732 1486 2021 1543 mentaria
2068 1485 2260 1560 pretio
2320 1503 2438 1542 non
2488 1487 2704 1543 carent.
2788 1486 3016 1545 Prodiit

399 1593 504 1650 pro
538 1575 713 1651 genio
744 1574 908 1633 illius
927 1574 1138 1632 aetatis
1170 1577 1307 1648 apte
1337 1593 1405 1632 ex
1438 1577 1677 1649 patrum
1733 1575 1864 1648 ejus
1928 1574 2165 1632 erudita
2223 1572 2544 1632 admodum
2601 1576 3020 1649 praeclaraque

399 1664 571 1723 dictis
646 1664 996 1722 concinnata
1034 1662 1172 1723 sint.
1238 1662 1676 1738 Interpretatur
1732 1664 2011 1735 expositio
2043 1664 2105 1721 in
2127 1662 2480 1721 Matthaeum
2513 1662 2702 1721 divini
2724 1664 3014 1722 sermonis

398 1756 596 1811 autem
628 1751 779 1811 illud
810 1752 883 1811 de
914 1753 1165 1828 mystico
1197 1752 1492 1810 connubio
1514 1752 1675 1811 Chri·
1733 1752 2125 1826 praeconibus
2187 1752 2593 1810 familiaritate
2662 1752 3016 1811 commodis-

399 1845 559 1900 stum
582 1859 868 1918 sponsum
902 1841 1059 1899 inter
1089 1844 1150 1899 et
1181 1858 1457 1916 sponsam
1479 1841 1677 1899 Eccle-
1733 1841 1882 1899 sima.
1926 1858 2067 1899 cura
2114 1841 2400 1916 Wimph
2420 1840 2670 1917 elingi
2716 1845 3012 1918 Argento-

398 1932 561 1993 siam.
646 1930 874 1989 Prodiit
923 1930 1194 2010 Coloniae
1252 1940 1411 1992 1531
1477 1930 1538 1988 in
1606 1940 1677 2001 83
1732 1930 1848 1988 rati
1890 1940 2072 2000 1514,
2118 1949 2269 2005 quae
2308 1929 2398 1989 ed.
2429 1930 2528 1987 vix
2558 1930 2811 2004 amplius
2844 1949 3015 2005 repe-

398 2020 611 2078 Romae
644 2038 776 2079 cum
810 2019 996 2093 priori
1043 2037 1135 2095 op.
1178 2029 1374 2089 15653
1422 2019 1486 2077 in
1531 2019 1676 2077 bibl.
1730 2019 1919 2088 ritur;
1966 2019 2139 2077 aliam
2183 2019 2416 2077 curavit
2445 2019 2781 2077 Molther
2812 2020 3011 2078 luthe-

398 2109 583 2172 colon.
634 2112 697 2185 et
744 2109 907 2185 lugd.
958 2108 1069 2166 PP.
1120 2107 1240 2179 XV,
1294 2118 1674 2177 415—4423

400 2199 597 2257 omnia
624 2198 741 2256 tria
760 2197 941 2256 simul
973 2197 1036 2255 in
1069 2197 1274 2274 Mign
1290 2217 1322 2256 8
1346 2198 1409 2259 P.
1430 2198 1489 2255 L.
1512 2198 1674 2268 CXV,

408 2297 768 2351 107—629.
852 2287 1101 2345 Videtur
1150 2286 1457 2362 scripsisse
1519 2305 1675 2345 com-

397 2376 687 2435 mentaria
717 2376 892 2434 etiam
929 2375 992 2432 in
1025 2375 1366 2452 Evangelia,
1400 2394 1551 2450 quae
1583 2379 1673 2433 ta-

397 2484 531 2524 men
563 2465 870 2540 perierunt
916 2464 1007 2522 vel
1049 2464 1242 2522 adhuc
1282 2465 1487 2524 latent.
1555 2466 1674 2523 Me-

396 2554 647 2614 lioribus
680 2554 860 2630 hujus
882 2553 1110 2630 periodi
1130 2552 1562 2630 interpretibus
1583 2557 1678 2614 est

394 2644 875 2703 annumerandus
893 2637 957 2724 ¹).
1037 2643 1202 2701 Obiit
1263 2646 1460 2703 autem
1525 2645 1678 2702 circa

396 2754 447 2791 a.
484 2744 628 2797 355.

487 3009 632 3062 451.
684 2999 845 3057 Circa
894 2998 1209 3057 dimidium
1260 2998 1441 3073 hujus
1493 2998 1676 3057 seculi

396 3087 599 3146 floruit
617 3088 988 3147 Christianus
1022 3108 1057 3146 a
1088 3088 1133 3145 Τ
1153 3087 1517 3146 rithemio
1550 3088 1676 3145 sine

393 3177 626 3237 ratione
659 3177 995 3248 sufficienti,
1043 3178 1115 3235 ut
1155 3176 1409 3245 videtur,
1459 3194 1673 3252 cogno-

394 3266 657 3324 minatus
717 3266 1271 3336 Druthmarus,
1334 3265 1675 3340 Aquitanus

384 3355 559 3429 juxta
606 3354 968 3430 Sigibertum
1014 3353 1299 3431 gemblac.
1351 3355 1423 3412 de
1473 3355 1674 3428 script.

393 3444 528 3502 eccl.
562 3463 617 3502 n.
656 3453 687 3505 7
701 3453 755 3513 2,
802 3443 1121 3502 monachus
1170 3443 1233 3502 Ο.
1267 3445 1319 3506 S.
1354 3444 1419 3504 B.
1467 3443 1672 3502 corbe-

384 3532 596 3608 jensiS,
661 3532 734 3590 ob
796 3532 1194 3618 eruditionem
1246 3533 1673 3590 Grammaticus

394 3622 723 3690 salutatus3
757 3622 861 3696 qui
894 3639 973 3685 ss.
995 3621 1197 3680 literas
1219 3621 1420 3680 docuit
1453 3621 1516 3679 in
1548 3639 1670 3679 mo-

391 3711 672 3768 nasteriis
705 3710 1039 3768 stabulensi
1068 3713 1131 3768 et
1161 3709 1674 3769 malmundariensi

390 3798 456 3857 in
495 3799 750 3858 dioecesi
797 3798 1086 3857 leodiensi
1134 3798 1246 3858 sub
1293 3818 1411 3858 uno
1459 3799 1672 3857 abbate

392 3888 760 3951 constitutis.
827 3888 1019 3956 ,Quia
1051 3888 1321 3963 perspexi
1345 3888 1672 3964 juvenibus

391 3977 612 4036 nostris
675 3979 811 4052 post
873 3977 1229 4052 expositum*
1281 3976 1376 4034 bis
1438 3980 1670 4035 textum

390 4065 700 4143 Evangelii
751 4065 1034 4124 Matthaei
1085 4066 1373 4124 oblivioni
1435 4066 1669 4137 habere,

391 4155 576 4214 statui
608 4154 768 4230 apud
802 4173 892 4213 me
924 4155 1111 4229 ipsam
1145 4155 1571 4230 expositionem
1605 4173 1672 4213 eo

390 4248 594 4303 tenore
624 4243 815 4302 literis
847 4244 1144 4313 mandare,
1191 4262 1308 4318 quo
1341 4263 1534 4302 coram
1566 4262 1669 4301 vo·

388 4333 483 4390 bis
530 4333 725 4392 verbis
770 4333 1052 4410 digessi.‘
1120 4333 1212 4390 Ita
1254 4333 1381 4407 ipse
1427 4334 1490 4391 in
1535 4352 1669 4408 pro·

390 4423 528 4499 logo
580 4421 675 4480 sui
726 4421 1131 4480 commentarii
1191 4421 1252 4479 in
1305 4421 1670 4479 Matthaeum

391 4510 818 4587 evangelistam
849 4510 922 4568 ad
945 4511 1078 4568 illos
1103 4510 1438 4569 monachos.
1489 4510 1672 4578 ,Stu-

392 4598 497 4657 dui
527 4602 744 4669 autem,
792 4599 879 4657 ita
907 4600 1197 4659 rationem
1229 4599 1428 4658 reddit
1458 4600 1551 4658 sui
1585 4599 1668 4657 la-

475 4791 509 4858 1)
537 4787 616 4841 cf.
648 4787 789 4842 nist.
819 4787 905 4839 111.
934 4787 1001 4850 v,
1036 4793 1328 4844 133—-140.

1732 2126 1913 2166 ranus
1946 2108 2232 2185 Hagenau
2262 2117 2424 2171 1530
2460 2108 2619 2183 apud
2639 2109 2731 2170 J0.
2766 2109 3016 2178 Socer,

1733 2197 1836 2254 sed
1886 2215 1954 2255 ea
2002 2216 2122 2256 non
2172 2198 2320 2255 satis
2371 2197 2564 2255 fidelis
2616 2215 2745 2255 esse
2790 2197 3018 2257 dicitur

1731 2287 2085 2360 praesertim
2106 2286 2261 2345 circa
2277 2286 2701 2345 eucharistiam
2722 2287 2784 2345 in
2804 2287 3016 2345 Matth.

1732 2392 1779 2432 8.
1835 2384 1913 2436 26
1935 2372 2010 2456 ι);
2063 2376 2240 2434 aliter
2287 2375 2447 2434 enim
2498 2376 2724 2450 legitur
2771 2376 2835 2434 in
2885 2376 3013 2435 cod.

1730 2482 1924 2533 mscr.‚
1971 2468 2127 2523 teste
2175 2464 2395 2523 Sixto
2427 2464 2660 2523 senensi
2694 2465 2756 2522 in
2789 2465 2931 2523 bibl.
2967 2484 3015 2526 8.

1732 2552 1770 2612 l.
1795 2552 1870 2612 Vl
1902 2556 2102 2617 annot.
2129 2562 2249 2616 112
2275 2553 2523 2629 Neapoli
2556 2562 2716 2617 1742
2751 2554 2824 2622 ΙΙ,
2864 2564 3009 2625 806,

1730 2642 1820 2701 ita
1863 2647 1935 2701 ut
1979 2643 2352 2702 manifestius
2385 2643 2719 2702 consentiat
2750 2644 3009 2720 dogmati

1732 2731 2035 2790 catholicO.
2101 2732 2321 2790 Verum
2357 2736 2418 2791 et
2450 2732 2704 2791 admissa
2734 2732 3012 2790 Moltheri

1732 2821 1984 2878 lectione
2015 2820 2281 2879 nondum
2314 2827 2405 2879 est
2436 2820 2769 2878 timendum
2802 2838 3014 2878 causae

1731 2909 2066 2972 catholicae.
2142 2909 2340 2967 Editio
2386 2910 2450 2967 in
2496 2909 2639 2966 bibl.
2689 2909 2797 2969 ΡΡ.
2846 2909 3016 2985 lugd.

1732 2998 1852 3069 XV,
1894 3007 1972 3061 86
2008 3002 2070 3057 et
2100 2998 2258 3073 apud
2289 2997 2544 3074 Migne
2576 3001 2618 3060 t.
2639 2997 2761 3055 CVI
2794 2997 3012 3056 dicitur

1731 3088 2065 3162 conspirare
2085 3104 2221 3145 cum
2243 3086 2328 3144 ed.
2351 3085 2905 3162 Wimphelingiana.
2931 3122 3009 3129 —

1730 3177 2092 3234 Promiserat
2124 3175 2545 3234 commentaria
2589 3179 2650 3233 et
2695 3177 2759 3233 in
2796 3175 3014 3234 Lucam

1730 3269 1793 3323 et
1823 3265 1887 3322 in
1918 3265 2228 3334 Joannem,
2271 3268 2332 3322 et
2362 3283 2568 3322 revera
2600 3262 2712 3322 sub
2744 3264 2873 3337 ejus
2904 3283 3013 3322 no-

1730 3354 1889 3413 mine
1935 3353 2464 3412 circumferuntur:
2529 3353 2833 3428 Expositio
2874 3353 3011 3410 bre-

1729 3443 1976 3500 vissima
2019 3461 2199 3517 super
2238 3443 2480 3518 Lucam,
2535 3445 2594 3499 et
2643 3441 3016 3517 expositiun-

1729 3532 1866 3589 cula
1882 3533 1944 3588 in
1957 3532 2243 3590 Joannem
2263 3551 2368 3606 per
2385 3531 2624 3590 modum
2643 3531 3015 3606 epitomatis:

1729 3621 1836 3695 qui
1881 3620 2069 3678 libelli
2105 3623 2304 3678 tamen
2336 3639 2458 3679 non
2489 3621 2770 3678 videntur
2799 3620 3016 3695 ipsiuS,

1730 3709 1857 3767 sive
1903 3710 2110 3766 stilum
2159 3709 2284 3767 sive
2328 3710 2673 3768 methodum
2720 3710 3010 3783 interpre-

1727 3798 1896 3856 tandi
1928 3797 2339 3877 consideres2).
2402 3799 2597 3857 Habes
2631 3798 2771 3856 haec
2816 3799 3012 3856 omnia

1728 3887 1794 3945 in
1843 3887 1905 3947 P.
1953 3888 2014 3948 L.
2063 3887 2316 3963 Migne
2362 3887 2501 3957 CVI,
2558 3896 3016 3960 1261-15211.

1809 4223 1844 4286 ¹)
1872 4216 1955 4270 Cf.
1984 4216 2490 4286 Ziegelbauer
2534 4215 2676 4272 Hist.
2718 4215 2802 4269 rei
2830 4215 2917 4269 lit.
2947 4215 3010 4269 Ο.

1727 4287 1780 4341 S.
1811 4289 1871 4344 B.
1901 4288 1993 4350 IV,
2021 4291 2155 4344 708:
2197 4287 2394 4340 Bach
2434 4285 2883 4354 Dogmengesch.
2913 4288 3010 4340 des·

1728 4360 1874 4422 ΜΛ..
1900 4359 2073 4413 Wien
2105 4362 2241 4415 1874
2268 4360 2307 4421 I,
2336 4362 2440 4414 206
2468 4359 2571 4412 col.
2600 4377 2651 4427 p.
2688 4361 2803 4414 176.

1802 4435 1842 4502 ²)
1872 4430 1954 4484 Cf.
1983 4429 2128 4484 Hist.
2156 4430 2241 4483 lit.
2269 4430 2335 4485 V.
2364 4434 2604 4489 84—90;
2629 4428 2698 4480 W
2716 4428 2867 4481 elte
2896 4429 3009 4482 KL.

1730 4503 1821 4566 Vl,
1849 4508 2230 4559 2087—2090:
2284 4500 2330 4553 D
2350 4506 2385 4553 11
2403 4519 2458 4553 111
2475 4499 2567 4553 ml
2585 4516 2613 4552 8
2631 4518 2660 4552 r
2685 4501 2826 4554 iiber
2854 4498 3009 4553 Chri-

1727 4573 1878 4627 stian
1907 4591 2020 4627 von
2049 4572 2306 4627 Stavelot
2332 4571 2448 4626 und
2491 4570 2643 4626 scine
2670 4572 3010 4641 Auslegung

1726 4663 1856 4698 zum
1909 4645 2202 4698 Matthaus
2253 4644 2659 4714 (Sitzungsber.
2711 4642 2811 4696 der
2861 4641 3011 4697 Berl.

1726 4716 2042 4770 Akademie
2109 4733 2236 4770 vom
2293 4718 2375 4771 17.
2425 4714 2454 4767 J
2464 4714 2539 4767 ul.
2599 4717 2783 4782 189ss
2847 4713 3014 4769 Rich.

1624 4867 1631 4872 .
1726 4787 1870 4842 Sim
1890 4805 1977 4842 on
2007 4787 2150 4840 Hist.
2178 4785 2300 4841 crit.
2330 4786 2406 4838 du
2438 4785 2502 4841 N.
2535 4784 2594 4837 T.
2624 4805 2670 4839 c.
2697 4789 2783 4838 26.
