3505 5161
921 219 1221 268 851-900.
1252 211 1668 281 Hagiographi‚
1695 212 1964 275 JoanneS,
1995 212 2157 273 Mico,
2187 212 2577 268 Ermentarius
2605 220 2709 267 etc.
3002 230 3130 284 860

512 232 637 284 559

513 401 651 459 liter
682 401 900 459 vixerit
933 400 993 456 in
1032 408 1087 460 2.
1120 397 1396 468 disserui,
1431 403 1491 457 et
1521 399 1669 457 bene
1705 400 1794 456 vi·
1852 399 1967 458 fuit
1998 402 2059 458 et
2089 399 2560 463 ibidemscholis
2598 404 2659 458 et
2704 400 3031 476 discipulos
3067 401 3134 457 in

516 507 659 547 vens
694 489 949 565 qualiter
968 488 1252 558 docuerit,
1289 489 1354 545 in
1377 497 1432 550 3.
1453 487 1794 564 designavi;
1850 489 2011 547 omni
2042 488 2445 559 doctrinarum
2475 508 2692 565 genere
2722 489 3132 548 nobilissimos

508 582 572 635 et
608 582 764 637 recte
786 579 1000 637 docens
1023 578 1432 635 infirmitatem
1453 596 1622 635 suam
1647 595 1795 651 quo·
1850 577 2190 653 reliquit1)-
2232 578 2397 636 Vixit
2446 578 2658 636 saltem
2719 579 2791 637 ad
2833 597 2883 639 a.
2934 595 3131 653 usque

511 667 660 726 tidie
694 671 917 742 quanta
937 666 1411 725 consideratione
1431 665 1792 743 cognoverit,
1854 676 1999 728 865.
2060 667 2372 743 Leguntur
2422 667 2527 725 illa
2575 667 2857 726 miracula
2902 667 2966 724 in
2998 670 3129 724 Act.

512 757 575 816 in
596 767 650 818 4.
673 756 998 815 conclusi!¹1
1043 755 1370 814 Familiaris
1391 754 1509 813 fuit
1539 756 1785 813 Anasta·
1851 755 1947 817 SS.
1985 766 2082 818 26.
2116 760 2258 830 Apr.
2290 757 2395 825 III,
2433 766 2754 825 447-4573
2801 756 2959 831 apud
2992 755 3131 812 Ma·

509 846 600 904 sio
620 845 1087 915 bibliothecariQ
1124 845 1312 918 quiin
1331 844 1461 919 ejus
1483 844 1794 902 historiam
1851 844 2102 903 billon
2149 850 2275 905 Act.
2310 845 2407 904 SS.
2441 846 2515 914 ΙΙ,
2555 854 2854 908 213-—22
2869 856 2923 908 7.
2984 845 3131 902 Plu-

508 934 974 993 ecclesiasticam
992 933 1337 992 meditantis
1353 934 1604 1010 gratiam
1620 933 1795 1008 plura
1849 934 1999 991 rima
2074 935 2338 1010 ejusdem
2417 934 2676 993 carmina
2750 934 2990 992 exhibet
3065 934 3128 990 L.

509 1043 582 1083 ex
613 1041 820 1099 graeco
855 1024 1041 1082 latine
1071 1022 1347 1086 reddidit.
1396 1022 1559 1079 Num
1590 1039 1794 1080 revera
1852 1022 2150 1081 Traube
2181 1023 2245 1081 in
2279 1023 2404 1081 ΜΟ.
2437 1024 2602 1082 Poet.
2636 1024 2736 1081 lat.
2768 1024 2872 1092 111,
2913 1033 3126 1085 279-—

512 1113 821 1172 historiam
868 1112 1327 1171 ecclesiasticam
1372 1111 1791 1187 composuerit,
1854 1121 1976 1174 :332
2043 1116 2103 1171 et
2168 1120 2536 1175 359-368.
2601 1148 2683 1156 —-
2737 1113 3129 1171 Ermenta-

512 1221 629 1261 non
642 1203 785 1262 satis
795 1202 974 1276 liquet
985 1223 998 1259 ε
1011 1223 1045 1261 n
1056 1221 1131 1259 on
1146 1201 1378 1270 desunt,
1392 1201 1495 1275 qui
1506 1219 1641 1259 eum
1654 1218 1792 1258 con-

499 1293 720 1368 jiciant
731 1291 1045 1367 Historiae,
1061 1308 1211 1367 quae
1223 1289 1444 1348 dicitur
1455 1287 1791 1364 miscella(p.

515 1396 549 1445 6
563 1395 592 1444 7
606 1380 686 1461 9),
709 1381 1164 1456 compilatorem.
1186 1379 1474 1438 Hortante
1508 1378 1554 1436 G
1572 1399 1605 1435 a
1621 1397 1660 1436 ιι
1678 1378 1714 1435 (1
1731 1396 1793 1436 e-

512 1472 674 1530 rico
708 1471 984 1546 episcopo
1018 1469 1360 1528 velletrensi
1385 1463 1790 1549 (867—879)

508 1560 749 1637 collegit
799 1560 972 1617 Gesta
1010 1560 1308 1616 Clementis
1341 1557 1421 1625 I.;
1470 1575 1604 1615 cum
1651 1574 1793 1615 vero

512 1650 669 1708 inter
732 1650 889 1708 hunc
950 1650 1212 1708 laborem
1274 1648 1522 1704 mortem
1575 1645 1794 1703 obierit

510 1738 675 1819 (ante
723 1759 773 1797 a.
824 1736 996 1819 882),
1051 1738 1179 1812 ipse
1232 1734 1594 1793 Gaudericus
1641 1735 1702 1792 ll.
1752 1744 1787 1796 3

513 1829 711 1886 omnia
742 1831 834 1886 est
865 1827 1203 1903 complexus
1224 1823 1285 1901 ¹).
1328 1824 1568 1882 Exstare
1599 1823 1790 1880 adhuc

1847 1201 2043 1260 rium
2103 1202 2375 1260 abbatem
2439 1196 2721 1281 (860161,
2785 1198 2820 1265 †
2870 1220 2918 1261 c.
2971 1198 3127 1281 865)

1847 1291 2189 1349 monasterii
2240 1289 2695 1374 tornusiensis²)
2747 1309 2853 1349 seu
2898 1295 3128 1349 trenor-

1849 1379 2104 1438 chiensis
2148 1381 2214 1438 in
2272 1380 2469 1438 insula
2513 1379 2657 1438 Heri
2697 1375 3126 1460 (Hermoutier‚

1849 1469 2008 1542 quod
2041 1469 2264 1527 dictum
2298 1472 2389 1527 est
2418 1470 2842 1527 monasterium
2864 1469 3129 1544 nigrum,

1855 1558 2303 1634 Noirmontier),
2339 1558 2444 1633 qui
2477 1558 2540 1615 ll.
2575 1568 2608 1620 2
2649 1554 2935 1641 (quorum
2963 1569 3012 1620 l.
3030 1557 3128 1614 in-

1847 1650 1940 1704 tra
1962 1657 1996 1709 8
2008 1656 2040 1708 3
2052 1658 2084 1707 6
2102 1681 2171 1690 -
2184 1657 2218 1710 8
2230 1657 2329 1716 40,
2352 1648 2505 1705 alter
2518 1667 2567 1706 a.
2588 1657 2621 1708 8
2633 1659 2664 1710 7
2678 1658 2711 1709 3
2732 1648 2991 1723 scriptus
3005 1641 3128 1727 est)

1847 1742 2047 1796 narrat
2107 1738 2539 1795 translationem
2593 1754 2637 1794 a.
2689 1737 2735 1793 P
2753 1736 2790 1793 h
2807 1737 2828 1793 i
2846 1736 2866 1793 l
2883 1735 2904 1793 i
2919 1736 2958 1793 b
2973 1754 3004 1793 e
3018 1755 3047 1792 r
3061 1739 3128 1792 ti

1848 1825 1937 1886 ab.
1970 1843 2039 1883 ex
2073 1826 2331 1884 heriensi
2363 1825 2719 1884 monasterio
2740 1826 2815 1884 ob
2836 1825 3127 1883 Norman·

506 1917 736 1975 dicitur
795 1917 992 1974 brevis
1055 1913 1344 1988 expositio
1390 1912 1790 1987 manuscripta
1844 1932 2059 1972 norum
2094 1913 2456 1991 irruptiones
2488 1911 2668 1997 (836)
2711 1914 2775 1972 in
2806 1913 2968 1973 varia
2996 1914 3128 1972 loca

511 2008 573 2062 in
627 2006 1076 2081 Heptateuchum.
1129 2003 1373 2061 collecta
1434 2021 1502 2060 ex
1550 2001 1790 2077 scriptis

511 2099 768 2168 patrum.
831 2092 1096 2168 Epistola
1139 2091 1388 2149 Joannis
1435 2091 1666 2150 diaconi
1716 2088 1790 2148 ad

512 2182 825 2241 Senarium
858 2183 1055 2241 virum
1085 2181 1383 2239 illustrem
1415 2181 1483 2237 de
1502 2181 1686 2237 variis
1705 2181 1790 2235 νὶ-

513 2273 663 2331 tibus
712 2273 785 2331 ad
834 2271 1199 2346 baptismum
1243 2268 1685 2345 pertinentibus
1730 2271 1793 2326 et

508 2362 644 2420 aliis
677 2360 1087 2420 observatione
1149 2358 1347 2435 dignis
1395 2358 1633 2417 videtur
1662 2375 1792 2415 esse

512 2451 866 2526 antiquioris
912 2450 1161 2508 Joannis
1214 2448 1444 2507 diaconi
1480 2443 1575 2530 (cf.
1610 2465 1792 2521 supra

512 2559 568 2615 p.
610 2535 785 2622 436).
820 2573 905 2584 —
934 2539 1167 2616 Egini
1199 2537 1509 2608 monachii,
1534 2532 1791 2617 (11.840)

511 2630 627 2688 vita
658 2651 703 2691 s,
741 2631 1025 2689 Ansovini
1075 2628 1336 2704 episcopi
1366 2625 1790 2685 camerinensis

512 2721 572 2776 iu
623 2720 825 2778 Piceni
875 2718 1265 2792 Umbriaeque
1312 2715 1586 2775 confiniis
1633 2710 1707 2795 (c.
1740 2735 1789 2777 a.

516 2818 667 2887 540)
703 2808 926 2882 prodiit
957 2808 1020 2864 in
1053 2807 1219 2865 Actis
1254 2805 1350 2864 SS.
1393 2815 1486 2866 13.
1520 2806 1689 2862 Mart.
1713 2804 1788 2873 11,

514 2906 880 2960 322-327.

618 3085 693 3136 47
715 3087 761 3137 l.
824 3072 1359 3132 Praetermittimus
1423 3072 1563 3130 Mic
1580 3090 1612 3130 o
1628 3091 1669 3130 n
1684 3089 1716 3128 e
1731 3090 1787 3128 m

1846 2002 1909 2060 in
1940 2004 2106 2061 Actis
2154 2004 2251 2061 SS.
2298 2003 2628 2062 Mabillonii
2673 2002 2771 2072 IV,
2820 2003 2863 2071 Ι.
2909 2012 3125 2065 539-

1850 2101 2006 2161 564;
2039 2093 2102 2150 in
2125 2093 2289 2151 Actis
2324 2092 2420 2154 SS.
2458 2102 2559 2155 20.
2592 2094 2744 2167 Aug.
2777 2092 3124 2161 Iv,sl-95;

1846 2181 2432 2240 —Ruthardum
2453 2182 2518 2240 O.
2537 2183 2589 2242 S.
2609 2183 2751 2239 Ben.
2771 2180 3124 2239 monachum

1846 2270 2178 2330 fuldensem
2225 2276 2285 2330 et
2330 2271 2854 2348 hiersaugiensem,
2887 2270 3122 2328 audito-

1845 2378 1967 2418 rem
1990 2360 2052 2422 R.
2074 2361 2265 2418 Mauri
2287 2364 2348 2418 et
2370 2359 2600 2422 Walafr.
2623 2359 2840 2430 Strabi,
2862 2359 2968 2434 qui
2987 2363 3124 2433 post

1846 2448 2154 2507 Haimonis
2201 2449 2431 2507 obitum
2484 2443 2668 2529 (852)
2716 2448 3123 2523 episcopatum

1849 2538 2418 2597 halberstadiensem
2476 2538 2793 2605 recusavit,
2845 2540 2906 2595 et
2954 2540 3124 2613 gesta

1849 2646 1893 2686 8.
1954 2627 2242 2686 Bonifacii
2305 2627 2536 2686 heroico
2598 2626 2860 2685 carmine
2908 2626 3126 2684 cecinit

1849 2715 1908 2795 (†
1945 2725 2043 2779 25.
2066 2716 2192 2779 Oct.
2216 2714 2392 2796 865),
2426 2716 2584 2791 quod
2609 2719 2805 2774 tamen
2830 2715 3125 2790 prodiisse

1846 2824 1964 2863 non
1989 2805 2245 2864 videtur.
2278 2838 2364 2849 --
2399 2806 2972 2864 Wormonocum
2997 2822 3122 2862 mo·

1847 2894 2102 2952 nachum
2133 2895 2694 2953 landevenecensem
2715 2891 2798 2974 (fl.
2824 2889 2997 2974 884),
3019 2893 3125 2968 qui

1846 2988 2050 3041 narrat
2108 2983 2335 3059 prolixe
2397 2982 2499 3041 sed
2560 2984 2787 3041 inculto
2856 3000 3125 3041 sermone

1845 3074 2019 3130 vitam
2064 3092 2111 3131 s.
2144 3071 2318 3131 Pauli
2362 3091 2452 3147 ep.
2493 3072 2791 3131 leonensis
2824 3071 2982 3147 apud
3012 3073 3125 3128 Ar-

510 3164 853 3222 monasterii
887 3163 1251 3221 centulensis
1281 3160 1650 3230 monachum,
1687 3160 1791 3234 qui
1847 3163 2096 3220 moricos
2147 3161 2211 3219 in
2242 3161 2551 3220 Britannia
2595 3161 2813 3219 minori
2859 3158 2922 3240 (†
2956 3169 3033 3223 57
3042 3165 3125 3229 3),

510 3254 809 3311 Miracula
843 3273 889 3309 8.
921 3253 1187 3310 Richarii
1220 3253 1309 3312 ab.
1358 3253 1419 3309 et
1457 3248 1792 3307 fundatoris
1847 3250 2100 3326 primum
2136 3271 2169 3308 a
2201 3252 2292 3312 Fr.
2326 3251 2596 3308 Plaine
2627 3250 2848 3308 editam
2871 3253 2935 3307 in
2955 3249 3125 3307 Anal.

512 3342 692 3418 hujus
740 3341 1088 3400 monasterii
1134 3337 1247 3420 (St.
1276 3339 1540 3416 'Riquier
1571 3337 1606 3404 †
1640 3333 1791 3418 645)
1848 3339 2112 3399 Bolland.
2155 3349 2336 3408 1882,
2385 3340 2430 3408 1,
2482 3347 2851 3403 209-238.
2893 3372 2981 3381 -
3011 3338 3125 3394 Ul-

508 3431 668 3488 intra
714 3451 763 3488 a.
800 3439 1147 3494 814-865
1198 3433 1431 3505 patrata
1476 3427 1538 3489 ll.
1590 3436 1624 3488 2
1672 3427 1790 3485 col·
1848 3447 2126 3486 marum
2190 3428 2610 3504 presbyterum
2660 3433 2722 3486 et
2772 3427 3124 3486 monachum

508 3519 726 3594 legisse
758 3525 818 3576 et
847 3520 1027 3576 breve
1045 3518 1533 3595 martyrologium
1550 3516 1793 3574 metrice
1850 3535 1894 3574 s,
1927 3516 2168 3576 Vedasti
2215 3517 2628 3576 altrebatensis
2677 3515 2759 3598 (fl.
2796 3526 2873 3580 87
2886 3512 2972 3598 5).
3021 3515 3125 3588 qui

510 3604 857 3688 (ineditum)
892 3608 1270 3666 concinnasse
1318 3607 1556 3665 dicitur.
1619 3607 1790 3664 Prae·
1847 3605 2088 3682 collegit
2145 3625 2191 3664 s.
2269 3607 2495 3664 l'edasti
2553 3605 2974 3665 attrebatensis
3035 3623 3123 3679 ep.

589 3857 621 3906 ¹⁴)
656 3851 806 3902 Haec
849 3852 1036 3902 tamen
1082 3849 1201 3901 vita
1241 3864 1538 3915 nunquam
1565 3848 1792 3918 integra

512 3920 742 3990 prodiit.
800 3920 880 3972 Ex
925 3920 962 3973 l.
991 3928 1024 3976 3
1044 3919 1329 3992 {derivata
1374 3919 1604 3973 videtur
1626 3923 1790 3973 histo-

510 3997 597 4044 ria
620 3995 989 4045 translationis
1009 3995 1252 4060 corporis
1266 4010 1307 4045 s.
1329 3994 1621 4055 Clementis,
1644 4007 1791 4057 quae

509 4062 569 4116 in
612 4067 735 4116 Act.
780 4064 867 4117 SS.
912 4071 958 4118 9.
1004 4063 1168 4115 Mart.
1198 4063 1264 4125 Il,
1298 4069 1361 4118 19
1386 4070 1520 4125 -22,
1562 4062 1789 4131 legitur.

510 4135 773 4188 Ceterum
803 4136 874 4188 cf.
892 4138 1158 4203 epidolcvn
1179 4132 1469 4186 Anastasii
1489 4133 1793 4187 bibliothe-

509 4206 649 4258 carii
676 4207 748 4258 ιιι]
778 4206 1161 4258 Gaudet-icum
1203 4205 1271 4258 de
1316 4205 1433 4258 vita
1474 4207 1530 4259 et
1557 4205 1792 4258 transla-

511 4277 665 4330 tione
687 4297 724 4330 S.
745 4277 1071 4340 ClementiS,
1089 4293 1261 4344 quam
1280 4276 1463 4328 edidit
1480 4276 1528 4328 J.
1549 4275 1589 4328 F
1608 4295 1634 4327 r
1652 4277 1670 4328 i
1687 4293 1716 4329 e
1734 4276 1794 4327 d-

510 4348 615 4402 ric
634 4349 671 4400 h
725 4348 994 4418 scriptam
1058 4347 1208 4400 inter
1270 4365 1317 4401 a.
1383 4356 1417 4403 8
1458 4352 1667 4403 5-879
1730 4347 1793 4400 in

513 4419 899 4489 Sitzungsber.
946 4419 1046 4472 der
1072 4419 1235 4489 phil.·
1260 4419 1440 4473 ihilol.
1468 4438 1523 4474 u.
1551 4419 1792 4492 histhl.

510 4491 610 4542 der
653 4491 706 4542 k.
738 4490 907 4544 baier.
949 4491 1054 4545 Ak.
1083 4493 1182 4544 der
1210 4490 1239 4538 ἲ
1286 4490 1694 4544 issenschaften
1723 4508 1792 4542 zu

512 4561 796 4614 Mfinchen
832 4568 963 4617 1892
993 4563 1127 4616 fasc.
1154 4570 1186 4617 3
1214 4580 1268 4630 p.
1296 4569 1595 4618 393—-442
1648 4566 1793 4614 Gau·

512 4632 734 4684 clericus
764 4632 1030 4685 interfuit
1071 4634 1287 4700 synodo
1328 4633 1475 4696 VIlI,
1522 4641 1579 4686 et
1605 4633 1790 4686 sedem

513 4719 674 4781 suum
707 4704 1025 4772 resignavit
1052 4704 1275 4756 rediens
1314 4705 1372 4756 in
1402 4704 1651 4758 Montem
1696 4704 1793 4757 Ca·

516 4790 719 4823 smum.

1852 3691 1914 3777 (†
1953 3691 2105 3775 540)
2143 3697 2429 3753 miracula
2447 3695 2601 3753 facta
2619 3694 2877 3753 diversis
2897 3699 3124 3769 tempo-

1848 3783 2034 3854 ribus,
2069 3785 2131 3841 iu
2153 3784 2320 3842 Actis
2343 3784 2438 3843 SS.
2463 3795 2518 3846 6.
2539 3784 2705 3842 Febr.
2726 3782 2772 3852 1,
2799 3793 3084 3846 805-808
3109 3804 3123 3851 ;

1846 3873 2001 3948 apud
2036 3873 2413 3932 Mabillon
2446 3875 2591 3930 Acta
2624 3872 2718 3934 SS.
2752 3870 2850 3943 IV,
2887 3873 2930 3941 Ι,
2971 3882 3124 3935 59¹.)-

1850 3972 1993 4029 606,
2030 3981 2097 4019 ex
2131 3967 2297 4039 parte
2329 3962 2417 4021 ed.
2451 3962 2525 4019 ab
2557 3961 3126 4038 Holder-Eggei·

1846 4052 1911 4108 in
1942 4052 2112 4109 Perlz
2145 4053 2298 4114 Mon.
2333 4052 2452 4111 Ser.
2486 4049 2604 4118 XV,
2628 4050 2672 4118 1,
2710 4058 2858 4113 397.
2882 4059 3126 4114 398.—

1848 4140 1895 4197 G
1910 4159 1951 4197 ιι
1969 4159 1999 4196 r
2015 4140 2049 4196 d
2068 4158 2099 4196 e
2117 4159 2143 4199 s
2162 4140 2225 4198 ti
2248 4159 2340 4198 nu
2359 4159 2416 4197 m
2466 4134 2973 4221 (Wurdestinnm)
3003 4156 3126 4195 mo·

1846 4229 2116 4299 nachum,
2153 4229 2293 4288 dein
2342 4229 2614 4286 abbatem
2663 4227 3126 4286 landevenecen-

1849 4337 1971 4376 sem
2020 4314 2157 4398 (sec.
2190 4319 2270 4376 IX
2302 4313 2501 4400 med),
2549 4317 2654 4393 qui
2705 4320 2878 4375 citam
2928 4323 3126 4375 narrat

1847 4428 1889 4466 s.
1943 4408 2270 4466 Winwatoei
2315 4408 2404 4470 ab.
2451 4412 2512 4465 et
2557 4406 2894 4465 fundatoris
2925 4425 3126 4465 mona-

1850 4497 2016 4554 sterii
2050 4497 2568 4555 landevenecensis
2600 4494 2655 4572 (†
2698 4505 2790 4558 18.
2814 4498 2957 4571 Apr.
2981 4503 3124 4559 483.

1930 4711 1963 4770 Ι)
1991 4703 2136 4756 Hist.
2164 4704 2248 4756 lit.
2277 4709 2577 4758 319-321.

1925 4781 1963 4845 2)
1993 4774 2074 4827 Cf.
2101 4775 2245 4828 Hist.
2265 4774 2351 4827 lit.
2372 4775 2647 4836 V,316s.;
2677 4773 3127 4835 EbertILSfflt.
