3505 5161
371 225 494 278 953

1316 204 1671 266 odorannus,
1698 204 2035 262 Adeuiarus.

2854 223 2980 275 954

367 393 686 467 depravata
747 396 807 450 et
866 391 1095 450 lacunis
1159 391 1373 461 hiulca,
1437 409 1645 449 recusa
1698 393 1959 450 nasterio
2007 410 2052 454 s,
2100 390 2374 467 Eparchii
2421 390 2502 467 (S.
2536 390 2782 467 Cybard,
2829 390 2982 449 falso

378 494 571 545 1600:
622 500 742 540 cur.
789 481 844 539 J.
891 481 945 539 J.
992 480 1243 538 Madet
1287 480 1642 539 Helmstadii
1699 481 1772 538 de
1833 480 2154 539 Chabanais
2216 475 2644 561 cognominati)
2722 481 2980 557 engolis·

379 582 560 642 1667,
592 571 681 632 ed.
708 569 1074 647 negligentia
1093 569 1271 627 etiam
1292 569 1640 645 depravata3

366 680 489 719 cur.
522 659 911 718 Leibnitii
945 660 1203 734 primum
1238 658 1395 716 inter
1428 659 1640 733 Script.

365 769 475 810 rer.
538 750 783 806 brunsv.
858 760 905 818 l,
974 757 1342 818 323-427,
1412 748 1641 805 lacunis

367 840 674 914 supplem,
726 838 813 896 ed.
846 837 1111 896 nondum
1158 837 1304 895 satis
1341 841 1642 903 accurata;

367 929 687 1005 Wagner
717 926 1139 1003 Norimbergae
1181 934 1338 988 1807
1378 944 1510 983 cum
1541 926 1644 983 bo·

366 1018 460 1076 nis
482 1016 993 1086 adnotationibus;
1028 1035 1150 1078 cur.
1175 1016 1594 1090 Lappenber
1604 1034 1646 1091 g

368 1108 430 1164 in
488 1106 614 1164 ΜΟ.
675 1104 771 1162 SS.
833 1104 935 1175 ΙΙΙ,
1002 1114 1338 1168 733—871
1405 1105 1643 1181 egregia

369 1195 475 1265 ed.,
520 1213 727 1253 recusa
772 1194 836 1252 in
869 1194 1120 1270 Migne
1155 1194 1214 1251 P.
1248 1193 1310 1250 L.
1344 1192 1640 1264 CXXXIX,

379 1290 841 1353 1183—14223
876 1284 1035 1342 inter
1066 1282 1185 1344 Ser.
1219 1301 1328 1346 rer,
1363 1281 1556 1344 Germ.
1578 1282 1640 1339 in

367 1391 542 1432 usum
566 1372 745 1431 schol.
766 1374 1220 1449 recognoscente
1237 1371 1391 1432 Frid.
1414 1370 1465 1428 K
1478 1391 1521 1429 u
1533 1389 1642 1428 rze

368 1463 750 1521 Hannoverae
790 1470 972 1523 1889.

463 1648 603 1702 528.
638 1638 1096 1697 Odorannus
1129 1638 1450 1695 monachus
1486 1637 1549 1695 Ο.
1586 1640 1642 1697 S.

368 1730 509 1789 Ben.
542 1728 606 1786 in
653 1727 1011 1787 monasterio
1059 1746 1104 1788 s.
1139 1727 1296 1784 Petri
1329 1725 1465 1784 vivi
1510 1744 1642 1784 sen·

370 1818 617 1876 nonensi
633 1814 700 1899 ¹),
734 1817 796 1875 in
830 1816 1062 1875 artibus
1089 1815 1269 1874 etiam
1289 1815 1643 1874 mechanicis

369 1906 574 1965 dexter
620 1908 681 1964 et
728 1906 956 1982 peritus
1008 1899 1069 1987 (†
1126 1899 1340 1986 1046),
1404 1905 1646 1981 collegit

369 1997 675 2054 chronicon
724 1995 812 2059 ab,
851 2002 1241 2057 675—1032
1268 2011 1282 2065 ς
1333 1993 1512 2052 breve
1564 1996 1640 2063 et,

369 2085 805 2161 chronologiam
843 2084 894 2141 si
941 2087 1188 2159 specteS,
1234 2083 1431 2141 minus
1475 2101 1643 2141 accu-

368 2177 583 2243 ratum,
631 2174 788 2249 quod
822 2172 1011 2231 edidit
1042 2173 1089 2230 D
1109 2173 1393 2231 uchesn
1414 2190 1442 2230 e
1486 2172 1646 2229 inter

368 2264 522 2323 Hist.
583 2264 783 2321 Franc.
846 2262 1047 2337 script.
1112 2262 1186 2331 11,
1261 2271 1597 2324 636—641
1629 2281 1642 2329 3

372 2353 578 2410 Duru
610 2351 758 2410 Bibl.
791 2351 931 2409 hist.
965 2352 1035 2409 de
1067 2351 1328 2409 l'Yonne
1370 2359 1531 2414 1863
1568 2349 1642 2422 II,

378 2450 743 2503 391—402.
807 2442 876 2499 In
908 2459 977 2498 eo
1022 2441 1141 2499 fere
1184 2442 1423 2498 tantum
1462 2458 1504 2501 s.
1540 2439 1642 2496 Sa-

372 2530 613 2601 viniani‚
625 2530 792 2606 primi
806 2530 1154 2589 senonensis
1166 2529 1448 2605 episcopi,
1462 2531 1643 2604 atque

370 2620 699 2679 monasterii
713 2620 936 2688 s.Petri‚
951 2619 1015 2677 in
1025 2618 1645 2695 cujusecclesiasancti

370 2710 535 2768 illius
557 2728 768 2784 corpus
787 2711 915 2767 erat
933 2709 1321 2778 reconditum,
1354 2708 1644 2766 rationem

372 2798 568 2862 habet,
618 2799 761 2874 Ejus
794 2815 1032 2873 quoque
1053 2800 1145 2855 est
1166 2797 1429 2855 Historia
1449 2805 1643 2854 trans-

372 2890 604 2946 lationis
635 2906 708 2949 ss.
743 2887 1063 2962 Saviniani,
1101 2885 1424 2944 Potentiani
1462 2887 1643 2943 socio-

371 2996 616 3055 rumque
666 2975 811 3035 MM.
878 2976 940 3032 in
1004 2993 1326 3033 senonense
1374 2993 1419 3035 S.
1483 2974 1643 3032 Petri

370 3066 714 3125 coenobium
765 3065 921 3141 apud
975 3063 1351 3122 Mabillon
1403 3064 1465 3121 in
1516 3065 1643 3127 Act.

372 3155 469 3213 SS.
502 3155 600 3223 VI,
644 3165 696 3223 1,
748 3162 1117 3215 256—266.
1179 3152 1248 3210 In
1297 3172 1365 3210 ea
1409 3152 1646 3211 exhibet

370 3243 859 3319 archiepiscorum
924 3242 1342 3300 senonensium
1416 3244 1645 3300 seriem.

371 3333 539 3391 Duru
602 3353 658 3409 p.
713 3339 1092 3400 288-339;
1156 3331 1432 3403 opuscula
1480 3329 1653 3388 XIII

370 3421 539 3480 valde
587 3421 793 3480 brevia
842 3421 1025 3497 (inter
1070 3439 1220 3494 quae
1251 3421 1323 3478 11.
1356 3421 1449 3477 est
1480 3419 1643 3477 chro-

368 3508 589 3591 nicon),
632 3509 792 3569 edita
823 3528 855 3566 a
889 3509 1031 3566 Mai
1064 3508 1262 3584 Spicil.
1297 3528 1438 3572 rom.
1471 3511 1514 3570 t.
1537 3508 1645 3578 IX;

371 3600 576 3658 Duru
610 3599 684 3668 Π,
739 3607 1116 3666 389-431;
1163 3598 1362 3656 omnia
1407 3597 1648 3655 collecta

370 3689 526 3763 apud
560 3689 812 3764 Migne
844 3688 908 3744 P.
944 3687 1005 3743 L.
1027 3687 1241 3760 CXLII,
1284 3695 1647 3750 769-829.

463 3875 602 3930 529.
639 3869 686 3924 A
705 3865 741 3922 d
760 3885 789 3924 e
806 3884 1016 3923 maru
1033 3860 1124 3946 s2)
1157 3884 1226 3923 ex
1246 3865 1437 3923 nobili
1460 3865 1646 3940 Aqui-

368 3954 568 4014 taniae
600 3955 821 4013 familia
853 3959 1022 4012 ortus
1055 3973 1104 4014 a.
1143 3963 1286 4023 988,
1340 3972 1490 4029 puer
1520 3972 1646 4011 mo-

449 4128 482 4193 ¹)
511 4124 590 4178 cf.
631 4124 773 4178 Hist.
813 4124 899 4178 lit.
939 4124 1402 4188 V11‚356--3.-59;
1455 4123 1497 4175 Ρ
1516 4141 1546 4176 o
1564 4126 1589 4175 t
1606 4127 1648 4176 t·

370 4194 408 4246 h
425 4211 459 4246 a
475 4213 500 4247 s
516 4198 542 4248 t
609 4199 717 4252 87
720 4205 769 4251 4

442 4269 481 4338 ²)
511 4266 601 4318 A
587 4285 677 4321 ius
703 4270 789 4320 est
814 4269 861 4319 A
879 4266 915 4319 d
932 4283 960 4319 e
978 4286 1033 4319 m
1049 4282 1083 4319 a
1100 4283 1129 4318 r
1144 4285 1181 4318 u
1200 4284 1224 4318 s
1238 4266 1645 4346 (Adhemarus‚

368 4335 579 4402 Aimer‚
598 4340 830 4419 Aymar)
848 4337 1139 4407 podiensis
1158 4337 1460 4407 episcopus
1482 4336 1647 4418 (Puy)

367 4408 707 4463 immortalis
733 4409 1052 4474 memoriae,
1073 4409 1298 4479 legatus
1319 4407 1648 4476 pontificius

367 4482 426 4533 et
450 4480 565 4534 dux
594 4480 811 4550 primae
828 4480 1205 4550 expeditionis
1227 4496 1415 4533 sacrae
1439 4496 1540 4547 pro
1569 4496 1648 4533 re-

367 4553 697 4621 cuperanda
736 4557 885 4607 terra
926 4555 1137 4618 sancta,
1187 4550 1289 4619 qui
1317 4552 1508 4604 tamen
1535 4553 1645 4603 Au-

366 4622 614 4677 tiochiae
641 4641 858 4678 summo
879 4624 1159 4677 exercitus
1179 4621 1479 4676 christiani
1495 4624 1647 4675 dam-

367 4708 441 4747 no
469 4695 616 4749 obiit
638 4702 684 4750 1.
707 4696 852 4764 Aug.
876 4700 1031 4751 1098.
1060 4692 1360 4747 Tribuitur
1380 4692 1433 4747 ei
1451 4709 1485 4746 a
1506 4694 1646 4747 mul-

366 4764 441 4817 tis
458 4764 818 4820 celeberrima
837 4766 1169 4835 Antiphone
1197 4765 1390 4828 „Salve
1410 4764 1641 4834 regina⁴⁶

1698 570 1889 628 mensi
1921 569 2200 639 traditus,
2235 570 2573 628 Lemovicae
2597 575 2800 645 postea
2821 569 2980 645 apud

1700 677 1745 716 s.
1779 658 2128 729 Martialem,
2181 659 2287 716 ubi
2333 661 2589 734 patruus
2635 661 2764 733 ejus
2797 658 2981 716 Adul-

1701 748 1907 806 bertus
1959 747 2163 806 decani
2207 751 2269 806 et
2312 748 2637 823 praepositi
2688 748 2984 824 dignitate

1698 836 2080 912 fungebatur,
2128 838 2203 895 ab
2234 837 2421 895 altero
2455 847 2667 912 patruo
2700 836 2979 913 Botgerio

1698 926 1985 985 educatus
2001 930 2110 998 est,
2133 926 2338 1000 ibique
2354 927 2560 1001 procul
2576 926 2755 985 dubio
2771 926 2982 987 literis.

1698 1014 1920 1089 quibus
1953 1016 2292 1086 excellebat,
2327 1016 2660 1073 instructus
2693 1018 2755 1073 et
2784 1032 2979 1072 amore

1698 1108 1761 1162 et
1813 1104 2193 1163 veneratione
2245 1122 2288 1162 s.
2343 1103 2626 1162 Martialis
2690 1103 2977 1162 imbutae.

1698 1193 1953 1251 Juvenis
2003 1203 2081 1256 22
2117 1213 2165 1251 a.
2197 1197 2371 1252 nocte
2416 1193 2670 1268 quadam
2706 1192 2980 1252 Crucifixi

1698 1282 2014 1358 imaginem
2048 1282 2112 1340 in
2145 1283 2306 1341 coelo
2340 1281 2696 1357 pendentem
2736 1299 2980 1356 conspe-

1698 1371 1855 1429 xisse
1888 1371 2003 1429 sibi
2035 1372 2203 1429 visus
2235 1374 2340 1430 est.
2411 1371 2587 1446 ,Ipse
2619 1373 2838 1441 autem,
2873 1372 2980 1445 qui

1698 1460 1840 1517 haec
1872 1460 2042 1531 vidit,
2077 1461 2372 1520 attonitus
2405 1460 2553 1518 nihil
2587 1460 2749 1518 aliud
2782 1460 2984 1535 potuit

1698 1567 1873 1625 agere
1905 1568 2083 1624 quam
2118 1550 2390 1608 lacrimas
2417 1550 2491 1607 ab
2512 1549 2700 1607 oculis
2733 1548 2976 1624 profun-

1698 1638 1854 1696 dere.
1917 1638 1992 1695 Et
2025 1638 2183 1714 quod
2229 1638 2383 1697 vidit
2427 1657 2658 1713 semper
2701 1639 2765 1696 in
2806 1638 2982 1696 corde

1699 1726 1915 1785 celavit
1948 1723 2129 1808 (Hist.
2163 1729 2266 1798 111,
2302 1723 2469 1810 46).‘
2539 1727 2683 1785 Inde
2703 1727 2979 1804 Engolis-

1698 1835 1854 1873 mam
1889 1835 2161 1875 reversus
2207 1817 2521 1893 presbyter
2550 1820 2641 1875 est
2672 1816 2980 1875 ordinatus

1699 1904 1910 1980 ibique
1937 1904 2000 1963 in
2034 1905 2201 1964 libris
2234 1905 2640 1965 describendis
2664 1909 2724 1964 et
2742 1923 2977 1981 compo-

1699 1993 1911 2052 nendis
1944 1994 2275 2057 desudavit.
2322 1996 2569 2053 Brevem
2603 1995 2873 2053 abbatum
2903 1995 2978 2051 le-

1699 2085 2102 2141 movicensium
2150 2085 2425 2142 basilicae
2477 2103 2522 2145 s,
2569 2084 2857 2142 Martialis
2887 2103 2979 2159 ap.

1698 2174 2316 2231 commemorationem
2349 2192 2456 2232 sen
2487 2174 2795 2232 historiam
2826 2173 2898 2231 ab
2928 2193 2980 2235 a.

1704 2270 1828 2323 848
1883 2281 2074 2337 usque
2119 2263 2188 2319 ad
2239 2284 2287 2324 a.
2347 2272 2510 2325 1025
2566 2262 2862 2337 perduxit,
2916 2261 2980 2319 in

1699 2368 1819 2424 qna
1869 2352 2213 2426 praecipuas
2261 2351 2472 2409 harum
2526 2351 2835 2428 regionum
2881 2370 2976 2409 res

1698 2440 2122 2499 ecclesiasticas
2167 2441 2546 2509 memoravit;
2598 2443 2791 2498 exstat
2821 2440 2980 2515 apud

1700 2528 1945 2588 Labbe
1991 2529 2134 2587 bibl.
2168 2547 2308 2588 msc.
2341 2528 2416 2601 11,
2468 2539 2832 2598 271-275,
2884 2530 2982 2588 in-

1700 2619 1990 2693 complete
2041 2623 2101 2677 et
2147 2620 2455 2687 mendose;
2507 2620 2856 2678 continuata
2905 2619 2981 2677 ab

1700 2707 1873 2765 Helia
1904 2707 1975 2765 de
2008 2707 2280 2766 Rufico
2314 2706 2563 2787 (Ruffec)
2597 2708 2669 2765 ad
2703 2727 2749 2765 a.
2793 2719 2980 2777 1174,

1700 2796 1774 2853 ab
1806 2796 2116 2872 anonymis
2148 2796 2220 2854 ad
2254 2817 2301 2858 a.
2332 2807 2516 2869 1473,
2550 2816 2682 2855 cum
2716 2797 2808 2854 his
2841 2815 2979 2855 con-

1699 2885 2140 2943 tinuationibus
2175 2886 2404 2962 integre
2439 2886 2603 2944 edita
2632 2886 2705 2943 ab
2740 2885 2811 2948 H.
2849 2886 2981 2943 Du-

1701 2974 1824 3049 ple
1842 2993 1868 3031 s
1886 3007 1910 3017 -
1930 2976 1980 3031 A
1997 2994 2036 3050 g
2053 2975 2118 3032 ie
2135 2994 2166 3031 r
2199 2976 2259 3032 in
2281 2975 2645 3049 chroniques
2667 2975 2738 3032 de
2760 2993 2804 3032 s.
2826 2975 2982 3033 Mar-

1699 3063 1810 3120 tial
1843 3063 1913 3120 de
1945 3063 2235 3138 Limoges,
2284 3063 2449 3121 Paris
2506 3071 2690 3134 1874,
2751 3073 2983 3126 1-—27.

1702 3187 1788 3196 --
1822 3152 2004 3210 Paulo
2051 3155 2186 3227 post
2228 3153 2422 3226 majus
2470 3169 2619 3228 opus
2666 3172 2984 3230 aggressus

1700 3243 1810 3299 est.
1893 3241 2220 3299 Historiam
2269 3241 2422 3299 enim
2475 3242 2846 3300 Francorum
2907 3244 2981 3300 ab

1703 3330 1934 3406 origine
1955 3331 2025 3387 ad
2049 3349 2156 3388 sua
2176 3349 2367 3405 usque
2388 3332 2654 3406 tempora
2682 3326 2761 3412 (a.
2792 3335 2985 3406 1028)

1701 3419 1764 3479 ll.
1794 3428 1828 3480 3
1863 3419 2227 3495 conscripsit,
2261 3420 2450 3495 iisque
2483 3420 2859 3496 potissimum
2892 3439 2987 3478 res

1701 3507 2067 3583 aquitanicas
2100 3509 2403 3584 exposuit:
2436 3527 2555 3568 non
2589 3513 2787 3567 tamen
2811 3510 2981 3585 peni-

1701 3600 1802 3654 tus
1823 3597 1995 3654 siluit
2025 3616 2119 3656 res
2152 3598 2406 3656 aliarum
2439 3599 2770 3676 regionum,
2804 3600 2982 3657 etiam

1702 3686 2375 3762 constantinopolitanas
2407 3690 2470 3746 et
2505 3688 2981 3763 hierosolymita-

1702 3792 1830 3833 nas·
1905 3775 2060 3833 Haec
2108 3795 2245 3834 vero
2295 3777 2589 3852 probabili
2640 3777 2777 3834 stilo
2843 3795 2985 3834 con·

1704 3864 1962 3940 scripsit,
2011 3868 2072 3922 et
2102 3865 2373 3939 quamvis
2425 3866 2683 3924 sermoni
2733 3866 2893 3924 culto
2925 3869 2989 3924 et

1704 3957 1913 4010 ornato
1936 3953 2181 4011 minime
2204 3953 2509 4012 studuisse
2543 3955 2831 4024 videatur,
2867 3954 2982 4011 lin-

1704 4061 1823 4118 gua
1853 4045 2053 4100 tamen
2092 4042 2278 4100 latina
2327 4043 2474 4102 satis
2507 4043 2657 4101 bene
2690 4061 2838 4101 usus
2871 4047 2980 4112 est,

1703 4135 1765 4188 et
1797 4131 1858 4188 in
1892 4131 2073 4188 rebus
2126 4131 2504 4205 disponendis
2555 4132 2809 4206 quadam
2860 4135 2984 4190 arte

1704 4219 2024 4278 laboravit:
2080 4239 2374 4296 nusquam
2410 4239 2564 4288 vere,
2623 4221 2778 4295 quod
2814 4220 2985 4278 valde

1704 4308 2045 4379 dolendum,
2093 4312 2283 4367 certos
2317 4328 2516 4370 rerum
2549 4312 2847 4386 gestarum
2882 4329 2988 4368 an-

1702 4478 1834 4533 aliis
1861 4482 2051 4533 tamen
2080 4479 2520 4549 refragantibusx‚
2540 4481 2707 4549 juxta
2734 4496 2877 4548 quos
2903 4482 2994 4532 est

1704 4551 1795 4605 vel
1821 4569 1863 4604 s.
1891 4550 2228 4615 Bernhardi
2276 4553 2366 4604 vel
2394 4551 2654 4622 Gregorii
2683 4551 2752 4615 ΙΙ,
2794 4550 2882 4604 vel
2908 4550 2988 4603 al-

1701 4622 1882 4676 terius
1926 4621 2192 4686 auctoris,
2228 4625 2297 4676 de
2333 4639 2448 4691 qua
2493 4622 2876 4678 controversia
2916 4622 2989 4677 cf.

1703 4693 1849 4748 Hist.
1876 4693 1961 4748 lit.
1991 4694 2456 4758 V111‚468—472
2485 4729 2549 4735 —-
2579 4694 2658 4748 De
2679 4693 2792 4748 alio
2823 4698 2862 4747 A
2884 4694 2988 4746 de-

1702 4781 1897 4820 maro
1917 4766 2038 4836 jam
2067 4782 2237 4836 supra
2268 4785 2320 4836 p.
2337 4773 2508 4822 744a.
2535 4766 2772 4838 egimus.
