3505 5161
360 215 481 269 :365
1380 199 1437 249 et
1461 196 1733 251 historica.
1760 212 1949 267 opera.
2850 213 2972 268 366

355 384 674 460 diligenter
693 383 949 443 scrutari
980 388 1160 459 atque
1190 384 1349 443 locos
1382 383 1633 459 prophe·
1690 383 1835 441 Eam
1866 382 2055 441 edidit
2086 400 2218 441 cum
2252 382 2385 441 aliis
2418 381 2718 441 historicis
2752 381 2887 440 Val
2906 401 2975 441 e·

355 474 501 531 ticos
546 472 619 531 de
666 471 899 531 Christo
945 475 1005 531 et
1035 472 1298 531 Ecclesia
1343 490 1635 546 exponere
1691 472 1860 531 sius
1882 472 2124 531 Parisiis
2154 481 2339 541 1673,
2362 472 2451 535 ed.
2471 471 2713 547 optima,
2737 472 2976 547 saepius

355 561 606 620 studuit.
652 594 739 605 —-
785 561 1209 637 Interpretatio
1271 563 1334 619 in
1397 561 1636 620 Cantica
1689 579 1930 631 recusa;
1978 560 2203 619 Gaisf
2212 561 2343 619 ord
2391 560 2604 619 Oxonii
2658 569 2841 625 1854.
2890 594 2975 605 —-

354 654 733 725 canticorum,
780 650 938 727 quod
985 651 1072 710 ita
1117 651 1375 727 simplici
1410 653 1471 709 et
1501 669 1634 726 per-
1693 649 1960 709 Historia
1990 651 2262 728 reliyiosa
2294 650 2419 709 sive
2451 649 2701 709 ascetica
2733 649 2977 709 vivendi

355 741 561 816 spicua
589 740 820 799 ratione
851 743 1056 798 contra
1074 740 1451 799 Theodorum
1469 758 1633 815 mop·
1693 740 1845 799 ratio
1897 735 2223 823 (φιλόθεος
2283 732 2516 820 ἱστορία
2573 735 2614 824 ἢ
2677 735 2978 824 ἀσκητικὴ

354 832 704 889 suestenum
748 829 931 888 tacito
974 831 1175 889 tamen
1226 830 1354 904 ejus
1397 829 1635 890 nomine
1691 825 1965 892 πολιτεία
1988 825 2444 911 (1283·1496),
2479 828 2682 903 inqua
2704 836 2783 890 30
2809 846 2977 886 sanc-

354 920 614 994 exponit,
661 920 733 976 ut
778 919 982 995 sponsi
1020 921 1081 978 et
1111 936 1364 994 sponsae
1396 918 1635 978 nomine
1692 922 1889 977 torum
1926 921 2257 978 ascetarum
2290 917 2446 975 belle
2477 916 2760 975 describit
2789 916 2977 975 vitam

355 1007 1349 1084 ChristumintelligatetEcclesiam
1361 1006 1635 1089 (LXXXI,
1683 1008 1859 1082 juxta
1888 1027 1975 1078 ea,
2011 1026 2162 1083 quae
2194 1007 2322 1082 ipse
2352 1006 2587 1065 viderat
2617 1005 2712 1065 vel
2745 1025 2780 1063 a
2808 1005 2976 1064 testi-

358 1094 708 1178 27—214).
739 1130 829 1140 —
860 1096 1276 1155 Commentarii
1309 1099 1483 1173 plane
1514 1098 1636 1155 exi·
1692 1096 1807 1154 bus
1840 1096 1955 1154 fide
1987 1096 2185 1173 dignis
2205 1098 2525 1171 acceperat.
2564 1095 2762 1170 Hujus
2783 1094 2976 1170 operis

353 1186 458 1244 mii
510 1188 572 1244 in
617 1186 931 1261 prophetas
978 1186 1229 1261 majores
1278 1196 1341 1245 et
1389 1189 1639 1246 minores
1694 1185 1999 1245 conclusio
2031 1189 2124 1244 est
2142 1185 2400 1262 insignis
2423 1184 2609 1243 oratio
2641 1184 2710 1242 dc
2739 1186 2981 1243 caritate

355 1270 827 1356 (215—1988)‚
892 1275 995 1334 sed
1054 1276 1514 1335 commentarius
1572 1278 1638 1334 in
1695 1269 2214 1355 (1497—1522),
2237 1292 2386 1349 quae
2408 1273 2526 1332 fuit
2544 1274 2711 1332 radix
2731 1273 2980 1331 fecunda

355 1364 576 1423 Isaiam
593 1363 824 1422 interiit
854 1367 916 1423 et
944 1364 1381 1439 quadamtenus
1399 1368 1638 1424 tantum
1693 1366 1786 1422 tot
1835 1363 2129 1422 virtutum
2181 1368 2243 1422 et
2291 1380 2541 1438 operum
2591 1362 2977 1431 mirabilium,

353 1472 422 1511 ex
468 1454 691 1512 catenis
734 1472 949 1530 magno
997 1453 1293 1512 Sirmondi
1331 1454 1531 1514 studio
1578 1456 1640 1513 et
1694 1470 1846 1528 quae
1891 1452 1955 1510 in
1999 1452 2274 1511 vivorum
2321 1453 2660 1510 sanctorum
2690 1452 2818 1508 vita
2849 1453 2978 1508 stu-

353 1542 669 1619 diligentia
712 1541 988 1600 resarciri
1033 1542 1234 1618 potuit
1286 1538 1370 1625 (p.
1419 1553 1633 1606 215-—
1695 1559 1924 1617 pemus.
1984 1574 2073 1585 --
2136 1540 2579 1600 Haeretioarum
2640 1539 2980 1613 fabularum

353 1631 528 1708 494),
563 1631 649 1689 ita
677 1635 879 1690 tamen
910 1634 983 1688 ut
1013 1650 1133 1689 non
1154 1650 1388 1708 semper
1407 1635 1640 1692 constet
1693 1632 2092 1705 compendium
2179 1624 2513 1715 (αἱρετικῆς
2588 1647 2750 1690 naxo
2799 1628 2979 1699 οθίας

351 1738 498 1779 num
544 1739 630 1789 ea,
676 1719 922 1795 quaein
953 1720 1185 1778 Catenis
1220 1721 1334 1780 sub
1365 1722 1495 1797 ejus
1526 1741 1633 1780 no·
1692 1716 1949 1805 ἐπιτομὴ
2011 1719 2334 1788 LXXXIII,
2403 1726 2747 1781 335—-556
2842 1719 2979 1791 post

351 1809 513 1867 mine
544 1808 900 1885 allegantur,
954 1827 1159 1868 revera
1207 1810 1280 1869 ab
1330 1811 1464 1886 ipso
1514 1811 1639 1869 sint
1694 1808 2009 1867 concilium
2059 1808 2517 1867 chalcedonense
2548 1806 2610 1863 11.
2647 1806 2692 1864 V
2739 1805 2977 1864 concin-

352 1898 646 1973 profecta:
697 1897 956 1974 suspicio
1006 1898 1165 1957 enim
1212 1903 1305 1958 est
1348 1901 1641 1959 nonnulla
1693 1900 1920 1958 natum.
1972 1897 2041 1956 In
2063 1900 2324 1973 quatuor
2341 1895 2644 1972 prioribus
2675 1894 2738 1956 ll.
2770 1912 2975 1953 omnes

352 1987 657 2046 Theodoro
707 2004 894 2063 mopS.
939 1988 1038 2046 vel
1066 1988 1326 2047 Eusebio
1357 2007 1504 2048 caes.
1538 1989 1638 2047 de·
1696 1988 1962 2045 haereses
1993 2006 2028 2044 a
2059 1986 2297 2045 Simone
2335 1985 2507 2062 Mago
2549 1983 2839 2058 incipiens
2884 2001 2977 2042 re-

351 2076 498 2135 beri.
529 2109 620 2119 -—-
653 2073 1064 2151 Interpretatio
1083 2075 1187 2135 XI
1198 2078 1639 2153 Vepistolarum
1695 2079 1927 2134 censet:
1976 2076 2013 2135 l.
2048 2075 2129 2133 IV
2161 2094 2208 2134 c.
2248 2084 2346 2145 12,
2391 2073 2500 2133 ubi
2547 2090 2739 2132 sermo
2779 2076 2871 2131 est
2903 2072 2976 2130 de

353 2184 397 2223 s.
431 2163 628 2239 Pauli,
674 2165 889 2224 ceteris
937 2167 1377 2226 commentariis
1409 2166 1636 2243 praese·
1691 2161 1961 2223 Nestorii
1981 2164 2223 2234 haeresi,
2257 2163 2611 2240 quibusdam
2645 2180 2714 2219 ex
2734 2161 2979 2219 rationi-

353 2255 553 2325 renda,
587 2254 804 2325 brevis,
838 2253 1142 2324 concinna,
1194 2255 1458 2319 literalis.
1522 2257 1637 2315 Do·
1693 2255 1809 2312 bus
1842 2253 2094 2313 internis
2128 2253 2402 2329 spurium
2435 2251 2692 2321 videtur,
2739 2250 2842 2308 alii
2885 2254 2976 2309 ta-

354 2343 597 2402 lendum
630 2361 766 2402 vere
795 2346 904 2416 est,
938 2344 1390 2403 commentarios
1410 2344 1638 2404 similes
1693 2362 1832 2401 men
1864 2342 2254 2418 refragantur.
2292 2342 2362 2400 In
2395 2342 2433 2401 l.
2453 2341 2519 2399 V.
2555 2359 2845 2399 summam
2878 2358 2977 2397 ex-

354 2432 414 2490 in
445 2432 708 2507 reliquos
743 2432 813 2495 N.
846 2432 909 2494 T.
951 2432 1138 2491 libros
1183 2451 1303 2492 non
1346 2434 1638 2511 prodiisse
1694 2432 1861 2490 hibet
1923 2430 2060 2490 fidei
2123 2431 2459 2494 catholicae.
2520 2462 2589 2472 —
2653 2428 2737 2486 Ex
2798 2447 2978 2503 quam

354 2520 446 2580 vel
481 2521 752 2598 periisse.
817 2522 1152 2597 Supersunt
1182 2525 1419 2583 tantum
1449 2540 1639 2601 pauca
1692 2520 1972 2597 plurimis
2023 2521 2278 2597 epistolis
2309 2524 2637 2596 supersunt
2667 2517 2815 2576 circa
2851 2526 2974 2582 200

353 2611 667 2670 admodum
713 2612 1047 2687 fragmenta
1078 2613 1638 2672 commentariorum
1695 2605 1752 2693 (l
1775 2622 1799 2673 1
1819 2620 1983 2674 73——
2002 2606 2216 2692 1494),
2265 2610 2486 2685 quibus
2526 2609 2590 2667 in
2622 2608 2732 2667 hoc
2763 2625 2980 2683 genere

353 2700 416 2759 in
455 2700 798 2777 Evangelia.
859 2700 1278 2760 commentarii
1319 2703 1382 2760 in
1433 2720 1516 2777 ep.
1559 2702 1638 2760 ad
1694 2700 1996 2759 scribendi
2044 2700 2197 2758 nihil
2252 2698 2603 2774 perfectius,
2667 2699 2821 2754 teste
2884 2697 2979 2755 vel

354 2789 667 2864 Romanos,
717 2788 1046 2848 Cora'nthios
1090 2792 1152 2848 et
1201 2790 1450 2849 Galatas
1498 2808 1635 2866 pro·
1693 2789 2100 2859 Garnerio,
2135 2788 2241 2864 qui
2275 2788 2421 2847 alias
2443 2804 2649 2845 censor
2680 2787 2772 2844 est
2791 2784 2977 2843 Theo-

353 2878 597 2937 dierunt
629 2878 839 2937 Oxonii
880 2888 1061 2942 1852.
1126 2880 1411 2954 Sequitur
1447 2880 1635 2939 Theo·
1692 2877 1884 2936 doreti
1915 2877 2084 2935 valde
2115 2895 2370 2936 severae.
2423 2876 2616 2943 ,Nam
2650 2892 2800 2948 quae
2833 2877 2981 2931 sunt

353 2966 593 3026 doretus
624 2967 690 3025 in
710 2968 1149 3043 interpretandi
1167 2968 1445 3027 methodo
1466 2987 1633 3045 prae·
1691 2966 2080 3042 epistolarum
2112 2966 2385 3035 virtutes,
2420 2963 2631 3023 scribit
2662 2962 2976 3021 Fessler-

351 3056 560 3131 primis
612 3056 1117 3133 chrysostomum,
1169 3056 1275 3114 sed
1325 3076 1635 3133 nunquam
1691 3055 1731 3113 J
1747 3073 2133 3131 ungmann
2163 3055 2240 3124 11,
2278 3064 2333 3124 2,
2358 3062 2502 3123 235,
2535 3050 2817 3120 brevitaS,
2839 3070 2975 3127 per-

353 3148 645 3204 oratorem
679 3145 823 3222 agit,
871 3149 943 3204 ut
986 3148 1237 3204 annotat
1268 3146 1632 3222 Cornely,
1691 3143 1997 3219 spicuita8‚
2036 3142 2349 3219 elegantia,
2398 3141 2725 3211 urbanitas,
2774 3140 2976 3199 mode-

353 3234 483 3293 ideo
546 3234 652 3292 illo
714 3236 807 3293 est
855 3234 1214 3306 concinnior,
1281 3235 1439 3293 haud
1499 3254 1633 3294 raro
1690 3232 1822 3300 stia,
1887 3231 2265 3291 observantia
2314 3229 2510 3290 decori
2562 3231 2623 3287 et
2668 3229 2978 3305 ingeniosa

352 3323 570 3381 clarior
601 3325 663 3380 et
691 3324 1039 3394 accuratior,
1087 3326 1269 3398 atque
1316 3343 1351 3382 a
1395 3324 1632 3382 morali·
1692 3321 2075 3397 prudensque
2121 3338 2188 3380 ac
2227 3319 2463 3379 erudita
2495 3317 2864 3394 simplicitas,
2912 3319 2977 3376 in

351 3411 464 3470 bus
495 3411 1000 3488 applicationibus
1050 3412 1501 3489 allegoricisque
1547 3412 1632 3471 di·
1690 3430 1781 3486 ep.
1794 3409 2146 3469 Theodoreti
2167 3408 2595 3469 admirabiliter
2616 3406 2702 3465 ita
2721 3407 2979 3479 elucent,

354 3500 772 3577 vagationibus
805 3502 927 3560 fere
959 3501 1198 3559 omnino
1230 3502 1506 3564 abstinet.
1689 3503 1760 3557 ut
1793 3498 2192 3558 scribentibus
2224 3498 2490 3574 exemplo
2522 3515 2651 3556 esse
2683 3496 2974 3572 possint.‘

1689 3588 1854 3646 Alias
1888 3595 1968 3651 48
2004 3588 2290 3647 hactenus
2322 3587 2577 3646 ineditas
2608 3585 2663 3646 J.
2697 3585 2973 3646 Sakke-

443 3687 588 3742 203.
636 3678 942 3737 Accedunt
1003 3697 1179 3754 opera
1244 3678 1634 3738 historica
1688 3678 1855 3735 lion
1900 3695 1932 3735 e
1978 3677 2102 3735 cod.
2135 3695 2249 3737 sec.
2281 3677 2362 3735 XI
2400 3676 2463 3734 in
2496 3677 2689 3734 lucem
2720 3675 2973 3750 protulit

351 3768 524 3841 plane
555 3767 760 3826 utilia:
804 3766 1103 3826 Historiae
1133 3769 1538 3826 ecclesiasticae
1568 3769 1631 3826 ll.
1690 3766 1940 3824 Athenis
1961 3764 2977 3841 1884.-Homiliarumejuspauca

351 3856 416 3926 V,
451 3856 674 3932 quibus
694 3856 814 3915 fata
831 3855 1182 3932 praesertim
1204 3857 1461 3915 haeresis
1480 3857 1630 3915 aria·
1692 3857 2022 3929 supersunt
2040 3854 2387 3931 fragmenta.
2438 3854 2523 3912 Ex
2555 3853 2684 3928 ejus
2705 3853 2974 3928 quinque

349 3963 459 4003 nae
503 3945 572 4003 in
616 3945 1019 4020 patriarchatu
1050 3945 1399 4005 antiocheno
1432 3963 1633 4022 prose·
1690 3943 1755 4002 in
1794 3942 1887 4001 JO.
1935 3942 2424 4018 chrysostomum
2467 3942 2827 4000 sermonibus
2871 3942 2972 4000 ad·

350 4034 560 4109 quitur
587 4035 662 4092 ab
694 4054 744 4092 a.
770 4044 1116 4098 323-428
1140 4029 1445 4115 (LXXXII,
1475 4044 1633 4099 881-
1688 4032 1935 4091 modum
1986 4031 2419 4091 encomiasticis
2470 4033 2746 4106 excerpta
2793 4049 2972 4104 quae-

359 4118 571 4202 1280).
613 4123 951 4200 Recepit-in
981 4124 1332 4198 eamplures
1353 4123 1632 4199 epistolas
1689 4121 1826 4180 dam
1905 4120 2165 4179 servavit
2240 4120 2575 4178 Photius
2653 4118 2777 4181 cod.
2845 4127 2971 4181 273

349 4211 664 4288 synodicas
710 4213 943 4288 aliaque
993 4213 1232 4288 publica
1275 4212 1630 4282 testimonia,
1692 4207 2024 4292 (LXXXIV,
2069 4218 2148 4272 47
2159 4219 2279 4271 —5
2293 4203 2375 4288 4).
2409 4239 2496 4252 —-
2527 4208 2709 4265 Plura
2741 4225 2810 4264 ex
2841 4207 2971 4281 ejus

350 4301 452 4359 sed
512 4302 803 4377 temporis
854 4301 1066 4361 seriem
1117 4321 1327 4378 parum
1379 4304 1550 4360 curat
1566 4297 1630 4382 ¹).
1687 4299 1986 4375 operibus,
2021 4298 2073 4356 si
2104 4298 2436 4375 fragmenta
2466 4296 2739 4371 excipias,
2780 4295 2969 4369 perie-

1685 4390 1848 4458 runt,
1900 4387 2015 4446 alia
2062 4387 2242 4445 dubia
2287 4385 2383 4445 vel
2434 4385 2637 4460 spuria
2688 4386 2848 4452 sunt,
2902 4388 2973 4441 ut

427 4477 463 4542 ¹)
492 4471 576 4527 Cf·
604 4469 1210 4594 Gfildssnfi‘ssnnissgv
1238 4470 1331 4525 die
1359 4470 1632 4525 Kirsshssn·
1686 4495 1979 4536 sermones
2010 4475 2211 4535 XVII
2248 4475 2531 4534 adversus
2577 4473 2865 4549 Cyrillum
2911 4476 2972 4531 et

349 4542 883 4696 ῗὲθέἒὲἕξῗῌῆῗτξ
903 4543 1159 4679 ὃὲἓῧὲῗ,
1175 4542 1344 4668 {alli}
1349 4541 1632 4670 1ξέἓέρὸῘὲ
1687 4566 2111 4626 catholicorum
2129 4565 2359 4640 aliquot
2375 4563 2700 4622 sententias
2713 4558 2797 4643 (M
2807 4562 2828 4618 i
2839 4580 2879 4637 g
2889 4581 2929 4619 n
2940 4581 2971 4620 e

351 4684 696 4741 Theodoreti
745 4703 877 4756 opp.
929 4684 1217 4739 historicis
1270 4685 1339 4740 cf.
1397 4685 1631 4740 Schuz
1687 4654 1953 4725 XXVIII‘
1984 4647 2467 4755 {337—139·4)2
2502 4652 2607 4727 ‘1¹²i
2641 4651 2794 4752 fbf-⁴⁶0
2827 4653 2973 4750 SUPIJ

349 4760 649 4811 comment.
677 4757 799 4811 crit.
829 4777 883 4828 p.
911 4763 1212 4814 449-466.
1687 4744 1732 4803 E
1750 4746 1834 4802 ut
1850 4744 1888 4800 h
1904 4762 1935 4802 e
1951 4764 2015 4803 ri
2030 4763 2052 4801 1
2111 4746 2416 4818 tyanensis
2481 4741 2537 4800 N
2541 4743 2748 4800 estoru
2797 4757 2969 4798 amici
