3505 5161
384 210 499 265 149
1316 189 1371 244 S.
1397 189 1649 245 Basilius
1677 187 2060 249 caesariensis.
2874 210 2995 263 150

378 377 611 441 laudem
665 378 801 437 Bas.
848 396 906 440 n.
958 388 1059 448 33,
1111 378 1371 440 monitor
1419 378 1661 454 probus,
1718 397 1863 455 pum
1912 376 2242 441 incidisti.‘
2321 378 2616 441 Reversus
2666 378 3000 454 praefectus

379 466 708 542 opitulator
727 466 1087 538 commodus,
1105 467 1442 528 divinorum
1458 486 1662 528 oracu·
1720 467 1794 526 ad
1839 467 2254 544 imperatorem
2284 466 2459 543 eique
2490 466 2789 526 missionis
2821 468 3000 527 ratio-

382 555 574 617 lorum
636 555 967 631 interpres,
1029 575 1231 618 rerum
1300 558 1663 633 agendarum
1720 575 1857 619 nem
1894 555 2165 626 reddens,
2201 555 2606 639 ·,Imperat0r,
2656 555 2874 632 inquit,
2925 556 3000 616 ab

379 647 898 720 praemonstrator,
947 644 1272 709 senectutis
1305 645 1661 715 subsidium,
1718 646 1900 721 huius
1929 645 2225 727 Ecclesiae
2270 644 2542 716 antistite
2584 645 2726 707 victi
2772 662 3000 704 sumus.

379 732 513 791 fidei
545 733 994 805 adminiculum,
1026 734 1485 795 domesticorum
1517 733 1659 794 fide·
1719 734 1898 796 Minis
1918 735 2188 811 superior
2208 736 2320 806 est,
2354 733 2731 797 sermonibus
2752 734 2997 803 firmior,

378 821 658 893 lissimus,
705 825 1087 887 externorum
1124 822 1206 883 ‘ad
1244 842 1338 883 res
1370 822 1661 901 gerendas
1718 823 2036 886 verborum
2091 822 2405 882 blanditiis
2456 822 2680 883 fortior.
2745 824 2997 900 Ignavo-

378 911 787 987 aptissimoe.‘
856 911 1054 982 Quum
1098 933 1149 971 a.
1199 922 1329 977 368.
1365 912 1663 974 dirissima
1716 932 1851 974 rum
1871 912 2026 972 alius
2045 912 2341 989 quispiam
2360 911 2685 972 tentandus
2706 916 2828 981 est3
2863 912 3002 970 huic

380 1001 606 1078 vigeret
635 1001 963 1062 Caesareae.
979 1001 1199 1072 fames,
1216 1002 1660 1072 haereditatem,
1718 1005 1920 1063 autem
1951 1003 2058 1061 aut
2087 1002 2179 1060 vis
2205 1004 2404 1078 aperte
2424 1000 2731 1060 inferenda
2751 1006 2859 1071 est,
2894 1003 3000 1060 aut

379 1108 529 1165 quae
559 1090 616 1149 ei
649 1108 717 1149 ex
749 1091 961 1153 matris
978 1090 1301 1153 Emmeliae
1333 1092 1529 1157 morte
1550 1091 1659 1151 ob-

377 1180 637 1250 venerat,
678 1198 1010 1256 pauperum
1044 1180 1315 1240 subsidio
1348 1180 1659 1257 impendit.

378 1268 669 1329 Defuncto
713 1268 971 1331 Eusebio
1010 1263 1194 1351 (370)
1241 1271 1368 1346 ipse
1415 1270 1479 1328 in
1526 1287 1659 1329 suc-

377 1374 665 1416 cessorem
708 1360 803 1419 est
845 1358 1073 1418 electus
1119 1377 1241 1420 non
1277 1362 1477 1421 tamen
1509 1359 1660 1421 citra

376 1444 626 1505 aliorum
673 1446 1203 1509 contradictionem
1246 1452 1309 1507 et
1356 1467 1388 1506 a
1433 1467 1479 1508 s.
1515 1448 1655 1508 Gre-

374 1534 539 1611 gorio
569 1553 694 1597 naz.
727 1535 919 1601 amico
951 1554 1060 1595 suo
1092 1536 1401 1598 ordinatus
1430 1539 1539 1597 est.
1586 1538 1657 1597 In

375 1623 721 1683 candelabro
765 1626 999 1701 positus
1053 1625 1331 1686 omnibus
1363 1626 1659 1701 praeluxit

373 1713 659 1787 example,
693 1712 1044 1790 disciplinae
1076 1714 1508 1778 ecclesiasticae
1541 1715 1658 1775 fuit

375 1801 872 1873 studiosissimus,
906 1802 1039 1878 paci
1060 1804 1500 1881 componendae
1520 1821 1657 1869 cum

377 1890 619 1967 collegis
660 1891 725 1949 in
765 1892 1113 1968 episcopatu
1144 1892 1323 1967 variis
1344 1893 1428 1958 ‚de
1460 1894 1656 1953 causis

374 1978 647 2038 turbatae
663 1979 980 2039 sollicitam
995 1981 1292 2057 impendit
1305 2000 1561 2059 operam,
1585 1983 1656 2041 de

374 2068 745 2131 reformando
785 2070 942 2131 clero
980 2070 1293 2142 sollicitus,
1332 2070 1656 2148 hospitium

378 2158 582 2233 egenis
612 2161 673 2218 et
694 2159 1024 2237 peregrinis
1046 2159 1424 2241 excipiendis,
1460 2161 1654 2236 lepro—

378 2245 457 2303 sis
484 2239 761 2307 curandis
780 2248 1216 2326 amplissimum
1234 2248 1523 2319 instituit,
1554 2250 1655 2311 sed

376 2334 438 2392 in
459 2336 665 2410 primis
684 2337 845 2396 zelus
864 2338 995 2415 ejus
1015 2338 1253 2407 exarsit,
1288 2341 1359 2395 ut
1389 2338 1658 2397 obviaret

374 2426 467 2482 tot
496 2425 686 2495 malis,
739 2445 890 2502 quae
933 2414 1205 2502 undique
1249 2446 1317 2495 ex
1349 2426 1548 2486 turbis
1580 2429 1654 2485 ab

376 2512 682 2575 haereticis
729 2516 920 2574 omnis
966 2515 1220 2593 generiS,
1244 2520 1252 2529 ‘
1277 2518 1347 2574 ut
1395 2516 1651 2588 ArianiS,

376 2602 799 2674 semiarianis,
834 2604 1288 2677 Macedonianis‚
1341 2605 1651 2680 Apollina-

374 2692 536 2750 ristis
581 2696 690 2751 etc.
746 2693 810 2751 in
854 2693 1175 2770 Ecclesiam
1221 2693 1653 2756 redundabant.

372 2780 775 2856 Imperterrita
807 2781 1162 2842 fortitudine
1192 2783 1511 2842 resistebat
1536 2783 1650 2842 Va-

374 2869 518 2929 lenti
550 2870 693 2947 imp.
741 2874 1175 2949 suavpotestate
1207 2872 1470 2947 turpiter
1502 2873 1650 2933 abu-

372 2959 542 3029 tenti,
593 2964 666 3018 ut
697 2949 1105 3020 Arianismum
1155 2960 1379 3036 ubique
1430 2962 1650 3021 diffun-

373 3046 550 3106 deret.
614 3047 767 3107 Nam
818 3052 951 3108 cum
999 3049 1102 3108 ille
1135 3050 1470 3109 Modestum
1514 3069 1653 3128 pro-

374 3137 597 3198 vinciae
655 3138 1017 3218 praefectum
1078 3139 1150 3197 ad
1199 3139 1492 3198 Basilium
1542 3140 1653 3198 mi-

375 3224 578 3296 sisset,
643 3227 751 3302 qui
800 3228 1095 3287 bonorum
1130 3229 1651 3305 proscriptionem,

374 3314 660 3386 exsilium,
710 3317 1353 3393 cruciatus‘ipsamque
1383 3321 1651 3389 mortem,

374 3403 437 3460 ni
478 3404 777 3462 voluntati
821 3406 1197 3482 imperatoris
1242 3405 1491 3478 cederet,
1540 3408 1651 3466 mi·

380 3492 702 3555 nitaretur:
750 3494 844 3563 ,si
891 3495 1036 3570 quid
1082 3494 1247 3555 aliud
1290 3494 1503 3566 habes,
1561 3516 1651 3556 re-

372 3582 573 3654 posuit
609 3581 837 3658 placide
878 3583 1159 3655 Basilius,
1208 3583 1272 3643 id
1318 3584 1492 3644 nobis
1540 3585 1653 3644 mi-

1714 1108 1839 1154 non
1868 1090 2349 1167 exspectandum,
2390 1093 2465 1150 ut
2493 1089 2671 1149 minis
2703 1091 2874 1149 cedat
2890 1087 2997 1169 1).‘

1716 1180 1863 1240 Cum
1925 1198 2064 1256 ergo
2126 1179 2285 1238 muri
2336 1179 2505 1238 aenei
2552 1178 2740 1238 instar
2785 1197 2845 1238 se
2894 1196 2998 1255 op-

1715 1269 1986 1345 posuerit
2030 1267 2516 1331 innovationibus
2564 1268 2996 1343 fraudibusque

1715 1357 2071 1419 Arianorum
2122 1357 2497 1433 aliorumque
2545 1357 2996 1427 haereticorum,

1714 1447 1890 1509 fidem
1909 1447 2213 1506 nicaenam
2233 1446 2431 1507 verbis
2465 1446 2825 1523 scriptisque
2856 1464 2995 1520 pro-

1714 1535 2092 1613 pugnaverit,
2125 1536 2412 1595 nutantes
2443 1536 2506 1597 in
2538 1535 2653 1595 fide
2685 1534 2994 1593 confirma-

1713 1626 1885 1696 verit,
1909 1625 2216 1687 discordes
2249 1624 2323 1686 ad
2356 1624 2728 1687 concordiam
2759 1642 2991 1699 pacem-

1714 1733 1831 1790 que
1861 1732 2133 1774 revocare
2163 1714 2243 1773 sit
2291 1713 2460 1775 nisus
2491 1713 2766 1773 omnibus
2798 1712 2995 1773 omnia

1712 1804 1926 1874 sactus,
1959 1803 2077 1879 ipsi
2108 1805 2246 1878 post
2277 1821 2321 1866 s.
2355 1802 2747 1862 Athanasium
2782 1801 2995 1861 Oriens

1715 1891 2090 1969 praeprimis·
2132 1891 2308 1951 debet
2381 1891 2687 1952 victoriam
2756 1890 2993 1949 demum

1712 1985 1850 2058 post
1893 1982 2208 2041 diuturnas
2253 1999 2585 2057 gravesque
2633 1998 2872 2060 pugnas
2922 1980 2995 2037 de

1712 2070 2025 2137 arianismo
2086 2070 2385 2146 variisque
2448 2070 2734 2147 ejusdem¹
2773 2063 2994 2131 formis.

1714 2159 1881 2220 Obiit
1925 2159 2208 2219 Kalendis
2254 2158 2528 2218 «Ianuarii
2577 2180 2619 2219 av
2664 2169 2994 2227 379‚‚cum

1711 2251 1952 2318 tantum
1983 2249 2199 2324 spiritu
2229 2248 2440 2308 vivens
2478 2252 2713 2325 praeter
2756 2265 2892 2307 ossa
2935 2252 2996 2305 et

1711 2338 1928 2414 pellem
1979 2337 2148 2396 nulla
2190 2341 2497 2414 praeterea
2533 2336 2793 2413 corporis
2822 2338 2994 2411 parte

1711 2424 1978 2485 constare
2010 2426 2333 2502 videretur,
2366 2426 2560 2504 rigida
2590 2426 2791 2495 ascesi,
2827 2424 2991 2482 labo-

1709 2515 1883 2575 ribus
1932 2535 2042 2598 pro
2094 2533 2271 2574 causa
2319 2516 2427 2574 Dei
2481 2518 2541 2573 et
2588 2514 2992 2592 proximorum

1709 2606 1902 2665 salute
1934 2605 2244 2683 susceptis,
2295 2624 2561 2666 moerore
2594 2605 2668 2664 ob
2701 2608 2795 2663 tot
2826 2622 2993 2662 scan-

1709 2693 1845 2752 dala
1889 2699 1950 2753 et
1993 2695 2163 2764 mala,
2215 2694 2436 2768 quibus
2469 2694 2737 2753 Ecclesia
2767 2693 2991 2769 afflige-

1709 2784 1903 2854 batur,
1925 2787 2330 2859 consumptuS,
2352 2783 2584 2841 meritis
2606 2784 2836 2858 plenus
2857 2780 2995 2839 Fuit

1707 2871 1963 2949 insignis
1996 2871 2329 2948 theologus,
2363 2889 2540 2931 verus
2561 2871 2852 2931 Ecclesiae
2886 2870 2990 2928 do-

1708 2963 1851 3032 ctor,
1884 2964 2188 3037 pastorum
2209 2961 2520 3036 exemplar,
2540 2961 2836 3019 virtutum
2856 2976 2988 3035 spe-

1709 3050 1929 3122 culum,
1977 3068 2310 3127 pauperum
2341 3053 2402 3108 et
2433 3048 2837 3125 indigentium
2869 3050 2988 3107 sol-

1710 3138 1912 3198 licitus
1943 3140 2131 3215 pater,
2172 3138 2434 3212 prudens
2465 3138 2624 3197 vitae
2658 3138 2988 3214 spiritualis

1708 3228 2033 3305 legislator,
2081 3227 2364 3304 liturgiae
2396 3227 2764 3295 reformator,
2812 3245 2990 3302 quem

1709 3320 2029 3394 propterea
2088 3319 2261 3394 grata
2323 3316 2639 3391 posteritas
2692 3317 2873 3392 ,Mag
2893 3316 2988 3375 ni‘

1709 3407 1976 3467 encomio
2010 3406 2365 3465 honestavit.

1805 3595 1903 3648 78.
1954 3585 2431 3644 Praeclarissima
2481 3587 2625 3642 sunt
2673 3585 2827 3642 tanti
2879 3583 2992 3641 viri

370 3670 577 3730 nitare.
643 3671 872 3730 Horum
904 3672 1087 3744 enim,
1116 3692 1267 3749 quae
1300 3692 1652 3734 commemo·
1708 3692 1901 3750 opera.
1948 3674 2113 3733 Inter
2144 3693 2181 3749 p
2200 3674 2428 3733 olemi
2450 3691 2529 3732 ca
2560 3673 2826 3732 eminent
2857 3674 2912 3735 ll.
2951 3672 3005 3728 V

370 3760 549 3839 rasti,
578 3760 733 3818 nihil
778 3779 885 3820 nos
917 3762 1166 3838 attingit
1198 3808 1210 3820 .
1246 3806 1258 3820 .
1291 3810 1303 3822 .
1361 3761 1652 3832 Quoniam
1709 3764 1986 3822 adversus
2016 3763 2371 3821 Eunomium
2404 3780 2451 3820 c.
2484 3782 2534 3820 a.
2564 3773 2686 3826 363
2723 3762 2819 3820 vel
2843 3770 2987 3830 364,

368 3847 656 3912 bonorum
706 3850 1126 3927 proscriptioni
1187 3851 1480 3910 obnoxius
1531 3871 1652 3912 non
1707 3853 1770 3910 in
1817 3851 2037 3928 quibus
2084 3851 2265 3909 diluit
2312 3853 2648 3910 arianorum
2694 3850 2872 3909 tricas
2920 3851 2990 3909 de

370 3942 473 4005 est,
521 3937 628 4013 qui
673 3938 827 3997 nihil
859 3939 1054 4010 habet,
1104 3939 1224 3999 nisi
1256 3940 1409 3999 forte
1440 3942 1649 4001 laceris
1705 3942 1949 4001 notione
1985 3939 2259 4017 ingeniti,
2307 3939 2989 4000 consubstantialitatem

369 4031 428 4084 et
457 4025 693 4085 detritis
728 4025 886 4087 hisce
903 4028 1119 4106 pannis
1138 4029 1374 4106 indiges
1406 4048 1473 4089 ac
1503 4049 1649 4105 pau·
1706 4029 1844 4089 Filii
1895 4034 1954 4088 et
2004 4047 2048 4087 S.
2084 4028 2342 4104 Spiritus
2375 4028 2751 4087 divinitatem
2786 4031 2992 4086 contra

369 4113 451 4173 cis
483 4114 724 4186 libellis,
773 4117 836 4175 in
880 4117 1104 4193 quibus
1149 4135 1354 4177 omnes
1386 4119 1532 4178 mihi
1564 4121 1646 4177 fa·
1706 4116 2180 4178 adversariorum
2203 4116 2569 4176 subtilitates
2591 4119 2819 4176 tuetur.
2844 4115 2988 4173 Cum

368 4204 620 4264 cultates
672 4209 831 4268 sunt.
896 4206 1191 4265 Exsilium
1241 4209 1439 4266 autem
1489 4208 1650 4267 haud
1706 4207 1906 4266 desint
1935 4206 1997 4266 ll.
2033 4215 2071 4267 4
2104 4209 2166 4264 et
2200 4215 2233 4269 5
2271 4205 2412 4263 lima
2443 4207 2503 4263 et
2535 4204 2846 4273 accuratio,
2899 4204 2986 4261 vi-

369 4310 673 4370 cognosc0‚
696 4294 801 4369 qui
822 4295 992 4355 nullo
1011 4295 1142 4355 loco
1165 4295 1648 4372 circumscriptus
1705 4297 1883 4355 detur
1932 4295 2078 4354 viris
2128 4294 2348 4354 criticis
2394 4311 2600 4353 eorum
2645 4292 2987 4370 genuinitas

370 4391 542 4441 sum‘
576 4386 687 4442 etc.
721 4427 735 4441 .
769 4428 782 4442 .
818 4428 831 4441 .
883 4383 1011 4454 Quo
1060 4403 1329 4445 sermone
1362 4374 1647 4461 obstupe·
1706 4386 1917 4445 saltem
1940 4384 2154 4443 dubia:
2188 4382 2515 4458 conjiciunt
2545 4381 2750 4457 aliqui,
2784 4400 2884 4440 eos
2918 4401 2988 4441 ex

367 4471 556 4531 factus
588 4471 957 4551 praefectus:
1008 4472 1258 4545 ,Nem0,
1306 4474 1522 4550 inquit,
1557 4492 1650 4555 me

366 4559 437 4617 ad
469 4561 854 4662 hunc.u⁸que
886 4561 1044 4621 diem
1077 4563 1180 4634 ἥδ’
1214 4580 1322 4621 nee
1355 4563 1483 4638 pari
1516 4581 1647 4621 ver-
1783 4611 1819 4674 ¹)
1850 4608 1936 4662 lta
1990 4609 2162 4660 refert
2212 4625 2252 4659 s.
2300 4606 2717 4676 Gregorius
2759 4622 2878 4659 naz.
2925 4604 2986 4658 in

370 4647 580 4709 borum
609 4650 887 4710 hbertatfl
918 4654 1013 4710 ‘³3¹⁵
1062 4652 1375 4712 auocata&
1439 4652 1648 4726 Neque
1745 4678 2092 4733 ulcherrima
2131 4696 2212 4734 or.
2252 4684 2322 4733 43
2361 4677 2422 4731 in
2465 4695 2505 4731 S.
2531 4676 2733 4731 Basilii
2761 4676 2986 4731 laudem

368 4737 541 4810 enim,
590 4739 675 4798 ait
704 4739 983 4810 Basilius,
1031 4740 1282 4800 fortasse
1324 4741 1388 4799 in
1420 4740 1646 4816 episco-
1703 4699 1901 4804 liabita
1931 4769 1984 4806 n.
2014 4756 2084 4807 48
2111 4767 2180 4804 ss.
