3505 5161
1624 1494 1802 1592 XI.

776 1675 1330 1813 Scriptores
1398 1674 2047 1786 ecclesiastici
2098 1627 2411 1787 seculi
2465 1676 2672 1786 VII.

1098 1872 1316 1969 Pars
1382 1871 1676 1969 altera
1717 1873 2307 1990 (637—700).

503 2280 648 2336 329.
682 2271 803 2330 Hac
851 2270 1036 2330 seculi
1072 2274 1237 2346 parte
1270 2270 1590 2330 Ecclesiam
1628 2272 1690 2330 in
1717 2265 1723 2365 l
1747 2270 2063 2329 formulam
2085 2270 2268 2330 unius
2300 2271 2396 2330 vel
2424 2270 2680 2346 duplicis
2701 2270 3031 2329 voluntatis

409 2360 623 2437 primis
667 2360 935 2420 turbavit
985 2360 1690 2420 Monotheletarum
1718 2396 1722 2463 ]
1749 2361 1809 2418 in
1848 2359 2096 2429 Christe,
2145 2360 2304 2435 quod
2348 2360 2654 2436 episcopos
2686 2376 2926 2436 graecos
2965 2359 3028 2417 in

413 2450 687 2519 haeresia,
721 2450 997 2509 surculus
1017 2449 1554 2524 Menophysitismi,
1589 2469 1692 2510 cu·
1718 2498 1723 2565 3
1749 2468 1909 2513 conc.
1956 2450 2400 2509 oecumenicum
2431 2448 2529 2507 VI.
2575 2452 2780 2508 contra
2825 2448 3028 2507 Mono-

403 2540 508 2615 jus
541 2542 843 2599 occasione
888 2539 1048 2598 inter
1079 2555 1351 2599 romanos
1383 2539 1691 2614 pontifices
1718 2574 1722 2644 ἱ
1749 2539 2003 2598 theletas
2037 2541 2422 2616 congregatos
2458 2537 2603 2597 adeo
2649 2537 2913 2608 offendit,
2960 2540 3032 2597 ut

410 2629 734 2705 plurimum
767 2628 1036 2688 innotuit
1068 2627 1522 2692 HonoriusI.
1570 2629 1690 2687 Na-
1748 2629 1813 2687 in
1862 2647 2000 2686 eum
2055 2647 2189 2686 cnm
2240 2628 2662 2688 haeresiarchis
2711 2627 3029 2694 Theodoro,

408 2717 571 2777 tione
620 2718 949 2793 Campanus
998 2717 1135 2787 fuit,
1200 2717 1313 2776 viri
1362 2719 1691 2784 consularis
1718 2767 1722 2820 Ι
1750 2719 1919 2794 Cyro.
1974 2718 2188 2794 Sergio,
2227 2720 2334 2779 etc.
2386 2716 2701 2776 anathema
2755 2716 3030 2775 dixerint.

410 2807 587 2876 filius,
621 2825 665 2868 s.
686 2806 954 2883 Gregorii
976 2807 1049 2870 M.
1071 2807 1419 2883 discipulae,
1453 2810 1512 2866 et
1542 2808 1689 2866 elec-
1717 2823 1721 2888 Ι
1748 2808 1971 2867 Verum
2008 2824 2186 2880 quam
2234 2806 2478 2881 plurimi
2523 2805 2638 2864 viri
2682 2804 2845 2863 docti
2891 2805 3031 2864 soli-

407 2898 509 2955 tus
539 2896 603 2956 in
634 2914 946 2958 romanum
963 2895 1302 2972 pontificem
1322 2895 1517 2954 sedem
1551 2915 1688 2972 apo·
1717 2895 1993 2959 {dissime
2056 2895 2386 2968 probarunt
2438 2893 2688 2953 Honorii
2748 2893 3031 2952 orthodo-

411 2985 677 3044 stolicam
724 2985 877 3044 rexit
921 2985 994 3042 ab
1040 3004 1089 3043 a.
1140 2992 1506 3047 626-638,
1586 2981 1984 3062 Virtxiaml).
2032 2983 2201 3053 Quod
2234 2984 2287 3042 si
2318 2983 2518 3057 aliqua
2549 2984 2642 3040 est
2672 2984 2803 3058 ejus
2835 2984 3028 3058 culpa,

411 3076 537 3133 erat
586 3092 761 3151 sagax
826 3074 1098 3150 ingenie,
1164 3073 1371 3147 vigens
1422 3073 1687 3142 consilio,
1716 3063 1720 3144 J
1746 3092 1875 3132 eam
1919 3073 2060 3130 Leo
2106 3072 2179 3130 11.
2230 3072 2570 3131 authentice
2621 3072 3027 3146 interpretans

412 3163 679 3222 doctrina
711 3163 957 3226 clarens.
1009 3162 1323 3221 dulcedine
1354 3163 1417 3219 et
1447 3161 1690 3220 humili·
1717 3183 1721 3250 ἱ
1744 3162 1910 3220 illius
1932 3160 2165 3219 concilii
2186 3160 2734 3220 condemnationem
2764 3161 2848 3220 ita
2877 3161 3028 3219 bene

412 3254 534 3312 tate
567 3252 799 3327 pollens
815 3250 881 3331 ¹).
929 3250 1218 3310 Inclaruit
1249 3269 1389 3326 erga
1421 3250 1690 3310 divinum
1717 3293 1721 3348 ἱ
1748 3250 2046 3326 expressit
2095 3251 2159 3310 in
2209 3269 2299 3326 ep.
2345 3250 2418 3308 ad
2465 3250 2771 3326 episcopos
2816 3250 3030 3324 Hispa-

411 3341 640 3400 cultum
672 3340 1002 3400 reverentia
1019 3340 1392 3415 multumque
1425 3339 1543 3398 fuit
1574 3340 1692 3399 sol·
1718 3351 1721 3378 l
1752 3340 1916 3399 niae:
1971 3339 2335 3408 ,Flammam
2385 3339 2667 3399 haeretici
2717 3339 3030 3416 dogmatiS,

414 3428 617 3489 licitus
649 3430 712 3489 in
744 3429 1137 3499 aedificandis,
1169 3429 1450 3492 ornandis
1483 3429 1691 3488 dotan—
1748 3447 1870 3488 non
1890 3431 1960 3487 ut
1979 3428 2181 3487 decuit
2201 3429 2578 3505 apostolicam
2598 3428 3029 3492 auctoritatem,

413 3517 626 3595 disque
675 3519 956 3581 ecclesiia.
1030 3519 1287 3594 Populos
1335 3518 1693 3578 christianae
1718 3533 1722 3588 4
1748 3517 2133 3594 incipientem
2184 3518 2453 3589 extinxit,
2519 3517 2622 3575 sed
2673 3516 3030 3593 negligendo

412 3608 718 3684 religionis
749 3609 1018 3682 expertes
1050 3607 1251 3666 missis
1284 3607 1567 3684 operariis
1618 3608 1690 3666 ad
1718 3617 1722 3684 ι

418 3696 635 3756 Christi
680 3694 854 3754 fidem
899 3695 1162 3759 adduxit.
1229 3696 1459 3774 Magnis
1497 3697 1722 3774 laudi-3
1826 3713 1864 3778 ¹)
1897 3707 1980 3760 Cf.
2026 3723 2174 3774 quae
2220 3707 2294 3760 de
2323 3707 2431 3762 hac
2471 3706 2877 3768 controversia,
2919 3722 3033 3774 qua

416 3785 530 3845 bus
562 3786 805 3846 effertur
833 3784 898 3843 in
943 3785 1245 3860 epitaphio
1291 3787 1346 3845 ei
1392 3786 1587 3860 posito
1632 3789 1694 3844 et,
1718 3803 1723 3882 ἱ
1750 3779 1963 3832 frustra
1989 3780 2314 3832 abutuntur
2353 3778 2670 3832 adversarii
2708 3777 3033 3848 infallibili,-

415 3874 489 3932 ab
520 3872 947 3950 aequalibus&-
1014 3874 1125 3934 Sed
1170 3874 1448 3933 incautus
1482 3874 1692 3950 decep·
1749 3850 1887 3924 tatis
1950 3849 2297 3930 pontificiae,
2339 3849 2648 3902 statuimus
2713 3849 2774 3902 in
2840 3852 3032 3930 nostro

1750 3919 2101 3989 compendio
2130 3921 2303 3974 theol.
2333 3921 2522 3990 dogm.
2547 3923 2598 3976 t.
2625 3922 2664 3976 Ι.
2695 3939 2748 3974 11.
2773 3927 2894 3983 435,
2934 3922 3035 3972 ubi

417 3967 517 4022 tus
551 3967 642 4023 θεῖ
673 3984 707 4022 ⁸
740 3964 942 4064 sergi?
973 3964 1245 4065 ePiscf'po
1278 3964 1403 4065 ‘Cp-⁹
1451 3967 1522 4022 ut
1565 3965 1693 4064 eju?
1749 4009 1817 4045 ex
1846 3991 2043 4046 ordine
2084 3991 2435 4046 affirmamus
2481 3994 2541 4044 et
2565 3992 3034 4060 comprobamus:

414 4052 693 4127 probaret
730 4053 1062 4123 consillum,
1105 4054 1345 4114 8110111510
1384 4054 1691 4129 premendi
1754 4073 1802 4119 1.
1830 4062 2150 4117 Honorium
2195 4062 2258 4115 in
2302 4064 2410 4116 hac
2456 4081 2626 4117 cansa
2672 4063 2891 4115 nullam
2919 4062 3034 4115 edi-

1720 4134 1898 4202 ¹disse
1927 4134 2320 4188 definitionem
2366 4151 2432 4187 ex
2474 4133 2775 4192 cathecum
2821 4138 2868 4185 2.
2911 4133 3033 4200 ejus

490 4281 528 4346 ¹)
556 4277 643 4330 lta.
669 4277 701 4331 J
720 4296 751 4332 o
770 4295 899 4331 uas
926 4278 1054 4332 bob.
1081 4279 1144 4331 in
1170 4278 1292 4330 vita
1319 4297 1360 4333 s.
1390 4278 1693 4348 Bertulphi

417 4365 459 4401 c.
489 4357 521 4406 6
548 4348 815 4420 (Migne
843 4349 903 4408 Ρ.
932 4349 991 4403 L.
1019 4349 1345 4413 LXXXVII,
1378 4353 1548 4421 1093).

490 4425 529 4491 ²)
559 4419 640 4475 Cf.
668 4420 1172 4476 Molkenbuhr
1208 4421 1267 4475 in
1310 4419 1444 4475 dias.
1472 4422 1596 4475 crit.
1625 4419 1694 4473 de

415 4507 479 4544 eo
502 4510 553 4548 n.
580 4501 611 4548 5
630 4492 788 4561 apud
816 4491 904 4544 Mi
924 4511 1015 4562 gn
1034 4509 1063 4547 e
1089 4492 1305 4558 LXXX,
1337 4497 1472 4549 1000
1499 4511 1539 4548 s.
1563 4490 1694 4560 Epi·
1722 4531 1725 4546 .

416 4563 602 4632 taphii
629 4567 835 4619 auctor
872 4580 907 4616 a
946 4563 1472 4633 Papebrochio
1519 4563 1696 4618 credi-

414 4636 509 4688 tur
548 4634 594 4689 D
614 4653 799 4689 onus
829 4636 849 4688 1
890 4653 1027 4692 rom.
1070 4636 1332 4704 pontifex
1370 4638 1417 4706 (†
1448 4643 1528 4692 ll.
1557 4637 1693 4702 Apr.

412 4708 518 4762 678
543 4750 554 4761 .
630 4707 818 4760 Habes
867 4706 1015 4760 illud
1081 4708 1142 4760 in
1208 4706 1454 4774 Migne
1525 4705 1582 4759 P.
1636 4706 1695 4762 L.

414 4776 508 4830 LX
618 4777 738 4842 VH,
772 4785 923 4834 1153.

1749 4207 1947 4260 literas
1975 4205 2201 4258 nullum
2237 4205 2530 4258 continere
2558 4220 2804 4258 errorem
2834 4205 3034 4257 contra

1750 4278 1951 4337 fidem;
1978 4283 2029 4332 3.
2057 4293 2187 4330 eum
2215 4294 2331 4330 uon
2359 4279 2594 4344 propter
2628 4291 2890 4337 errorem,
2937 4274 3033 4326 sed

1720 4363 1723 4374 ¹
1750 4351 1986 4418 propter
2013 4347 2317 4401 consilium
2358 4347 2421 4399 in
2460 4346 2577 4399 illis
2604 4345 2893 4414 adjunctis
2933 4345 3033 4397 ini-

1752 4438 1862 4474 nus
1907 4419 2159 4489 prudens
2204 4436 2321 4472 esse
2372 4418 2739 4475 damnatum:
2791 4426 2841 4472 4.
2886 4416 3035 4468 hanc

1754 4491 2286 4547 condemnationem
2329 4507 2443 4543 non
2473 4506 2587 4542 una
2614 4488 2684 4541 de
2711 4504 2936 4541 causam
2966 4488 3035 4538 si-

1752 4563 1948 4617 milem
1977 4561 2161 4615 videri
2189 4559 2637 4630 reprehensioni,
2679 4576 2793 4627 qua
2821 4558 3034 4610 Paulus

1752 4635 1817 4688 in
1844 4650 2014 4687 causa.
2040 4633 2317 4702 legalium
2360 4633 2432 4686 Ce
2478 4632 2585 4684 hae
2627 4631 2686 4682 in
2723 4629 2928 4683 faciem
2955 4645 3035 4682 re-

1755 4705 1911 4758 stitit
1937 4704 2061 4758 Gal.
2092 4710 2141 4769 2,
2175 4713 2253 4760 ll.
2309 4702 2389 4760 Cf.
2487 4703 2548 4755 ri
2567 4720 2639 4754 sa
2659 4720 2685 4753 r
2710 4700 2938 4771 egregie
2965 4700 3034 4754 de

1723 4739 1728 4824 ι
1756 4776 2010 4830 Honorio
2038 4776 2408 4830 disserentem
2434 4773 2547 4829 KL.
2577 4773 2671 4834 VI,
2700 4775 2999 4830 230—257.
