3505 5161
405 242 527 295 673
848 222 1210 296 Epiphanius
1236 225 1364 287 cat„
1391 222 1600 277 Beatus
1628 226 1685 277 et
1709 223 1999 287 Etherius,
2026 223 2357 277 Theodorus
2383 226 2564 279 Abuc.
2893 244 3017 296 (574

399 418 510 482 tea,
545 411 816 470 derivata
848 409 1068 493 (XCVI,
1106 406 1528 490 859-1240)
1562 428 1682 469 non
1734 414 1828 468 tra
1874 412 1957 468 ad
1975 411 2242 486 optian
2262 430 2294 470 o
2313 430 2339 469 s
2372 411 2415 488 ¹)
2461 415 2808 488 pugnarunt
2848 430 3018 487 prae-

401 503 493 560 est
512 501 703 559 nostri
723 500 762 558 J
765 501 990 571 oannis,
1024 502 1127 559 sed
1160 500 1410 558 alterins
1427 498 1465 557 J
1470 499 1679 557 oannis
1734 503 1828 558 ter
1859 500 2224 559 Hadrianum
2272 501 2608 577 pontificem
2654 502 2702 558 B
2720 519 2750 558 e
2766 503 2896 559 atu
2914 519 2940 558 s
2965 496 3018 582 ²)

398 610 467 649 ex
500 591 858 649 monasterio
892 608 936 650 s,
960 590 1159 660 Sabae,
1182 588 1287 663 qui
1308 588 1458 647 forte
1477 588 1682 647 floruit
1704 562 1712 589 ¹
1734 593 1916 663 atque
1977 589 2350 648 Etherius
2422 587 2774 670 (Heterius).
2871 590 3017 647 Cum

400 681 648 738 ineunte
665 680 773 738 hoc
791 680 988 738 seculo
1003 675 1070 760 ¹).
1103 713 1188 723 —-
1209 678 1679 736 Commentarius
1735 678 1891 736 enim
1926 678 2257 752 Elipandus
2290 680 2587 738 toletanus
2621 675 2717 760 (cf.
2748 697 2932 752 supra
2960 698 3017 753 p.

399 768 717 827 historicus
761 769 830 826 de
875 775 1070 826 sancto
1117 771 1177 826 et
1207 767 1433 843 inclyto
1465 785 1679 844 magno
1739 762 1894 848 663)
1929 769 2179 843 epistola
2223 768 2297 825 ad
2331 767 2591 826 Fidelem
2625 787 2669 826 c.
2709 777 2827 830 785
2880 767 3019 825 data

397 861 659 933 martyre
691 859 752 916 et
783 857 1122 933 prodigioso
1154 857 1415 914 Artemio
1467 856 1677 915 collec-
1733 856 2080 932 gravissime
2112 857 2173 915 in
2206 858 2456 915 Beatum
2473 856 2861 915 libaniensem
2879 856 3017 917 O.·S.

396 951 493 1005 tus
512 965 581 1005 ex
601 945 998 1005 ecclesiastica
1026 945 1273 1005 historia
1292 944 1679 1021 Philostorgii
1732 945 1876 1007 Ben.
1910 948 1970 1002 et
2000 946 2150 1004 forte
2183 946 2455 1004 abbatem
2493 942 2556 1028 (†
2586 943 2739 1027 798)
2773 945 3013 1003 invehe-

398 1040 457 1093 et
488 1036 916 1094 nonnullorum
944 1035 1195 1094 aliorum
1228 1054 1261 1092 a
1293 1034 1331 1091 J
1334 1053 1521 1092 oanne
1553 1052 1679 1091 mo·
1734 1037 1901 1092 retur
1932 1034 2103 1110 eique
2137 1036 2519 1110 exprobraret
2551 1053 2777 1093 errores
2798 1035 3017 1093 Bonosi

397 1126 579 1183 nacho
611 1143 820 1201 graece
852 1124 1113 1199 primum
1147 1143 1180 1182 a
1212 1124 1266 1180 M
1286 1124 1354 1181 ai
1387 1123 1583 1181 editus
1616 1123 1679 1181 in
1734 1122 2029 1193 haeretici,
2066 1124 2317 1199 ideoque
2338 1124 2722 1199 contemptim
2743 1124 3014 1198 loquere-

398 1213 596 1289 Spicil.
629 1230 773 1276 rom.
794 1212 894 1283 IV,
922 1223 1044 1276 340
1069 1232 1146 1271 se.
1180 1210 1456 1291 (Migne
1485 1211 1676 1281 XCVI,
1733 1215 1838 1270 tur
1867 1212 1939 1270 de
1959 1213 2240 1271 Bentiana
2272 1214 2512 1284 haeresi,
2546 1231 2729 1288 eaque
2762 1212 3020 1288 epistola

406 1314 425 1363 l
446 1311 479 1363 2
492 1312 523 1364 5
544 1306 882 1375 1—1320)‚
904 1302 1201 1359 tribuitur
1228 1302 1266 1359 J
1278 1301 1491 1359 oanni
1524 1302 1679 1359 Rho·
1734 1301 2168 1359 diffunderetur
2187 1321 2293 1376 per
2311 1307 2499 1361 totam
2519 1302 2843 1371 Asturiam,
2867 1302 3014 1359 Bea-

394 1391 493 1450 dio
519 1392 824 1460 monachO,
860 1391 964 1465 qui
984 1390 1188 1449 floruit
1208 1408 1319 1448 sec.
1342 1391 1438 1448 IX.
1469 1390 1679 1465 Neque
1734 1393 1835 1448 tus
1867 1391 2291 1449 occurrendum
2325 1392 2560 1451 censuit
2579 1391 2889 1466 Elipando‚
2924 1393 3014 1447 at-

392 1480 601 1538 mirum
616 1481 840 1539 auctori
856 1483 1060 1538 nostro
1072 1479 1442 1555 plurafuisse
1456 1497 1677 1555 suppo·
1734 1498 1848 1553 que
1881 1498 2031 1554 opus
2064 1481 2127 1538 in
2152 1489 2184 1541 2
2222 1480 2283 1543 11.
2307 1481 2658 1539 distinctum
2678 1498 2812 1537 cum
2833 1478 3011 1536 Ethe-

396 1570 531 1630 sita.
562 1570 647 1628 Eo
681 1570 842 1628 enim
857 1574 1120 1645 tempore
1142 1569 1299 1626 haud
1319 1569 1491 1644 pauci
1509 1570 1680 1626 erant
1732 1568 1822 1625 rio
1886 1570 2016 1644 ejus
2073 1570 2383 1645 discipulo,
2446 1572 2654 1645 postea
2702 1567 3010 1626 oxumensi

392 1658 662 1717 monachi
712 1658 751 1716 J
767 1659 1039 1716 oannis
1091 1658 1328 1716 nomine
1380 1657 1674 1733 insigniti,
1732 1657 2003 1732 episcopo
2025 1658 2394 1734 conscripsit,
2425 1660 2490 1716 in
2523 1677 2643 1734 quo
2675 1657 2861 1716 solide
2881 1657 3013 1732 ejus

394 1747 495 1821 qui
530 1766 650 1806 non
679 1750 851 1806 tanta
882 1748 1291 1806 inclaruerunt
1324 1746 1480 1805 fama
1521 1746 1679 1807 sicut
1729 1746 1951 1804 refellit
1999 1765 2243 1806 erroreS.
2325 1749 2487 1823 Opus
2537 1767 2656 1806 non
2704 1747 3011 1822 integrum

391 1843 628 1895 noster:
661 1854 845 1912 quare
877 1855 1080 1895 eorum
1113 1855 1290 1912 opera
1321 1836 1447 1894 sive
1479 1855 1546 1894 ex
1582 1854 1673 1894 os·
1730 1837 2008 1910 pervenit
2051 1836 2126 1894 ad
2171 1854 2293 1894 nos.
2354 1837 2621 1894 Primum
2654 1836 2882 1893 editum
2919 1839 3012 1891 est

392 1925 639 1984 citantia
683 1927 807 1983 sive
854 1928 922 1984 ut
963 1926 1047 1983 eis
1088 1924 1503 1983 conciliaretur
1542 1943 1675 2000 pre·
1731 1944 1767 1981 a
1796 1926 1973 1983 Petro
2007 1926 2411 1984 Stevartio
2455 1926 2519 1984 in
2566 1925 2792 1984 collect.
2824 1924 3012 1999 insig-

392 2015 561 2084 tium‚
596 2014 827 2073 tributa
858 2017 1002 2072 sunt
1046 2018 1270 2085 nostro,
1318 2015 1423 2089 qui
1456 2015 1518 2072 in
1551 2033 1673 2072 om·
1728 2013 1898 2071 nium
1931 2017 2238 2073 auctorum
2272 2015 2343 2071 de
2388 2015 2567 2073 rebus
2601 2015 2758 2084 eccl„
2809 2014 3010 2089 Ingol-

392 2104 560 2161 nium
592 2105 708 2162 fuit
739 2099 918 2185 ore2).
1729 2103 1907 2160 stadii
1933 2113 2097 2165 1616
2119 2125 2132 2173 3
2155 2121 2427 2161 recusum
2450 2105 2512 2162 in
2534 2103 2677 2162 bibl.
2700 2103 2810 2160 ΡΡ.
2831 2101 3010 2177 paris,

1727 2190 1823 2253 IV.
1858 2212 1911 2267 p.
1951 2202 2016 2261 23
2053 2193 2237 2250 colon.
2274 2192 2426 2263 VIII,
2475 2192 2840 2269 lugdunensi
2871 2190 3011 2248 XIII

483 2290 628 2343 370.
674 2280 820 2338 Cum
874 2280 946 2339 de
995 2280 1351 2339 adversariis
1402 2281 1671 2339 icono-
1726 2286 1853 2349 etc,
1918 2281 1981 2339 in
2043 2281 2294 2358 Migne
2343 2282 2533 2353 XCVI,
2598 2290 3008 2344 893—1030.

390 2370 649 2427 macho
668 2387 827 2427 rum
874 2369 1048 2428 modo
1092 2389 1351 2446 agamus,
1403 2373 1669 2446 praeter·
1729 2369 2043 2428 Tribuitur
2091 2372 2272 2429 Beato
2322 2371 2501 2429 etiam
2551 2369 3008 2430 commentarius

387 2458 549 2516 mitti
595 2476 715 2517 non
762 2458 938 2516 debet
975 2459 1223 2534 Epiph
1241 2459 1468 2517 anius
1515 2461 1670 2518 cata·
1728 2478 1835 2517 seu
1855 2463 2060 2517 catena
2078 2462 2314 2535 patrum
2337 2462 2401 2517 in
2420 2461 2834 2535 Apocalypsin,
2861 2478 3012 2535 quae

385 2548 591 2607 nensis
616 2548 917 2619 diaconuS,
951 2547 1057 2623 qui
1077 2548 1333 2607 Thomae
1353 2547 1670 2607 Sardorum
1726 2552 1926 2607 tamen
1957 2568 2263 2625 nunquam
2311 2549 2375 2608 in
2419 2550 2613 2609 lucem
2647 2549 2900 2625 prodiit:
2948 2548 3014 2606 in

385 2638 616 2696 insulae
650 2637 1074 2713 archiepiscopi
1106 2637 1231 2697 vice
1262 2639 1539 2697 nicaenae
1573 2656 1669 2714 sy·
1727 2657 1796 2696 ea
1844 2639 2130 2715 Apringio
2194 2634 2290 2719 (cf.
2352 2659 2408 2714 p.
2463 2634 2618 2719 488)
2680 2640 3013 2714 plurimum

384 2727 539 2785 nodo
573 2726 850 2785 interfuit
880 2729 1059 2801 atque
1101 2745 1426 2785 sermonem
1464 2730 1670 2803 gratu·
1728 2728 1939 2789 utitur.

386 2816 667 2874 latorium
715 2816 786 2873 de
834 2816 1060 2873 haeresi
1108 2816 1265 2874 victa
1295 2820 1357 2874 et
1386 2816 1671 2874 restituta

383 2904 730 2963 orthodoxia
792 2907 885 2962 sat
943 2906 1239 2979 prolixum
1292 2905 1520 2965 habuit.
1585 2904 1670 2962 Ex
1851 2915 1994 2967 371.
2046 2905 2312 2963 Exeunte
2376 2907 2483 2965 hoc
2546 2905 2743 2963 seculo
2806 2905 3013 2963 floruit

382 2993 654 3052 versione
687 2995 1096 3051 Anastasii
1128 2993 1561 3052 bibliothecarii
1582 2994 1668 3050 le·
1727 2994 2173 3052 Theodorus
2216 2993 2494 3052 Abukara
2526 2995 2582 3052 h.
2615 3013 2665 3054 e.
2702 2997 2871 3068 pater
2903 3012 3011 3052 seu

382 3081 551 3158 gitur
583 3083 646 3140 in
679 3083 824 3140 actis
859 3100 1016 3144 conc.
1051 3083 1339 3140 Labbei
1360 3082 1486 3153 VII,
1513 3093 1669 3152 6173
1725 3083 2037 3158 episcopus
2088 3083 2294 3153 Kame,
2347 3085 2645 3142 incertum
2695 3102 2770 3140 an
2820 3083 3010 3141 Karae

383 3171 789 3229 Hardouin
821 3171 918 3242 IV,
958 3180 1302 3235 502—508
1339 3171 1670 3247 etMigne
1725 3167 1965 3253 (Karra)
1998 3172 2061 3230 in
2093 3173 2324 3243 Peraea,
2373 3192 2449 3230 an
2495 3189 2632 3230 vero
2666 3172 2913 3230 Carrhae
2944 3172 3008 3229 in

383 3260 444 3321 P.
477 3259 540 3322 L.
575 3259 828 3330 XCVIII,
879 3271 1332 3323 1311-1331,
1382 3295 1467 3304 —
1520 3262 1667 3319 Con·
1725 3261 2634 3336 Mesopotamia,Jo.Damasceni
2657 3260 3007 3336 discipulus,

1724 3350 2060 3427 theologiae
2091 3368 2157 3408 ac
2188 3350 2593 3426 philosophiae
2623 3350 3008 3423 arabicaeque

1724 3438 1967 3514 linguae
1998 3440 2245 3514 peritae,
2278 3444 2339 3496 et
2371 3438 2611 3514 scriptis
2637 3434 2774 3519 (43)
2806 3439 3011 3496 adver-

460 3504 494 3571 ¹)
524 3499 607 3553 Cf·
636 3499 672 3552 Z
692 3519 723 3554 ⁰
742 3503 811 3554 ¹³9
830 3520 866 3554 ¹¹
890 3502 970 3554 be
988 3520 1071 3572 rg
1100 3501 1305 3556 Notioe
1334 3503 1501 3583 ⁸.¹²¹.'.le
1523 3501 1667 3555 livre
1726 3546 1829 3585 sus
1875 3528 2134 3587 Judaeos
2209 3528 2726 3587 Mahummedanos
2799 3528 3009 3585 Nesto-

380 3571 449 3625 de
502 3570 765 3626 Barlaam
814 3576 872 3625 et
920 3573 949 3625 J
957 3573 1200 3642 osaphat
1245 3573 1449 3626 Parisii
1499 3577 1634 3628 1886
1656 3595 1667 3634 ;
2139 3575 2154 3602 ’
2732 3575 2746 3598 ’

379 3642 574 3696 Reme
602 3643 672 3695 de
715 3644 1008 3709 questions
1047 3644 1182 3697 hist*
1232 3649 1385 3700 1880.
1414 3644 1667 3708 xxvffl,
1723 3616 1925 3674 rianos
1958 3620 2019 3674 et
2048 3617 2368 3688 Jacobstas,
2405 3618 2749 3676 Severianos
2782 3620 2843 3674 et
2875 3616 3007 3675 Ori-

381 3717 681 3770 579-600,
732 3714 976 3768 Textum
1017 3732 1284 3785 graecum
1314 3715 1474 3769 dedit
1498 3716 1549 3768 J.
1577 3716 1666 3769 Fr.
1725 3705 1987 3782 genistas
2052 3707 2265 3766 clarus,
2346 3706 2650 3783 Distingui
2725 3706 2901 3763 debet
2933 3706 2947 3723 ‘
2975 3729 3009 3762 a

378 3784 726 3839 Boissonade
752 3785 815 3839 in
837 3787 1146 3868 Anecdotis
1166 3787 1403 3857 graecis,
1432 3787 1667 3840 Parisiis
1722 3794 1767 3852 Τ
1784 3795 1820 3851 h
1839 3813 1870 3854 θ
1887 3813 1920 3852 0
1938 3795 1976 3852 d
1998 3814 2031 3853 0
2048 3814 2078 3851 1·
2093 3814 2126 3853 0
2158 3795 2356 3852 Cariae
2389 3800 2450 3852 et
2468 3799 2674 3870 postea
2695 3794 3012 3853 Laodiceae

376 3857 938 3996 ffliggzssd-ssssa
955 3859 1029 3984 ἐς
1045 3859 1180 3982 2¹1?ss
1202 3861 1668 3984 acuistis.
1721 3884 2010 3953 ...Q
2046 3883 2149 3958 <1111
2183 3883 2440 3958 primum
2460 3883 2656 3942 photii
2687 3886 2883 3958 partes
2915 3886 3012 3941 est

376 3999 1333 4192 {gpffllggpamp·d{3).dc3}u{33131102
1350 4019 1419 4128 Ἡ.
1431 4005 1498 4125 SK*⁵
1511 4003 1666 4127 iidhlisi
1801 4075 1835 4142 ¹)
1863 4071 1945 4126 De
1961 4070 2384 4151 adoptianisnio
2402 4072 2639 4139 ejusque
2655 4070 3003 4134 auctorihm,

425 4144 640 4197 arlaam
689 4142 810 4195 und
851 4141 1121 4213 Joasaph.
1173 4143 1314 4197 Eine
1357 4144 1662 4214 bibliogra-
1718 4143 2075 4208 adversariis,
2097 4143 2464 4196 damnatione
2486 4145 2588 4196 etc.
2617 4143 2878 4195 accurate
2905 4157 3008 4209 pro

416 4211 584 4265 hisch
605 4243 623 4254 ·
644 4211 1361 4268 literaturoesohichtliohe
1445 4215 1663 4279 Studie‚
1718 4231 1870 4269 more
1888 4215 2118 4268 disserit
2145 4214 2195 4267 H
2211 4231 2239 4267 e
2259 4215 2285 4266 f
2295 4230 2324 4265 e
2341 4214 2360 4266 l
2377 4231 2405 4266 e
2428 4212 2909 4283 Conciliengesch.
2931 4212 3006 4264 [ΙΙ

376 4231 663 4336 Είῡηαὶιθη
686 4290 822 4340 1893
840 4306 851 4344 ;
878 4257 972 4338 Kor
989 4304 1026 4337 u
1043 4305 1098 4338 m
1118 4287 1202 4339 ba
1219 4303 1248 4339 c
1263 4287 1301 4339 h
1321 4303 1348 4339 e
1365 4303 1392 4338 r
1418 4292 1662 4356 13886-
1719 4295 1745 4353 ξ
1772 4293 1879 4341 390
1906 4304 1974 4339 ss.

375 4360 471 4410 891
488 4364 507 4391 ²
532 4374 543 4414 ;
570 4353 720 4406 Bau
738 4373 794 4408 m
811 4360 1080 4425 gartne
1098 4374 1126 4409 r
1152 4357 1247 4421 IV,
1278 4363 1577 4414 508-510.
1793 4361 1833 4428 2)
1863 4356 1944 4410 Cf.
1997 4358 2065 4410 de
2120 4357 2163 4408 B
2181 4373 2209 4409 e
2227 4373 2258 4408 a
2276 4359 2348 4408 to
2401 4357 2597 4427 (vulgo
2649 4357 2760 4408 San
2807 4353 3005 4425 Biego)

451 4429 493 4498 ²)
522 4425 606 4478 Of.
631 4425 702 4479 de
717 4429 947 4482 auctore
970 4431 1161 4482 nostro
1183 4430 1413 4498 praeter
1431 4429 1540 4482 scri
1585 4431 1663 4482 to-
1722 4427 1856 4481 Vita
1882 4431 1956 4482 ab
1970 4444 2256 4496 anonymo
2280 4426 2582 4482 recentiori
2603 4425 2926 4493 conscripta
2944 4424 3006 4477 in

373 4513 462 4551 res
498 4498 621 4566 jam
666 4496 873 4551 citatos
900 4499 1206 4553 Nirschl
1234 4509 1261 4566 ἓ
1288 4507 1393 4556 352
1419 4517 1489 4553 ss.
1555 4540 1567 4552 .
1594 4499 1662 4553 K.
1719 4499 2168 4554 Mabillonii
2211 4498 2370 4553 Actis
2411 4499 2502 4552 SS.
2549 4498 2683 4551 Ben.
2730 4502 2769 4550 t.
2809 4496 2859 4549 V
2889 4517 2944 4566 p.
2972 4503 3004 4550 2

375 4568 418 4620 L
436 4587 475 4622 u
491 4588 528 4639 p
545 4571 572 4621 t
588 4585 621 4622 o
641 4586 696 4631 n,
724 4568 806 4622 St.
821 4569 973 4623 John
991 4571 1057 4625 of
1066 4571 1394 4635 Damascus,
1424 4571 1663 4625 London
1719 4588 1852 4641 pag.
1893 4573 1998 4627 734
2026 4591 2095 4625 ss.
2129 4575 2186 4626 et
2227 4571 2282 4624 M
2299 4570 2319 4623 i
2337 4590 2374 4640 g
2393 4590 2430 4623 n
2447 4588 2476 4624 e
2511 4571 2552 4622 t.
2594 4570 2689 4622 cit.
2732 4589 2785 4640 p.
2825 4574 2996 4624 890-

377 4645 545 4700 1884;
597 4638 1150 4695 Bardenhewer
1185 4642 1299 4696 KL.
1326 4642 1421 4707 VI,
1453 4647 1661 4698 1641-
1718 4649 1855 4702 894;
1884 4643 2011 4696 Nic.
2040 4645 2087 4696 A
2107 4646 2235 4698 nto
2257 4641 2328 4695 ni
2349 4661 2426 4695 us
2454 4643 2516 4695 in
2547 4640 2685 4694 bibl.
2713 4641 2862 4709 hisp.
2892 4641 2991 4693 vet

378 4717 545 4772 1649:
573 4709 917 4838 Eilhrhard
945 4713 1100 4782 apud
1148 4713 1665 4768 Krumbacher
1720 4715 1760 4778 1.
1790 4721 1923 4772 433:
1969 4715 2067 4769 Fu
2089 4735 2119 4766 n
2141 4715 2179 4767 k
2204 4714 2318 4767 KL.
2353 4715 2415 4778 11,
2449 4717 2577 4772 1562
2619 4712 2880 4766 Hefele
2908 4711 2988 4764 111

372 4802 430 4853 p.
458 4788 592 4838 68—
645 4790 689 4837 1.
1720 4797 1745 4850 s
1775 4792 1894 4840 391.

594 4880 784 4939 Hui-ter,
813 4881 1141 4929 Nomenclator
1168 4883 1185 4928 1
1216 4885 1286 4929 ed.
1315 4883 1395 4931 111.
2618 4878 2683 4928 22
