3505 5161
417 231 539 286 789

411 401 685 471 nominis,
718 400 916 476 quide
937 420 1005 460 ea
1023 420 1143 460 non
1163 402 1485 478 scripserit,
1517 421 1687 478 prae-

412 490 616 550 sertim
660 495 975 566 postquam
1020 491 1283 550 Joannes
1316 491 1526 550 Scotus
1558 491 1688 549 Eri-

411 598 564 658 gena
594 580 743 639 satis
774 579 1095 639 infeliciter
1125 580 1217 639 illi
1250 599 1314 639 se
1353 580 1688 640 immiscue-

409 670 510 733 rit.
583 670 728 730 Post
775 669 939 728 varia
985 670 1234 730 concilia
1286 669 1504 741 habita,
1555 671 1693 746 post

409 759 569 817 edita
599 759 775 835 plura
793 758 1100 834 utrimque
1132 760 1351 835 scripta
1381 762 1689 834 utcunque

410 848 736 924 composita
765 848 881 906 fuit
925 849 1328 907 controversia
1371 849 1434 907 in
1480 867 1693 924 magna

410 939 635 1014 synodo
665 936 899 996 'rusiaci
930 956 985 1002 a.
1019 947 1143 1000 860
1179 938 1397 1008 habita,
1449 956 1604 1013 quae
1637 937 1686 995 si

409 1047 528 1088 non
548 1032 694 1091 orta.
728 1029 901 1085 aucta
931 1030 1025 1085 est
1056 1045 1125 1085 ex
1156 1026 1550 1104 ambiguitate
1569 1029 1689 1084 ter-

409 1117 725 1188 minorum,
775 1134 845 1174 ex
889 1115 1255 1177 obscuritate
1301 1115 1689 1192 quaestionis,

413 1226 479 1266 ex
500 1205 735 1265 defectu
751 1204 1127 1265 accuratioris
1143 1205 1512 1265 definitionis
1533 1207 1690 1280 ejus-

413 1296 564 1355 dem.
625 1295 893 1354 Decessit
905 1289 952 1375 ¹)
1004 1295 1449 1354 Gotteschalcus
1499 1293 1688 1352 inclu-

411 1403 530 1455 suS,
587 1384 733 1459 quin
782 1403 920 1443 suos
969 1384 1336 1443 revocaverit
1382 1382 1689 1459 opiniones

412 1476 508 1533 vel
527 1473 822 1532 Ecclesiae
843 1473 1020 1533 fuerit
1045 1473 1462 1533 reconciliatus
1493 1475 1692 1532 mente

412 1567 482 1623 ut
524 1563 718 1622 fertur
761 1562 1039 1621 turbatus
1084 1580 1130 1625 c.
1171 1583 1222 1626 a.
1256 1571 1380 1626 868
1415 1563 1511 1620 vel
1544 1571 1689 1624 869.

412 1653 572 1711 Num
606 1652 1052 1711 Gottescbalcus
1082 1670 1289 1710 revera
1334 1651 1516 1710 fuerit
1553 1651 1691 1710 hae-

410 1742 650 1807 reticus,
684 1742 1139 1799 controvertunt
1166 1739 1505 1817 gravissimi
1522 1739 1691 1798 theo-

412 1831 549 1908 logi,
584 1833 654 1889 ut
673 1829 1040 1899 Sirmondus,
1057 1829 1354 1899 Patavina,
1375 1829 1459 1888 du
1477 1829 1693 1886 Mesnil

413 1921 478 1980 in
518 1920 774 1996 Synopsi
819 1919 1097 1977 historiae
1142 1918 1690 1987 Gotteschalcana03

411 2011 635 2086 negant
664 2026 804 2067 vero
836 2009 1191 2075 Contenson,
1239 2009 1343 2083 qui
1389 2025 1522 2066 eum
1573 2008 1691 2065 fere

1341 216 1374 269 J
1380 230 1594 273 oannes,
1617 213 1818 271 Scotus
1845 212 2108 283 Erigena‚
2191 262 2194 270 ,

2900 234 3025 287 790

1745 420 1865 475 qua
1896 402 2069 460 stetit
2113 406 2175 462 et
2217 403 2682 463 Batramnus
2728 404 2795 463 in
2839 405 2878 464 l.
2925 405 3027 464 de-

1746 491 1997 566 perdito.
2067 493 2198 552 Etsi
2247 512 2386 553 vero
2436 512 2505 551 ea
2555 493 2638 551 sit
2684 494 3024 564 orthodoxa,

1746 597 1927 640 sensu
1957 584 2159 641 tamen
2187 600 2309 641 non
2341 601 2483 643 sano
2516 581 2786 658 intellegi
2809 586 3025 658 potest,

1745 672 1808 729 et
1837 671 1995 729 hunc
2025 672 2443 731 Hinomaru
2461 691 2488 730 s
2521 671 2659 731 stilo
2679 671 3030 749 aggreditur

1745 761 2080 819 vehementi
2131 761 2198 820 in
2247 761 2605 821 Collectione
2654 779 2724 819 ex
2775 780 2820 822 s.
2871 761 3024 821 Scri-

1745 850 1903 907 turis
1935 853 1996 909 et
2027 849 2487 909 orthodoxorum
2518 850 2694 909 dictis
2725 850 2794 908 de
2823 869 2944 909 una
2975 858 3034 913 et„

1747 958 1862 998 non
1893 940 2054 999 ἐνίκα
2084 941 2293 999 deitate
2324 936 2602 1021 (Migne
2636 939 2850 1007 CXXV,
2875 950 2952 1003 47
2965 951 3027 1004 3-

1750 1025 1935 1109 618):
1983 1048 2099 1088 non
2148 1048 2285 1088 vero
2331 1030 2479 1088 satis
2510 1029 2740 1106 probat,
2789 1028 3028 1088 Gottes-

1745 1118 2013 1177 chalcum
2045 1136 2225 1177 sensu
2244 1137 2448 1178 revera
2475 1138 2596 1179 non
2626 1118 2929 1194 probando
2961 1139 3031 1178 ea

1746 1226 1873 1268 esse
1903 1226 2099 1268 usum.

1840 1396 1986 1449 431.
2018 1386 2189 1444 Alter
2219 1385 2489 1461 scriptor,
2537 1385 2641 1461 qui
2687 1389 3027 1446 controver-

1746 1476 1852 1535 siis
1883 1475 2243 1534 occasionem
2275 1474 2569 1549 praebuit.
2602 1475 2734 1542 suit,
2775 1480 2848 1533 ut
2877 1475 3028 1535 dixi-

1745 1583 1900 1633 mus,
1933 1564 1972 1624 J
1989 1581 2276 1622 oannes
2309 1564 2519 1622 Scotus
2537 1558 2602 1645 ¹),
2634 1563 2773 1622 hinc
2802 1566 2864 1622 et
2892 1564 3030 1623 Sco-

1746 1653 1952 1729 tigena
1983 1652 2197 1721 dictus,
2241 1656 2630 1730 cognomento
2662 1653 3038 1729 Erigena,

1745 1742 1908 1819 quod
1939 1760 2155 1801 nomen
2186 1745 2383 1801 tamen
2416 1760 2530 1803 sec.
2564 1741 2799 1801 demum
2821 1742 2943 1802 XV.
2973 1743 3030 1807 ei

1745 1832 2046 1891 tributum
2090 1830 2223 1900 fuit,
2276 1848 2385 1889 seu
2413 1831 2718 1908 Eriugena
2748 1827 3025 1910 (Jeruge-

1745 1919 1847 2002 na)
1888 1920 2015 1983 scil.
2051 1919 2343 1979 oriundus
2373 1939 2442 1979 ex
2475 1920 2676 1979 insula
2692 1923 3026 1981 sanctorum

1747 2030 1853 2071 seu
1884 2011 2030 2070 Eriu
2072 2010 2169 2068 vel
2212 2009 2357 2068 Erin
2386 2008 2425 2072 i.
2457 2028 2507 2072 e.
2540 2009 2837 2073 Hibernia.
2900 2010 3027 2069 Hu-

414 2098 633 2157 sanctis
665 2102 935 2156 accenset
980 2096 1361 2172 martyribus,
1409 2099 1470 2155 et
1514 2095 1691 2154 Nori·
1743 2102 1845 2176 jus
1880 2099 1993 2159 viri
2024 2098 2148 2157 fata
2178 2099 2328 2157 satis
2360 2099 2588 2158 incerta
2627 2101 2788 2169 sunt,
2833 2118 3029 2175 neque

411 2187 535 2246 sius
565 2186 629 2245 in
663 2186 906 2262 synopsi
941 2185 1224 2244 historiae
1258 2185 1690 2244 Gotteschalca-

411 2295 538 2346 nae,
572 2294 750 2351 quam
782 2279 1099 2350 utramque
1118 2275 1441 2350 synopsim,
1474 2276 1548 2333 ut
1576 2273 1692 2333 lec-

411 2369 508 2425 tor
537 2364 667 2441 ipse
689 2365 959 2439 judicare
997 2363 1207 2440 possit,
1254 2364 1494 2422 exhibet
1525 2362 1692 2421 Zie-

413 2454 795 2531 gelbauer
836 2453 992 2511 Hist.
1038 2452 1126 2511 rei
1172 2453 1326 2512 liter.
1359 2453 1427 2512 Ο.
1462 2453 1517 2514 S.
1549 2454 1693 2511 Ben.

417 2563 470 2620 p.
503 2542 590 2602 111
622 2561 671 2606 c.
706 2552 739 2605 2
775 2563 906 2619 app.
936 2550 1385 2618 p.1o4-126,
1420 2541 1525 2618 qui
1556 2560 1693 2601 con-

414 2633 603 2692 cludit
637 2632 939 2692 moderato
971 2631 1421 2691 Mabillonii
1444 2632 1693 2708 judicic,

415 2721 889 2781 Gotteschalcum
940 2722 1117 2796 paulo
1157 2721 1573 2797 jactantiorem
1634 2724 1697 2778 et

413 2811 780 2870 audaciorem
795 2811 972 2870 fuisse
989 2815 1168 2885 atque
1181 2810 1494 2870 inutilium
1514 2828 1692 2883 quae-

414 2900 677 2959 stionum
709 2904 1075 2971 sectatorem,
1129 2899 1278 2974 ,qui
1328 2900 1379 2957 si
1432 2899 1694 2958 animum

413 2989 710 3064 tantisper
758 2988 1172 3058 continuisset,
1221 2989 1438 3047 melius
1488 2989 1692 3056 famae,

413 3078 627 3137 melius
678 3077 862 3137 saluti
915 3096 1056 3136 suae
1104 3077 1557 3139 consuluisset.‘
1610 3109 1694 3119 —

416 3167 607 3226 Alteri
637 3167 1071 3226 controversiae
1116 3167 1480 3225 occasionem
1529 3184 1690 3241 prae-

412 3255 577 3314 buit:
630 3256 1034 3332 propugnavit
1079 3257 1253 3326 enim,
1310 3254 1693 3314 orthodoxam

415 3362 544 3404 esse
592 3344 921 3415 formulam,
968 3363 1088 3419 qua
1129 3345 1195 3402 in
1241 3345 1463 3420 hymno
1508 3344 1692 3402 eccle-

415 3433 656 3492 siastico
703 3433 892 3493 deitas
939 3434 1239 3492 salutatur
1287 3433 1532 3502 trina,
1586 3450 1693 3507 pro

493 3642 528 3710 ¹)
556 3638 637 3694 cf.
667 3638 854 3694 Cello
868 3641 894 3692 t
913 3637 1003 3692 SJ.
1023 3637 1273 3692 Historia
1290 3637 1694 3703 Gotteschalci,

416 3710 646 3764 Parisiis
668 3718 820 3770 16552
840 3710 972 3763 Hes
976 3726 1005 3762 e
1020 3712 1079 3765 le
1097 3710 1393 3764 Concilien
1435 3710 1585 3764 esch.
1603 3710 1694 3773 tv,

413 3789 518 3839 310
548 3783 604 3837 ff.
626 3803 637 3840 ;
690 3788 791 3838 186
824 3782 901 3843 ff.;
935 3789 1038 3838 2²05
1074 3782 1147 3838 fit:
1198 3781 1379 3834 Bach
1468 3798 1694 3851 ogmen·

452 3854 599 3908 esch.
618 3853 716 3906 des
733 3851 1039 3916 Mittelalt„
1056 3852 1228 3907 Wien
1254 3855 1404 3910 1873.
1423 3853 1463 3916 Ι,
1484 3860 1586 3909 219
1603 3852 1661 3906 ff.
1682 3874 1693 3913 ;

469 3923 557 3978 ist.
586 3925 672 3981 lit.
715 3924 781 3988 V,
823 3931 1057 3981 352-364
1077 3945 1088 3983 ;
1129 3925 1163 3978 S
1182 3941 1211 3977 c
1225 3925 1264 3977 h
1281 3941 1310 3976 r
1325 3940 1356 3978 o
1373 3940 1403 3977 e
1418 3942 1447 3977 r
1462 3942 1486 3976 s
1514 3923 1694 3976 Hink-

1748 2190 1907 2249 enim
1940 2189 2151 2264 liquet,
2199 2188 2436 2264 quando
2479 2191 2541 2247 et
2571 2188 2677 2248 ubi
2710 2187 2792 2249 sit
2820 2190 3028 2248 natus:

1749 2282 1982 2338 constat
2010 2279 2246 2336 tantum
2281 2296 2415 2336 eum
2447 2276 2693 2336 ineunte
2713 2278 2913 2336 seculo
2933 2278 3030 2337 IX.

1751 2374 1881 2426 esse
1912 2370 2140 2437 natum,
2173 2366 2236 2424 in
2258 2365 2476 2442 Anglia
2506 2366 2784 2441 primum,
2818 2365 3030 2425 deinde

1749 2457 1815 2515 in
1847 2456 2043 2515 Gallia
2073 2454 2302 2532 ingenii
2321 2454 2660 2513 subtilitate
2680 2455 3032 2515 inclaruisse

1752 2541 1827 2628 (c.
1852 2545 2023 2622 845),
2057 2562 2256 2603 carum
2286 2544 2473 2604 fuisse
2505 2547 2568 2603 et
2598 2544 2916 2604 admodum
2946 2546 3030 2604 fa·-

1750 2636 2043 2695 miliarem
2074 2634 2278 2693 Carolo
2319 2633 2495 2692 Calvo
2542 2635 2619 2692 ob
2666 2634 3028 2711 singularem

1751 2724 2147 2784 eruditionem
2193 2725 2254 2780 et
2298 2721 2608 2798 ingenium
2645 2723 2897 2781 facetum
2931 2721 3029 2802 (ad

1751 2834 1801 2871 a.
1849 2813 2085 2871 circiter
2133 2807 2305 2890 873).
2369 2811 2638 2870 Scholam
2687 2811 3027 2886 palatinam,

1750 2922 1929 2978 quam
1979 2900 2239 2977 regebat,
2282 2898 2354 2957 ad
2404 2919 2686 2976 magnum
2735 2899 3033 2974 promovit

1752 2991 2141 3066 splendorem,
2174 2988 2559 3064 nominisque
2591 2990 2720 3064 ejus
2751 2989 2904 3046 fama
2935 2989 3030 3047 vel

1751 3082 1815 3138 in
1859 3082 2114 3137 remotas
2157 3078 2496 3151 penetravit
2527 3079 2813 3154 regiones.
2876 3078 3030 3136 Neo-

1754 3168 2180 3244 platonismum
2239 3166 2304 3224 in
2360 3166 2736 3225 Occidentem
2798 3166 3033 3225 induxit

1750 3262 1931 3334 atque
1993 3275 2025 3314 e
2098 3254 2401 3314 cineribus
2464 3256 2636 3330 quasi
2697 3255 3031 3314 suscitavit.

1750 3345 2098 3423 cognitione
2131 3344 2371 3420 linguae
2416 3362 2674 3421 graecae,
2721 3364 2898 3419 quam
2944 3347 3032 3402 ta-

1750 3455 1885 3494 men
1933 3435 2150 3493 leviter
2193 3437 2430 3492 tantum
2477 3433 2704 3502 calluit,
2755 3434 3031 3508 aequales

1749 3523 2104 3600 praecelluit
2135 3541 2424 3598 suamque
2471 3541 2606 3581 cum
2639 3522 2831 3581 literis
2864 3541 3032 3599 grae-

1752 3613 1835 3672 cis
1857 3612 2320 3672 familiaritatem
2353 3612 2416 3671 in
2437 3612 2560 3671 suis
2582 3611 2818 3687 scriptis
2839 3612 3031 3670 liben-

1748 3707 1841 3762 ter
1872 3720 2011 3777 prae
2042 3719 2106 3760 se
2139 3702 2254 3760 sert
2284 3704 2347 3760 et
2378 3701 2551 3777 quasi
2581 3721 2616 3760 a
2639 3700 2873 3759 Graecis
2905 3719 3032 3759 om-

1750 3792 1848 3850 nis
1880 3791 2120 3851 omnino
2153 3790 2446 3866 sapientia
2482 3789 2738 3867 petenda
2783 3789 2879 3858 sit,
2929 3790 3031 3848 ho-

1749 3900 1885 3939 rum
1946 3879 2185 3938 laudem
2244 3879 2468 3955 ubique
2517 3879 2845 3954 praeconiis
2909 3898 3032 3936 am-

412 4013 535 4049 mar
584 3995 921 4051 Erzbischof
978 4011 1089 4049 von
1142 3995 1349 4058 Reims,
1414 3995 1695 4065 Freiburg
1750 3969 2035 4046 PliSSimiS
2069 3969 2399 4043 praedicat:
2441 3968 2560 4026 imo
2592 3968 2736 4068 sapis
2768 3986 3032 4068 90101)θῖ-

417 4075 555 4123 1884
626 4086 682 4138 p.
762 4073 834 4123 88
920 4085 989 4120 es.
1074 4066 1186 4123 KL.
1254 4067 1322 4131 V,
1382 4073 1693 4126 942—950;
1748 4062 1881 4118 tum
1902 4060 2010 4126 est,
2032 4076 2169 4116 eum
2191 4058 2243 4115 si
2263 4075 2384 4115 non
2403 4075 2629 4131 reapse,
2647 4056 3036 4116 inclinatione

414 4138 456 4191 F
468 4156 495 4191 ¹·
512 4155 593 4206 05
611 4156 635 4192 ⁸
652 4141 721 4192 ὓθ
738 4139 774 4192 d
792 4141 818 4193 ὓ
880 4137 1155 4200 zeitschr.
1219 4138 1311 4191 fflr
1372 4137 1491 4191 KG·
1557 4140 1695 4195 1897
1748 4151 1951 4206 tamen
1984 4146 2203 4205 mentis
2235 4166 2268 4202 a
2286 4145 2482 4204 Photii
2503 4145 2776 4220 partibus
2798 4145 3033 4204 stetisse

412 4209 651 4264 XXVHI
716 4215 918 4265 ¹”22‘
998 4216 1304 4291 ¹6¹-¹3.2³
1380 4215 1693 4291 529—5'244z
1751 4238 1814 4295 et
1861 4236 1927 4294 in
1978 4254 2086 4294 suo
2137 4234 2172 4292 l.
2223 4234 2292 4292 de
2339 4235 2614 4293 divisione
2663 4241 2910 4292 naturae
2960 4234 3032 4293 de

415 4278 461 4333 G
477 4295 511 4332 a
524 4299 561 4334 ιι
578 4280 612 4334 d
630 4297 663 4336 a
675 4281 750 4333 rd
763 4281 1121 4334 Gotteschalc
1139 4296 1329 4334 moine
1345 4280 1604 4334 d'Orbais
1620 4297 1693 4334 ou

413 4351 466 4405 le
493 4355 975 4406 commencement
1018 4352 1086 4405 de
1131 4352 1188 4405 la
1215 4354 1571 4405 controverse
1599 4369 1696 4404 sur

413 4424 467 4476 la
512 4423 968 4491 predestination
1011 4440 1085 4475 au
1134 4424 1232 4476 Ixe
1278 4423 1462 4487 siecle,
1513 4423 1694 4476 These

414 4493 493 4547 St.
521 4493 771 4559 Quentin
821 4500 973 4551 1889.
1023 4494 1103 4547 De
1142 4493 1267 4564 ipsa
1307 4494 1695 4548 controversia
1750 4513 1880 4552 cum
1905 4495 1937 4548 J
1957 4511 2092 4549 oan
2114 4513 2144 4545 n
2163 4510 2192 4547 e
2218 4495 2548 4565 presbytero
2575 4493 2854 4546 monacho
2882 4496 2940 4546 et
2964 4509 3031 4547 ex

414 4565 484 4616 cf.
515 4565 818 4619 Werner
858 4565 1059 4620 Gesch.
1099 4566 1199 4620 der
1237 4566 1387 4636 apol.
1430 4566 1550 4619 und
1580 4565 1693 4637 pol.
1751 4567 2000 4623 Saxonis.
2064 4565 2307 4621 oriundo
2371 4563 2774 4647 Aethelingiae
2825 4566 3031 4618 abbate

414 4634 523 4690 Lit.
551 4636 620 4700 ΙΙ,
649 4643 753 4692 670
778 4671 802 4676 -
828 4642 963 4696 693;
1000 4637 1210 4692 Alcuin
1250 4657 1306 4707 p.
1354 4644 1451 4693 186
1478 4655 1579 4697 ss.:
1624 4637 1694 4690 de
1749 4655 1801 4693 a.
1816 4646 1922 4695 895
1936 4638 2240 4694 trucidatO.
2263 4636 2344 4692 Cf.
2363 4635 2662 4691 Fabrici
2683 4654 2719 4689 ιι
2737 4653 2762 4688 s
2781 4635 2916 4689 bibl.
2932 4636 3031 4689 lat.

413 4706 537 4831 3111?
556 4707 921 4832 pzssffzifibus
960 4725 1075 4762 non
1121 4708 1242 4762 sine
1270 4709 1438 4764 laude
1467 4707 1697 4763 disserit
1749 4711 1898 4767 med.
1924 4713 2034 4765 aet.
2063 4710 2132 4774 11,
2157 4716 2280 4772 419.
2309 4711 2367 4762 et
2391 4711 2652 4764 auctores
2677 4707 2831 4762 infra
2855 4707 3032 4763 citan-

529 4795 558 4831 e
574 4797 603 4832 r
771 4819 783 4831 .
812 4788 843 4835 5
870 4796 918 4833 c.
943 4787 994 4836 3.
1751 4782 1869 4836 dos.

1831 4429 1866 4494 1)
1895 4425 2026 4478 Νοιι
2072 4424 2297 4487 desunt,
2342 4422 2445 4489 qui
2489 4437 2620 4475 eum
2672 4421 3035 4475 confundant
