3505 5161
219 4813 222 4814 ⁷
235 4815 314 4870 Ἦ.

477 200 556 254 43
575 202 595 253 l
1380 186 1681 235 431—500.
1708 178 2037 232 Eucharius
2053 177 2212 247 lugd.
2963 195 3087 251 432

567 372 712 431 243.
743 367 815 425 In
835 367 1022 426 Gallia
1049 367 1285 426 iUustre
1317 366 1431 425 fuit
1461 385 1676 426 nomen
1709 385 1755 427 s.
1811 364 1974 424 dulci
2006 382 2272 425 sermone
2319 364 2600 426 dictatus.
2630 396 2717 407 —
2751 363 3093 424 Instructio·

474 456 874 516 Eucharii:
913 456 1302 532 ,Magnorum
1336 454 1628 530 siquidem
1661 455 1756 515 sui
1812 472 1953 512 veum
1983 454 2039 513 ll.
2073 452 2152 511 II
2178 452 2253 511 ad
2285 453 2589 513 Salonium
2620 452 2812 511 filium
2844 450 2906 534 (7
2922 465 2952 515 ῗ
2964 464 3093 517 3-

476 547 661 605 seculi
676 546 1024 622 pontificum
1038 539 1210 627 (fuit)
1228 544 1402 622 longe
1415 544 1711 603 maximus
1725 552 1752 582 ‘
1815 551 1892 607 82
1904 539 1986 623 7),
2003 541 2069 602 ἰιι
2087 542 2311 617 quibus
2330 541 2713 618 quaestiones
2734 541 3094 602 difficiliores

477 638 790 703 ,maturus
823 636 1023 703 animi,
1045 642 1237 693 terrae
1270 633 1571 709 dispuens,
1605 634 1755 692 coeli
1810 652 1881 692 ex
1912 632 1975 690 ll.
2007 634 2130 690 tam
2150 632 2219 694 V.
2251 650 2432 706 quam
2462 631 2535 689 N.
2566 631 2630 693 T.
2664 631 2922 690 breviter
2950 650 3090 691 eno-

474 728 774 800 appetens,
807 723 1053 783 humilis
1086 723 1325 798 spiritu,
1376 724 1599 782 arduus
1633 741 1755 782 me·
1813 721 1916 780 dat
1945 724 2126 796 atque
2158 720 2403 780 nomina
2432 720 2705 779 hebraica
2735 720 3092 795 interpreta-

474 812 609 884 rito,
656 832 723 872 ac
767 812 1012 889 perinde
1042 811 1269 888 ingenii
1303 811 1752 882 subtilissimus,
1811 814 1928 869 tur.
1964 841 2044 853 --
2081 808 2259 871 Liber
2302 810 2720 868 For-mularum
2762 811 3097 885 spiritualis

475 901 757 961 scientiae
788 904 1020 977 plenus,
1067 900 1292 977 eloquii
1323 903 1591 977 profluus
1605 909 1654 972 ¹,
1686 904 1759 960 ut
1811 901 2213 975 intelliqentiae
2230 898 2302 957 ad
2321 897 2617 958 Veranum
2633 898 2886 957 altemm
2902 899 3093 957 filium

475 991 686 1049 scribit
714 991 997 1051 Claudius
1029 991 1449 1050 Mamertus
1487 990 1561 1048 de
1594 992 1757 1049 statu
1814 1007 1988 1048 suum
2041 982 2469 1069 (727—773),
2515 988 2581 1045 in
2626 1006 2746 1062 quo
2792 987 3095 1049 variorum

473 1080 704 1139 animae
735 1080 773 1139 l.
811 1090 845 1143 2
881 1098 926 1138 c.
964 1089 999 1142 9
1034 1098 1093 1137 ιι.
1130 1088 1185 1142 3.
1251 1079 1456 1138 Nobili
1501 1098 1573 1138 ex
1619 1098 1752 1154 pro·
1811 1077 2140 1146 nominum,
2188 1076 2583 1136 terminorum
2614 1080 2677 1135 et
2707 1095 3093 1136 numerorum

476 1169 641 1245 sapia
671 1170 839 1228 ortus
857 1168 1082 1228 mundo
1101 1167 1389 1227 valedixit
1406 1186 1587 1227 uxore
1620 1185 1757 1227 con·
1811 1166 2161 1244 allegoricae
2222 1164 2547 1226 traduntur
2610 1166 3095 1242 significationes,

476 1257 770 1317 sentiente
804 1276 985 1334 seque
1016 1257 1248 1316 abdidit
1278 1257 1342 1315 in
1374 1256 1757 1316 celeberrimo
1814 1256 2010 1330 Hujus
2042 1274 2135 1330 op.
2159 1256 2334 1331 juxta
2364 1256 2517 1315 card.
2551 1254 2771 1313 Pitra
2799 1249 2846 1336 ¹)
2877 1254 3095 1330 triplex

473 1347 833 1406 monasterio
879 1346 1160 1405 lerinensi
1193 1341 1395 1428 (422),
1440 1349 1503 1404 et
1545 1345 1760 1405 altiora
1811 1346 2115 1420 praeterea
2175 1344 2432 1403 occurrit
2492 1343 2680 1402 forma
2741 1345 2834 1403 vel
2894 1344 3096 1406 editio,

474 1440 761 1512 appetens
794 1436 1121 1494 solitariam
1152 1435 1338 1494 vitam
1369 1436 1495 1512 egit
1523 1435 1585 1493 in
1617 1453 1755 1512 pro·
1812 1433 2012 1493 Prima
2042 1432 2395 1492 inscribitur
2432 1433 2672 1492 Glossae
2711 1432 2836 1492 sive
2868 1433 3094 1493 formu-

474 1525 699 1600 pinqua
729 1524 927 1584 insula
955 1524 1202 1586 Lerone.
1265 1523 1568 1583 Summam
1598 1523 1757 1584 vitae
1812 1523 1903 1581 lae
1932 1522 2209 1593 minores,
2248 1541 2500 1598 quarum
2533 1522 2777 1599 collegit
2809 1532 2934 1585 390
2970 1522 3094 1581 edi-

474 1613 809 1672 eremiticae
844 1612 1265 1689 perfectionem
1284 1613 1562 1672 assectari
1596 1612 1758 1689 cogi·
1813 1611 2023 1685 ditque
2086 1628 2221 1669 cum
2285 1610 2707 1686 inscriptione:
2785 1610 3097 1686 Incipiunt

474 1703 627 1761 tavit
670 1702 921 1778 ideoque
966 1704 1274 1778 penetrare
1307 1702 1466 1778 ipsas
1499 1702 1758 1778 Aegypti
1808 1702 2030 1778 ylossae
2057 1701 2395 1774 spirituales
2421 1701 2599 1775 juxta
2629 1700 2677 1758 E
2693 1718 2734 1757 ιι
2749 1717 2780 1757 c
2795 1700 2834 1756 h
2849 1719 2881 1758 e
2896 1701 3093 1759 rium

475 1791 859 1851 solitudines:
924 1791 1023 1850 cui
1073 1790 1367 1849 desiderio
1423 1795 1495 1850 ut
1546 1790 1760 1849 saltem
1813 1790 1877 1849 in
1911 1789 2110 1865 Spicil.
2144 1790 2388 1848 Solesm.
2414 1788 2518 1858 111,
2556 1798 2926 1851 400-406,
2974 1789 3093 1847 Ha-

475 1880 678 1956 aliqua
708 1881 854 1938 satis
885 1880 1107 1938 faceret
1125 1879 1373 1950 ratione,
1408 1879 1755 1940 Cassianum
1813 1897 1945 1937 rum
1966 1877 2362 1937 formularum
2388 1895 2435 1939 s.
2455 1877 2784 1937 Eucherius
2805 1875 2956 1937 forte
2976 1897 3096 1936 non

472 1968 719 2045 impulit
732 1969 804 2027 ad
821 1968 1163 2028 scribendas
1181 1986 1319 2027 suas
1334 1968 1676 2028 collationes
1691 1965 1758 2050 ¹).
1813 1971 1902 2027 est
1933 1970 2156 2037 auctor,
2192 1966 2299 2026 sed
2318 1966 2475 2025 alius
2493 1984 2593 2025 eas
2614 1985 2683 2025 ex
2706 1966 2898 2042 ipsius
2921 1985 3095 2042 opere

474 2057 715 2117 Electus
747 2063 839 2117 est
870 2077 918 2117 c.
940 2066 1066 2120 434
1089 2058 1514 2133 inepiscopum
1534 2057 1757 2134 lugdu·
1812 2055 2174 2132 compilavit.
2238 2056 2405 2115 Aliae
2451 2059 2597 2115 sunt
2628 2055 2940 2114 Formulae
2969 2074 3093 2114 ma-

475 2164 719 2206 nensem
750 2165 997 2222 eamque
1028 2146 1333 2205 ecclesiam
1373 2149 1575 2205 sancte
1606 2146 1759 2213 rexit
1798 2146 1962 2221 joras
2006 2145 2080 2203 ab
2127 2144 2248 2203 illis
2277 2162 2398 2203 non
2430 2163 2643 2220 parum
2675 2144 2958 2214 diversae,
3006 2145 3095 2207 ed.

474 2235 550 2293 ad
594 2240 844 2313 mortem
890 2254 1084 2311 usque
1126 2255 1176 2294 a.
1222 2235 1454 2294 circiter
1487 2244 1612 2298 450
1663 2235 1758 2293 vel
1815 2234 2079 2293 Basileae
2133 2243 2298 2296 1530
2351 2235 2414 2292 et
2461 2233 2526 2291 in
2574 2233 2850 2296 biblioth.
2897 2233 3094 2291 floria-

477 2334 845 2388 449—455.
892 2324 1049 2383 Haec
1078 2324 1341 2400 eiusdem
1375 2318 1755 2406 opuscula²):
1813 2323 1972 2382 censi
2016 2343 2066 2382 a.
2115 2333 2278 2386 1605
2305 2344 2320 2392 ;
2370 2322 2515 2382 satis
2564 2322 2798 2381 diversa
2846 2340 2985 2381 vero
3036 2325 3097 2381 et

473 2412 745 2489 Epistola
803 2413 1175 2489 paraenetica
1234 2413 1310 2471 ad
1371 2412 1752 2472 Valerianum
1813 2411 2004 2471 multo
2051 2412 2253 2471 minus
2299 2411 2505 2470 critica
2549 2414 2644 2469 est
2689 2410 2781 2469 ed.
2827 2411 3096 2470 Basileae

473 2502 875 2578 propinquum
897 2519 1075 2561 suum
1106 2502 1176 2560 de
1205 2508 1522 2577 contemptu
1552 2502 1757 2560 mundi
1821 2511 1975 2565 1531
2009 2509 2043 2559 a
2060 2500 2349 2560 Frobenio
2367 2500 2535 2570 facta,
2569 2518 2777 2558 recusa
2795 2500 2856 2557 in
2876 2499 3097 2559 biblio-

473 2598 525 2648 ει
553 2593 834 2652 secularis
854 2592 1258 2667 philosophiae
1290 2586 1366 2672 (c.
1390 2600 1470 2654 42
1482 2587 1545 2673 7)
1580 2592 1752 2651 scho-
1810 2592 1998 2650 thecis
2031 2593 2286 2666 patrum,
2337 2590 2518 2648 etiam
2557 2589 2620 2670 in
2651 2589 2907 2666 Migne
2939 2591 3002 2650 P.
3035 2590 3096 2649 L.

407 2743 410 2747 ,
474 2680 679 2739 lastico
731 2685 792 2739 et
839 2681 1182 2740 rationabili
1213 2698 1500 2751 sermone,
1551 2680 1755 2755 inquit
1813 2684 1959 2739 sunt
1980 2679 2195 2739 editae.
2242 2679 2441 2737 Tertia
2459 2678 2715 2754 denique
2750 2679 2939 2738 veluti
2969 2678 3096 2736 edi-

475 2769 922 2829 Gennadius
967 2788 1015 2831 c.
1065 2779 1165 2832 63.
1229 2769 1314 2827 Ea
1356 2769 1525 2829 deest
1567 2769 1632 2827 in
1664 2768 1755 2831 ed.
1811 2769 1912 2840 tic,
1965 2786 2117 2844 quae
2148 2788 2183 2826 a
2213 2768 2410 2827 tribus
2445 2767 2662 2826 seculis
2694 2769 2825 2843 ejus
2857 2766 3098 2826 nomine

474 2859 542 2916 W
560 2878 592 2916 o
610 2863 637 2917 t
657 2860 696 2917 k
711 2878 744 2918 e
790 2859 907 2936 (Mi
921 2878 1016 2936 gn
1034 2878 1064 2917 e
1109 2859 1173 2928 L,
1230 2867 1301 2920 71
1325 2857 1622 2935 1—727).
1668 2891 1757 2902 —
1811 2857 2178 2926 inscribitur,
2200 2857 2498 2927 laudatur,
2520 2856 2832 2932 expilatur,
2866 2855 3098 2915 varium

474 2947 563 3005 De
608 2949 780 3006 laude
824 2948 996 3006 eremi
1042 2942 1149 3030 (ib.
1186 2942 1561 3027 701—711)
1601 2947 1672 3005 ad
1707 2964 1754 3005 s.
1811 2947 2075 3020 profecto
2126 2950 2187 3004 et
2235 2945 2489 3004 dubium
2541 2964 2708 3021 opus,
2770 2945 3100 3020 plurimum

474 3036 772 3095 Hilarium
820 3036 971 3095 liber
1015 3035 1550 3106 luculentissimus,
1601 3038 1756 3094 teste
1807 3036 2229 3112 interpolatum
2252 3033 3099 3111 exerogoriou,1sidoro,

471 3143 515 3188 S.
551 3124 855 3184 Isidoro
886 3125 1034 3202 hisp.
1069 3125 1140 3183 de
1173 3125 1316 3184 viris
1349 3125 1434 3184 ill.
1467 3142 1517 3186 c.
1553 3133 1652 3196 28,
1694 3127 1758 3183 et
1812 3125 2029 3185 Beda.
2096 3124 2347 3182 'sextum
2392 3123 2747 3200 originalem
2779 3122 2945 3181 dedit
2974 3122 3100 3180 Pi-

1811 3218 1938 3273 tra
1969 3214 2033 3272 in
2065 3212 2367 3272 Analectis
2402 3212 2579 3271 sacris
2607 3220 2795 3276 1884.
2827 3211 2903 3281 ΙΙ,
2942 3221 3099 3273 511-

553 3317 587 3384 ¹)
617 3312 872 3367 Cassiani
918 3313 1131 3383 scripta
1176 3315 1318 3366 teste
1364 3311 1410 3365 G
1427 3328 1457 3365 e
1473 3330 1512 3364 n
1528 3330 1566 3364 n
1582 3328 1617 3365 a
1632 3310 1706 3364 di
1725 3327 1756 3365 ο
1816 3314 1940 3367 569
1993 3304 2054 3361 et
2102 3302 2194 3364 Fr.
2240 3302 2287 3358 P
2301 3320 2391 3360 au
2406 3301 2426 3359 l
2442 3320 2483 3377 y
2532 3301 2641 3359 hac
2688 3299 3099 3377 inscriptione:

471 3402 519 3438 c.
538 3391 606 3440 63
623 3385 683 3438 in
701 3385 1104 3454 compendium
1121 3383 1361 3454 redegit.
1383 3383 1490 3438 Sed
1508 3383 1757 3452 epitome
1815 3392 1870 3451 S,
1892 3390 2171 3450 Eucherii
2200 3390 2363 3467 lugd.
2385 3408 2475 3465 ep.
2499 3390 2547 3455 ,1.
2579 3391 2649 3448 de
2662 3390 2948 3469 formulis
2977 3391 3101 3462 spi.

474 3471 714 3524 operum
739 3455 996 3536 Cassiani
1015 3455 1088 3536 ad
1117 3455 1407 3509 Castorem
1429 3456 1759 3525 Aptensem‚
1814 3481 2052 3538 rimans
2094 3480 2515 3556 imuiymtiae·
2598 3477 2691 3536 Ad
2737 3478 3101 3554 optimorum

477 3542 624 3593 quae
665 3529 852 3580 exstat
891 3545 947 3578 in
991 3526 1239 3593 Migne
1281 3525 1339 3581 P.
1368 3527 1428 3579 L.
1457 3526 1517 3586 L,
1562 3529 1761 3582 867-94

474 3613 591 3650 non
617 3600 705 3650 est
729 3596 1016 3651 Eucherii.
1067 3591 1151 3651 Cf.
1191 3613 1448 3667 sagacem
1494 3596 1628 3650 diss.
1670 3595 1760 3649 Fr.
1814 3569 1980 3630 ⁰0dd·
2029 3568 2204 3668 {idem
2255 3570 2598 3668 Pflffelfftfflss
2646 3566 3102 3668 inssfil'pffisstifflffl

476 3667 523 3720 D
540 3669 563 3721 i
579 3685 608 3721 e
624 3668 664 3721 k
680 3685 714 3721 a
731 3687 785 3721 m
803 3688 839 3739 p
880 3671 934 3725 S.
961 3673 1221 3723 Eucherii
1241 3672 1386 3733 laad.
1412 3687 1490 3737 ep.
1518 3671 1763 3736 Epitome
1815 3658 2098 3717 liberavit
2116 3659 2179 3716 et
2196 3660 2514 3726 recensuit,
2551 3657 2782 3716 Graecn
2808 3667 2834 3719 1
2849 3663 2993 3719 884.
3014 3688 3102 3698 --

473 3758 594 3809 opp.
614 3741 1002 3795 Cassianieine
1018 3740 1286 3794 moderne
1304 3739 1762 3809 Titelfalschung
1817 3745 2088 3806 Higgoria
2110 3747 2415 3820 paggioni,
2443 3765 2489 3808 3,
2523 3744 2795 3804 Mam-5123·
2839 3753 2893 3803 et
2922 3745 3101 3803 30050-

474 3809 727 3936 ὲὲἒὲὲῖι
741 3811 1027 3936 ms
1040 3811 1762 3952 {224235133523313325
1816 3855 1950 3894 r...
1984 3830 2446 3917 (agaunensium
2477 3837 2810 3911 martyrum
2846 3832 3101 3910 saionis

466 3953 590 4022 jam
617 3970 720 4007 sec.
753 3956 800 4007 V
830 3953 1204 4008 collationum
1244 3956 1304 4008 et
1327 3953 1763 4008 institutionum
1817 3921 2090 4005 thebeae)
2140 3924 2279 3983 stilo
2317 3923 2635 3982 admodum
2668 3922 2930 4000 91θὲὓῦιί
2960 3938 3102 3980 ⁰⁰¹²·

476 4024 733 4080 Cassiani
783 4027 1066 4080 exstitisse
1116 4024 1435 4079 versionem
1480 4040 1760 4095 graecam,
1817 4014 2039 4090 scripta
2057 4009 2481 4095 (sm—833),
2514 4012 2695 4071 etiam
2726 4012 2791 4071 in
2822 4011 2969 4070 actis
3000 4009 3101 4070 SS.

475 4097 622 4152 ¹1³⁰ss
647 4097 709 4150 5¹1
737 4098 1026 4167 epitomen
1043 4096 1217 4150 fuiflsse
1240 4096 1560 4150 redactam:
1587 4096 1763 4164 huj¹¹³
1818 4103 1891 4161 ad
1915 4103 2072 4161 diem
2094 4110 2194 4163 22.
2218 4102 2375 4177 Sept.
2396 4105 2458 4159 et
2489 4101 2553 4160 in
2586 4101 2634 4158 R
2648 4120 2690 4158 ιι
2705 4100 2727 4159 i
2743 4119 2784 4158 n
2799 4104 2921 4159 art
2951 4099 3101 4158 actis

476 4186 572 4238 pp.
600 4175 632 4223 2
676 4168 924 4222 edidisse
971 4168 1218 4221 Montf
1227 4184 1258 4220 a
1279 4186 1315 4221 u
1334 4185 1411 4222 co
1431 4185 1467 4219 n
1513 4167 1576 4220 in
1627 4184 1762 4237 opp.
1818 4193 1954 4254 MM·
2019 4191 2177 4249 Haec
2209 4210 2243 4248 a
2272 4190 2582 4250 nonnullis
2606 4189 2835 4266 juniori
2866 4189 3101 4247 cuidam
3216 4210 3223 4216 ·

477 4257 518 4291 s.
545 4241 699 4292 Atha
713 4239 852 4293 iasii
880 4239 969 4295 ed.
994 4239 1230 4293 Parisiis
1261 4243 1396 4294 1698
1426 4240 1494 4302 11,
1529 4244 1764 4295 3662386
2137 4279 2150 4291 .
2360 4277 2374 4291 .
2571 4278 2583 4290 .
2764 4278 2776 4290 .
2819 4278 2833 4291 .

477 4309 592 4380 (Mi
608 4327 747 4379 gne
774 4310 833 4364 p·
856 4310 921 4364 G·
950 4310 1203 4373 XXVHI,
1224 4313 1546 4380 849-905).
1575 4309 1764 4375 Hujus
1819 4281 2205 4340 Eucherio
2223 4325 2236 4349 ‚
2271 4298 2378 4355 qui
2410 4279 2687 4337 floruisse
2718 4278 2941 4337 dicitur
2972 4295 3017 4340 c.
3050 4297 3103 4338 a.

477 4381 795 4436 versionem
822 4382 1063 4436 latinam
1101 4380 1207 4434 sub
1234 4380 1504 4434 Eucherii
1530 4380 1763 4434 nomine
1825 4379 1948 4433 529
1973 4364 2171 4450 (cujus
2202 4371 2403 4427 tamen
2435 4367 2539 4426 alii
2571 4367 2666 4427 vel
2697 4367 3104 4426 exsistentiam

479 4456 775 4521 tamquam
798 4452 983 4522 ipsius
1010 4453 1301 4534 {Piwmen
1340 4450 1585 4521 Migne
1611 4451 1673 4504 P·
1702 4450 1761 4505 1¹·
1818 4454 2066 4541 negant)
2104 4456 2401 4516 tribuitur
2431 4474 2499 4514 ac
2528 4456 2860 4532 generatim
2892 4456 2965 4515 de
2996 4455 3105 4513 hoc

478 4523 537 4586 L,
563 4526 849 4580 867—894
916 4540 1228 4594 ropinasse.

552 4598 590 4664 2)
620 4594 704 4650 Cf.
754 4596 823 4648 de
929 4612 1092 4649 orum
1155 4612 1187 4648 o
1233 4611 1348 4649 usc.
1408 4591 1765 4647 editionibus

476 4666 1040 4721 Schoenemann
1088 4665 1189 4720 bib
1217 4707 1230 4721 .
1280 4664 1410 4719 hist.
1464 4664 1552 4717 lit.
1604 4667 1642 4716 t.
1697 4665 1764 4726 ΙΙ,

479 4739 583 4791 775
605 4741 780 4800 -795,
807 4736 980 4790 etiam
1007 4737 1068 4789 in
1097 4736 1153 4789 M
1171 4736 1299 4806 ign
1316 4753 1344 4788 e
1373 4736 1434 4799 L,
1462 4742 1762 4793 685-698.
1897 4741 1935 4806 ¹)
1965 4733 2158 4803 Spioil.
2185 4734 2418 4788 Solesm.
2445 4733 2523 4786 ΙΙΙ
2550 4733 2726 4802 praef.
2754 4731 2882 4786 XIX
2909 4749 2977 4785 ss.

1819 4546 2107 4623 martyrio
2140 4565 2357 4622 magna
2401 4548 2495 4604 est
2539 4547 2668 4604 orta
2706 4544 3105 4604 controversia
