3505 5161
1362 200 1627 277 Historia.
1658 222 2039 278 ThietmaruS.
2879 239 2912 289 9
2923 237 2954 291 5
2967 240 3004 291 Ο

396 238 520 290 949

391 406 470 464 tit
500 405 775 464 homilias
807 408 1044 481 patruni
1078 410 1137 464 et
1169 407 1322 467 vitas
1356 408 1472 480 SS.,
1523 427 1669 483 quas
1723 407 1896 483 pauci
1929 406 2305 483 reliquerunt
2336 407 2627 477 chronica,
2661 407 2822 465 inter
2851 425 3006 482 quos

392 494 581 553 edidit
624 498 667 553 t.
704 504 737 557 2
787 495 1081 571 Thorpe
1135 497 1249 554 The
1289 498 1566 556 Homilies
1610 500 1679 570 of
1724 496 2182 555 Thietmarus
2217 494 2488 575 (Ditmar,
2509 496 3002 567 Dithmar,'1¹heo-

392 585 481 642 the
511 585 893 661 aristo-saxon
924 584 1151 643 churclr.
1220 586 1341 646 The
1373 586 1504 645 first
1534 590 1671 663 part
1723 585 1929 643 domar
1959 582 2096 658 etc.)
2142 585 2299 644 haud
2347 587 2597 645 ultimus
2630 590 2739 643 est.
2805 586 3004 645 Patria

391 673 735 750 containing
779 674 881 732 the
928 673 1237 733 Sermones
1286 676 1559 735 catholici
1603 694 1670 735 or
1722 678 1851 733 erat
1883 674 2046 744 Sam,
2081 674 2254 733 claris
2287 675 2589 733 natalibus
2621 674 2914 733 oriundus
2945 694 3003 732 n.

390 762 659 822 homilies
721 762 786 820 of
832 762 1071 834 Aelfric‚
1148 764 1401 824 Londini
1470 773 1666 836 1844;
1728 772 1803 826 25
1841 763 1878 822 J
1884 764 1963 822 ul.
2014 773 2158 827 976.
2227 763 2488 823 Puerum
2534 762 2789 840 Ricdago
2834 765 3007 840 pater

391 853 648 925 Aelfrics
692 852 863 910 Lives
912 854 981 925 of
1024 853 1243 927 Saints,
1294 854 1383 916 ed.
1436 854 1669 914 Skeat
1722 852 1926 911 abbati
1949 871 1995 916 s.
2015 851 2266 912 Joannis
2285 852 2675 930 Magdeburgi
2705 870 3004 911 commen-

391 941 469 999 ib.
520 950 705 1003 1881.
768 940 974 999 Versio
1021 943 1439 1019 Heptateuchi‚
1487 944 1525 1001 l.
1558 944 1666 1002 Es·
1724 941 1906 1011 davit,
1941 942 2113 1017 cujus
2147 942 2348 1000 schola
2379 945 2525 1001 tunc
2542 940 2826 1017 temporis
2844 941 3004 1000 inter

390 1030 523 1088 ther
554 1035 614 1087 et
648 1030 795 1088 forte
818 1031 854 1091 1.
876 1031 1003 1089 Job.
1023 1030 1087 1090 in
1121 1032 1295 1090 Grei
1314 1052 1354 1090 n
1385 1033 1666 1092 Biblioth.
1721 1031 2218 1106 praeclarissimas
2238 1032 2501 1091 florebat.
2534 1032 2707 1089 Anno
2730 1040 2825 1093 14.
2842 1033 3001 1089 aeta-

391 1120 494 1178 der
512 1119 875 1196 angelsachS.
897 1119 1095 1189 Prosa‚
1118 1121 1326 1180 Kassel
1347 1125 1389 1184 t.
1421 1133 1440 1183 1
1474 1122 1665 1197 ipsius
1719 1119 1801 1178 tis
1834 1138 1977 1179 suae
2008 1123 2284 1195 receptus
2317 1126 2409 1179 est
2440 1140 2572 1197 qua·
2601 1121 2782 1179 frater
2827 1119 3005 1195 spiri—

391 1212 500 1278 est,
545 1225 679 1265 cum
723 1208 1163 1268 introductione
1209 1211 1271 1268 in
1306 1210 1372 1270 V.
1405 1214 1464 1268 et
1499 1211 1568 1270 N.
1602 1211 1664 1274 Τ.
1721 1210 1905 1267 tualis
1922 1208 2081 1267 inter
2095 1210 2405 1269 canonicos
2418 1209 2755 1269 s.Mauritii.
2787 1209 3004 1267 Factus

391 1298 632 1355 Praeter
681 1296 823 1355 haec
861 1298 978 1356 alia
1023 1297 1214 1357 adhuc
1247 1317 1427 1374 opera
1459 1299 1663 1371 edidit,

390 1405 539 1461 quae
572 1387 640 1448 ef.
674 1386 830 1460 apud
878 1385 1176 1463 Thorpe
1216 1389 1471 1448 Ancient
1500 1389 1665 1447 Laws

507 1474 573 1532 of
597 1475 869 1551 Englnnd
906 1485 1066 1540 1840
1102 1497 1157 1552 p.
1183 1486 1298 1540 441
1342 1480 1403 1536 et
1437 1487 1561 1541 452
1586 1496 1663 1540 33.

390 1564 459 1621 Ιιι
503 1564 693 1638 ipsius
745 1564 1025 1624 honorem
1070 1586 1118 1623 a.
1172 1575 1335 1628 1842
1385 1566 1667 1626 instituta

389 1654 504 1711 fuit
549 1653 797 1711 societas
848 1654 1112 1712 literaria
1157 1655 1376 1715 Aelsric
1409 1656 1662 1732 Society,

390 1743 559 1817 cujus
609 1760 821 1817 scopus
870 1746 962 1801 est
1010 1743 1183 1802 edere
1232 1764 1409 1819 opera
1465 1748 1666 1804 vetera

392 1820 885 1907 anglo-saxonica.
947 1832 1025 1890 Cf.
1067 1832 1476 1893 Fabricius
1523 1834 1664 1897 bibl.

1720 1300 1814 1355 est
1877 1308 2039 1360 1002
2106 1299 2512 1375 praepostitus
2571 1298 3001 1369 walbeccensis,

1720 1386 2033 1463 presbyter
2079 1388 2386 1447 ordinatus
2429 1396 2624 1458 1003;
2672 1390 2733 1445 et
2777 1388 2841 1444 in
2873 1387 2998 1462 epi·

1721 1493 1968 1551 scopum
2044 1477 2593 1553 merseburgensem
2662 1478 2886 1535 electus
2949 1495 3001 1533 a.

1730 1575 1912 1628 1009.
1994 1565 2205 1642 Magna
2264 1565 2586 1641 prudentia
2645 1568 2707 1624 et
2756 1565 3000 1623 solertia

1719 1655 1981 1728 praefuit
2014 1672 2155 1713 suae
2186 1655 2480 1725 eeclesiae,
2534 1656 2705 1730 cujus
2738 1652 2999 1713 conditio

1720 1741 2050 1818 spiritualis
2060 1749 2122 1802 et
2131 1745 2472 1819 temporalis
2484 1743 2630 1802 satis
2643 1746 2774 1801 erat
2784 1742 2998 1809 tristis,

1719 1850 1898 1906 quam
1928 1835 2130 1890 tamen
2152 1833 2212 1890 in
2234 1833 2538 1892 laetiorem
2570 1833 2845 1907 provexit
2876 1834 2998 1890 sta·

388 1919 485 1977 lat.
544 1932 590 1990 1,
642 1928 754 1999 243
806 1920 861 1979 C.
910 1920 946 1978 S
966 1921 1222 1980 choell
1269 1922 1532 1982 Realenc.
1574 1924 1660 1994 1³,
1716 1922 1865 1982 tum.
1912 1921 2168 1980 Fortiter
2198 1922 2369 1980 stetit
2389 1941 2495 1998 pro
2515 1921 2793 1980 libertate
2821 1938 2998 1979 cano·

393 2018 647 2070 222-2
660 2017 738 2070 24
756 2031 768 2079 ;
834 2010 879 2067 Ε
896 2010 933 2067 b
949 2029 980 2068 e
995 2030 1027 2067 r
1043 2014 1069 2068 t
1113 2009 1212 2079 111,
1253 2020 1556 2075 509-516,
1577 2047 1662 2056 -
1716 2009 1850 2068 nica
1863 2010 2217 2069 electionum
2235 2011 2308 2068 ad
2326 2026 2573 2069 munera
2588 2008 3000 2069 ecclesiastica.

388 2098 476 2155 De
496 2098 787 2156 distantiis
798 2099 1049 2157 locorum
1065 2106 1255 2158 terrae
1278 2108 1508 2160 sanctae
1522 2101 1659 2161 bre·

389 2187 848 2249 viterdisseruit
870 2188 914 2245 Ε
930 2207 972 2246 ιι
987 2208 1027 2265 g
1043 2208 1073 2247 e
1090 2207 1117 2246 s
1136 2190 1153 2246 i
1173 2208 1210 2264 p
1229 2208 1267 2264 p
1286 2209 1323 2248 u
1340 2208 1383 2259 3,
1408 2191 1663 2266 scriptor

1719 2098 1884 2156 Obiit
1915 2116 2069 2157 anno
2101 2099 2310 2159 aetatis
2347 2108 2446 2161 43.
2468 2100 2562 2157 die
2590 2111 2642 2162 1.
2666 2099 2799 2162 Dec.
2830 2108 2996 2161 1018

388 2274 671 2351 alioquin·
702 2276 945 2352 ignotus
998 2273 1078 2359 (fl.
1138 2273 1352 2359 1040),
1405 2281 1497 2356 cuj
1509 2299 1574 2338 us
1623 2281 1659 2338 1.
1714 2292 1942 2344 historia
1956 2292 2177 2359 physica
2203 2291 2261 2341 et
2286 2287 2596 2342 chronicon
2622 2286 2653 2339 J
2660 2285 2768 2341 ulii
2795 2285 2837 2338 P
2855 2285 2999 2353 015-

390 2365 656 2442 vulgavit
686 2365 803 2422 Leo
836 2368 884 2423 A
905 2366 1192 2425 llatius
1225 2367 1285 2424 in
1320 2366 1661 2445 Symmictis

388 2473 445 2528 p.
487 2462 848 2525 104-120,
881 2456 1152 2514 Coloniae
1197 2465 1354 2519 1653
1389 2458 1451 2515 in
1489 2468 1542 2519 8.

480 2642 622 2696 527.
684 2634 756 2691 In
813 2635 1181 2712 argumentis
1244 2635 1661 2694 historicis

388 2740 564 2795 quam
628 2722 869 2797 plurimi
920 2725 1138 2781 versati
1158 2719 1203 2804 ¹)
1256 2729 1413 2786 sunt.
1492 2725 1660 2783 Haud

464 2932 498 2999 ¹)
527 2925 1043 2981 praetermittimus
1070 2927 1111 2980 L
1129 2945 1157 2980 e
1176 2945 1206 2981 o
1223 2949 1260 2983 n
1277 2945 1305 2982 e
1325 2947 1397 2992 ιιι,
1426 2928 1529 2997 qui
1549 2928 1661 2982 dic·

383 3002 475 3053 tus
503 3003 587 3052 est
613 2999 1165 3053 Grammaticus
1192 3000 1284 3053 vel
1310 2999 1484 3053 etiam
1504 3000 1661 3054 Asia·

383 3088 506 3134 nus,
520 3070 850 3140 scriptorem
875 3069 922 3122 si
935 3068 1086 3123 vitae
1100 3071 1218 3124 fata
1235 3073 1470 3139 spectes,
1488 3072 1659 3140 plane

382 3143 647 3211 ignotum
675 3141 749 3211 (pfl.
769 3159 815 3196 0.
842 3145 1015 3212 1013).
1044 3141 1183 3211 Ejus
1209 3145 1658 3212 chronoyraphia‚

382 3215 471 3282 cuj
483 3231 545 3267 us
589 3212 822 3267 initium
868 3212 1041 3276 deest,
1086 3212 1298 3281 incipit
1340 3215 1414 3267 ab
1440 3215 1658 3283 Adagno

382 3301 560 3352 usque
610 3284 681 3336 ad
747 3282 1052 3347 diluvium,
1117 3285 1482 3353 persequitur
1526 3286 1657 3339 dein

381 3354 671 3409 historiam
700 3354 730 3406 J
740 3354 1065 3417 udaeorum‚
1094 3371 1292 3425 regum
1332 3356 1659 3424 babylonio-

379 3444 505 3481 rum
549 3430 605 3480 et
651 3443 961 3496 persarum,
1007 3425 1319 3479 Alexandri
1346 3427 1438 3489 M..
1482 3427 1659 3481 Ptole·

378 3515 684 3560 maeorum,
729 3497 1137 3567 imperatorum
1183 3514 1546 3552 romanorum
1587 3499 1659 3552 ad

377 3585 428 3620 a.
457 3573 575 3626 948.
624 3568 848 3622 Partem
877 3570 1221 3637 postremam
1249 3570 1322 3623 ab
1348 3587 1398 3623 a.
1425 3576 1660 3626 813—948

380 3641 485 3693 sub
524 3638 897 3709 inscriptione
937 3643 1364 3709 chronoyraphia
1408 3648 1657 3696 recentio-

378 3730 501 3764 rum
518 3718 901 3780 imperatorum
918 3711 1136 3780 prodiit
1150 3711 1461 3780 interprete
1484 3711 1525 3765 G
1544 3730 1575 3766 o
1589 3730 1659 3766 ar

379 3800 509 3836 cum
537 3782 689 3836 notis
717 3781 1038 3836 Combefisii
1061 3782 1211 3836 inter
1231 3785 1535 3852 scriptores
1564 3785 1657 3851 by·

378 3854 632 3909 zantinos
661 3872 714 3907 n.
742 3861 791 3910 6.
842 3852 1074 3906 Parisiis
1118 3860 1252 3909 1655
1293 3857 1442 3925 (cum
1484 3855 1657 3909 Theo-

377 3925 584 3994 phanis
611 3924 1175 4047 chronographiaiip.
1203 3932 1500 3988 443-510,
1555 3926 1657 3978 Ve-

379 3995 546 4048 netiis
581 4000 743 4056 1729;
795 3989 882 4048 ed.
910 3995 999 4047 Be
1020 3995 1057 4047 k
1129 4012 1200 4048 er
1229 3995 1458 4050 Bonnae
1494 4004 1655 4057 isam

377 4066 523 4136 Mig
544 4085 628 4120 ne
660 4067 718 4119 P.
747 4068 810 4120 G.
838 4066 1018 4120 latine
1047 4069 1269 4121 tantuzn
1301 4067 1487 4121 editae
1516 4069 1655 4131 LVl,

375 4145 479 4194 829
503 4172 533 4179 -
553 4145 687 4198 888;
715 4138 775 4190 in
800 4138 856 4190 P.
876 4138 939 4191 G.
957 4155 1155 4208 graece
1174 4142 1230 4190 et
1246 4139 1438 4202 latine,
1462 4138 1654 4204 CVIII,

383 4214 749 4265 1037--1164,
804 4208 1117 4264 Plurimum
1150 4209 1335 4262 utitur
1362 4227 1531 4279 opere
1561 4211 1653 4264 Si-

374 4299 430 4332 m
447 4297 476 4332 e
494 4298 525 4333 o
545 4280 618 4332 ni
635 4297 659 4332 s
707 4279 961 4350 Magistri
992 4285 1050 4332 et
1090 4280 1437 4350 Logothetis,
1484 4299 1652 4348 quem

375 4354 454 4420 (et
478 4350 924 4406 continuatorem
966 4352 1026 4404 in
1070 4353 1275 4404 ultima
1321 4354 1652 4420 praesertim

374 4426 535 4492 parte
553 4422 669 4475 fere
690 4422 1036 4476 transcribit.
1080 4422 1162 4476 Cf.
1190 4422 1523 4477 Krumbac
1539 4428 1653 4478 her

375 4511 504 4563 pag.
532 4499 633 4549 361
664 4511 732 4546 33.
760 4527 825 4533 -
856 4493 1120 4562 Ejusdem
1140 4496 1255 4546 fere
1272 4494 1513 4548 rationis
1532 4496 1650 4551 scil.

372 4579 558 4618 merae
575 4564 1000 4645 compilationis
1018 4571 1103 4618 est
1121 4568 1418 4620 Clu-enimn
1446 4566 1491 4619 T
1503 4567 1540 4619 h
1556 4585 1585 4620 e
1599 4585 1651 4621 o-

1717 2360 1752 2413 d
1772 2376 1800 2413 e
1818 2378 1855 2413 u
1873 2360 1911 2412 k
1928 2376 1958 2413 e
1975 2378 2000 2413 s
2051 2358 2315 2431 Pollucis)
2341 2359 2415 2411 ab
2443 2375 2493 2418 0,
2521 2374 2567 2412 0.
2587 2358 2659 2411 ad
2683 2357 2999 2411 Valentini-

1717 2447 1893 2485 anum
1920 2434 1979 2484 et
2056 2430 2298 2485 alentem
2318 2430 2458 2499 imp.
2475 2430 2560 2483 ed.
2586 2445 2618 2482 a
2643 2428 2694 2483 J.
2713 2428 2924 2484 B.Bia
2942 2447 2999 2482 ιι-

1718 2502 1904 2563 οοιιί,
1932 2501 2222 2556 Bononiae
2255 2503 2419 2561 1779;
2470 2503 2545 2554 ab
2595 2502 2616 2553 1
2662 2520 2716 2555 ιι.
2764 2500 3002 2554 Hardt

1719 2572 1987 2629 Monachi
2015 2576 2072 2628 et
2099 2572 2322 2644 Lipsiae
2357 2576 2521 2630 1792:
2558 2589 2588 2625 a
2665 2572 2719 2628 h.
2751 2571 2998 2627 Schia-

1718 2646 1848 2709 si0‚
1876 2645 2166 2700 Bononiae
2199 2649 2350 2702 1795.
2405 2645 2626 2698 Nomen
2666 2644 2696 2696 J
2704 2644 2809 2698 ulii
2837 2643 2997 2711 Poly·

1718 2717 1932 2770 deukes
1959 2721 2219 2771 censetur
2245 2720 2436 2769 tamen
2458 2716 2668 2770 fictum.
2697 2748 2762 2756 —
2790 2714 2839 2767 D
2855 2733 2893 2767 u
2911 2714 2946 2767 d
2965 2733 2999 2768 0

1719 2787 2023 2842 Neustrius
2049 2788 2297 2842 decanus
2325 2804 2364 2842 s.
2395 2785 2659 2851 Quintini
2681 2786 2910 2856 scripsit
2923 2785 2996 2838 ad

1718 2859 2135 2913 Adalberonem
2176 2876 2263 2929 ep.
2289 2858 2704 2912 laudunensem
2749 2861 2811 2911 de
2835 2861 2999 2912 mori-

1716 2933 1812 2985 bus
1836 2941 1882 2984 ee
1907 2935 2038 2985 actis
2054 2931 2365 3000 primorum
2385 2929 2437 2982 N
2441 2928 2771 2982 ermanniae
2788 2928 2996 2982 ducum

1715 3002 1775 3055 ll.
1804 3008 1837 3058 3
1863 3019 1895 3054 a
1922 3002 2202 3070 Hastingo
2244 3017 2375 3070 rege
2403 3000 2619 3053 Daniae
2660 3003 2717 3054 et
2755 2999 2998 3053 Rollone

1716 3071 1901 3140 primo
1930 3073 1982 3126 N
1986 3072 2312 3128 ormanniae
2339 3072 2501 3135 duce,
2528 3070 2629 3140 qui
2654 3087 2705 3124 a.
2735 3078 2838 3127 912
2864 3071 2999 3141 bap-

1715 3143 1885 3197 tismo
1913 3148 2173 3215 suscepto
2210 3142 2433 3197 Christo
2475 3158 2681 3196 nomen
2725 3141 2884 3195 dedit
2910 3160 2996 3195 us-

1715 3231 1827 3281 que
1877 3215 1948 3268 acl
2000 3231 2049 3268 a.
2102 3221 2206 3272 996
2250 3215 2359 3283 (vel
2407 3218 2560 3286 1002)
2605 3214 2722 3267 sive
2774 3212 2995 3288 obitum

1716 3285 1987 3340 Richardi
2002 3288 2038 3340 1.
2051 3304 2082 3339 a
2095 3287 2259 3352 cujus
2271 3287 2462 3342 fratre.
2476 3284 2994 3354 comiteRudolpho

1715 3361 1943 3410 narrata
1972 3357 2080 3410 sibi
2101 3356 2391 3426 collegisse
2414 3372 2594 3425 eaque
2625 3355 2997 3416 „scholastico

1714 3428 2028 3482 dictamine
2079 3430 2322 3497 scripta⁴⁶
2378 3428 2700 3496 relinquere
2754 3427 2997 3498 posteris

1715 3498 1881 3553 Dudo
1928 3503 2186 3553 testatur.
2239 3499 2465 3553 Prostat
2507 3500 2614 3552 hoc
2655 3515 2799 3567 opus
2838 3498 2994 3567 apud

1714 3569 1762 3622 D
1781 3588 1817 3623 u
1836 3588 1865 3623 0
1884 3571 1918 3624 h
1938 3588 1965 3624 e
1983 3590 2007 3624 s
2025 3590 2061 3624 n
2080 3588 2108 3620 e.
2185 3570 2336 3624 iuter
2412 3570 2544 3623 hist.
2608 3569 2996 3623 Normanniae

1713 3641 1908 3711 script.
1951 3662 2002 3712 p.
2047 3651 2115 3698 49
2156 3660 2244 3705 33..
2284 3641 2417 3694 inde
2458 3641 2517 3696 in
2559 3640 2651 3694 Mi
2722 3658 2807 3693 ne
2851 3641 2906 3696 P.
2935 3641 2995 3693 L.

1716 3713 1896 3777 CXLI,
1926 3719 2238 3772 eos—75&
2267 3714 2354 3768 ed.
2374 3712 2422 3768 J.
2457 3712 2637 3777 Lair,
2695 3716 2815 3765 'aen
2841 3719 2994 3768 1865.

1720 3784 1914 3838 Utitur
1929 3784 2162 3853 quidem
2180 3800 2435 3839 sermone
2453 3783 2683 3854 turgido
2700 3787 2759 3837 et
2778 3783 2994 3837 inflato.

1714 3856 1972 3909 versibus
1999 3855 2288 3919 inanibus,
2306 3855 2577 3919 obscuriS‚
2604 3855 2894 3908 interdum
2915 3856 2997 3908 ni-

1712 3927 1820 3980 mis
1866 3926 2183 3997 puerilibus
2229 3927 2437 3981 librum
2480 3925 2763 3980 deformat
2801 3925 2996 3996 potius

1713 4015 1887 4065 quam
1916 4001 2184 4054 exornat:
2234 3998 2412 4051 multa
2461 3997 2840 4052 nihilominus
2866 4014 2994 4051 con-

1713 4070 1876 4133 tinet,
1904 4069 2091 4136 judice
2121 4069 2380 4132 waitz,
2411 4069 2512 4136 qui
2539 4070 2599 4121 in
2628 4068 2779 4121 Mon.
2807 4067 2995 4121 Germ.

1716 4140 1807 4205 lv,
1859 4147 2105 4197 93—106
2155 4142 2419 4210 excerpta
2463 4139 2711 4200 exhibet.
2758 4138 2992 4193 minime

1712 4211 2046 4280 spernenda,
2093 4213 2234 4266 adeo
2281 4214 2346 4264 ut
2389 4209 2572 4281 ipsius
2615 4210 2827 4265 librum
2875 4228 2993 4262 non

1710 4282 1938 4336 dubitet
1966 4282 2114 4336 inter
2141 4282 2476 4353 pretiosiora
2516 4283 2689 4348 huius
2716 4281 2843 4334 aevi
2879 4299 2994 4335 mo-

1710 4358 1984 4406 numenta
2030 4360 2328 4424 reputare:
2375 4369 2551 4421 quare
2595 4352 2754 4422 juxta
2801 4353 2992 4422 ipsum

1710 4424 2062 4478 levissimum
2119 4429 2206 4479 est
2251 4423 2533 4494 judicium
2585 4424 2836 4487 illorum,
2889 4426 2992 4492 qui

1749 4496 1901 4549 otius
1924 4497 2248 4551 fabularum
2262 4512 2432 4564 quam
2451 4511 2640 4549 rerum
2659 4495 2992 4565 scriptorem

1707 4515 2006 4620 Bardonem
2028 4569 2374 4636 judicarent.
2429 4567 2511 4622 Cf.
2553 4566 2594 4618 P
2612 4570 2727 4620 ott
2742 4568 2778 4619 h
2795 4584 2828 4618 a.
2845 4585 2869 4620 s
2886 4570 2910 4619 t
2936 4584 2992 4635 p.

372 4635 407 4688 d
426 4634 573 4689 osii
602 4634 853 4688 Meliteni
903 4636 1009 4706 (cd.
1037 4635 1127 4688 'sa
1148 4636 1250 4688 fel
1278 4635 1427 4690 inter
1455 4637 1651 4692 Monu·
1708 4645 1844 4696 385:
1892 4638 2036 4691 Hist.
2080 4639 2168 4692 lit.
2209 4638 2331 4704 VII,
2373 4643 2683 4699 236—239;
2726 4638 2773 4690 D
2793 4644 2899 4691 iim
2920 4658 2993 4691 ιιι-

372 4709 563 4760 menta
590 4707 865 4760 secularia
881 4707 966 4762 ed.
987 4707 1059 4758 ab
1082 4724 1123 4764 r,
1145 4707 1435 4761 academia
1456 4708 1651 4766 scient.
1706 4709 1772 4762 le
1791 4727 1818 4761 r
1845 4709 2250 4781 Forschungen
2281 4727 2381 4764 zur
2407 4710 2458 4765 d.
2489 4709 2688 4764 Gesch.
2707 4709 2798 4774 VI,
2817 4715 2993 4765 361-

371 4794 591 4831 monac.
638 4778 727 4830 111.
769 4777 849 4831 Cl.
892 4798 945 4848 p.
994 4786 1014 4833 1
1060 4777 1350 4833 Monacbii
1395 4786 1549 4850 1859)
1595 4783 1653 4835 et
1708 4787 1830 4836 390.
