3505 5161
407 234 530 288 437
1084 215 1414 281 Diadoctus,
1441 215 1756 280 Pometiae,
1785 216 2017 281 Paulus,
2042 215 2341 270 Patricius.
2894 234 3023 290 433

404 403 573 463 datos
604 401 1007 463 Diadochus
1038 402 1400 480 photicensis
1420 403 1486 461 in
1504 402 1682 479 Epiro
1739 403 1899 463 ditae
1919 403 2167 480 virginis
2186 402 2564 462 constantiae
2582 404 2822 465 nomine
2836 411 2882 475 ‘,
2917 404 3024 479 qui

402 492 715 568 episcopus
749 487 837 574 (fl.
870 511 916 551 c.
940 488 1115 572 450),
1149 492 1321 567 cujus
1353 494 1589 551 exstant
1620 492 1681 551 in
1737 496 1938 553 tamen
1984 511 2107 552 non
2154 492 2413 568 amplius
2460 495 2691 553 exstare
2723 493 3021 556 videntur.

401 581 674 641 versione
704 581 892 640 latina
922 581 1126 657 Capita
1162 583 1403 639 centum
1448 583 1518 639 de
1538 597 1681 654 per-

401 672 636 745 fectione
665 666 985 747 spirituali,
1035 678 1095 729 et
1141 688 1336 730 sermo
1382 672 1452 729 de
1487 689 1683 729 ascen-
1830 679 1976 733 246.
2023 672 2079 731 S.
2125 671 2523 730 Patricius
2570 669 2683 754 (ita
2724 691 2760 731 a
2804 690 2849 733 e.
2882 672 3021 730 Coe·

402 761 562 819 sione
583 759 657 820 D.
679 760 755 818 N.
776 761 834 819 J.
857 759 1076 819 Christi
1093 779 1127 817 a
1146 758 1299 821 card.
1319 755 1680 842 Mai(1840)
1737 759 1957 818 lestino
1989 760 2455 836 cognominatuS,
2490 778 2625 820 cum
2659 765 2834 820 antea
2864 761 3023 818 dice-

401 852 702 925 repertus‚
766 849 922 925 apud
985 849 1237 925 Migne
1288 849 1350 911 P.
1401 849 1465 908 G.
1514 848 1680 919 LXV,
1735 852 1903 908 retur
1921 848 2135 908 Succat
2148 849 2442 927 Cothrige,
2463 851 2770 928 Magonus,
2791 849 3022 925 Munn),

408 947 814 1006 1141-1148;
856 944 1246 1000 1167·1212.
1280 937 1682 996 Cf.²Nirschl
1736 938 2062 997 secundum
2080 938 2230 998 alios
2250 939 2476 1011 Scotus,
2510 939 2837 999 secundum
2870 939 3023 999 alios

399 1027 487 1086 111
518 1024 551 1094 ἓ
587 1036 735 1091 252.
801 1026 978 1085 Alius
1023 1027 1098 1085 ab
1144 1044 1213 1086 eo
1244 1043 1372 1085 esse
1405 1028 1684 1086 censetur
1736 1044 1809 1085 ex
1840 1024 2265 1110 Normannia1)
2312 1047 2370 1086 ιι.
2417 1046 2463 1086 c.
2500 1037 2626 1092 372
2673 1032 2812 1104 post
2857 1029 3026 1089 varia

399 1116 630 1176 Marcus
694 1115 1167 1187 Diadochus,
1229 1116 1326 1174 cui
1388 1115 1683 1175 tribuitur
1737 1116 1861 1175 sata
1889 1116 2092 1176 tristia
2135 1121 2199 1176 et
2242 1118 2459 1176 itinera
2496 1118 2569 1177 ab
2601 1117 2708 1177 illo
2740 1117 3023 1193 pontifice

400 1206 600 1264 Sermo
647 1213 850 1264 contra
894 1207 1158 1264 Arianos
1203 1201 1480 1286 (Migne
1517 1206 1580 1268 P.
1614 1205 1678 1264 G.
1736 1205 1800 1263 in
1821 1205 2170 1265 Hiberniam
2188 1206 2412 1266 missus
2430 1202 2614 1289 (432)
2631 1207 2782 1266 miro
2801 1206 3020 1267 ibidem

399 1293 567 1365 LXV,
615 1290 1087 1374 1149-1166).
1134 1293 1247 1352 Hic
1265 1293 1484 1354 vixisse
1514 1293 1679 1353 vide-
1738 1293 1936 1353 fructu
1969 1294 2361 1372 Evangelium
2409 1296 2788 1372 praedicavit,
2841 1314 3019 1370 quam

399 1390 501 1442 tur
534 1385 662 1460 jam
698 1400 810 1443 sec.
840 1381 938 1445 1v.
1003 1382 1083 1443 ef.
1115 1383 1681 1442 Bardenhewer
1735 1382 1812 1443 ob
1868 1402 1993 1443 rem
2054 1384 2272 1443 merito
2339 1385 2657 1445 Hiberniae
2723 1385 3026 1443 salutatur

400 1469 548 1539 §79
595 1493 655 1531 n.
704 1483 764 1536 4.
812 1463 890 1517 -ὲ
943 1472 1225 1531 Julianus
1275 1472 1678 1531 Pomerius
1735 1472 2059 1549 apostolus.
2095 1476 2335 1532 Annum
2355 1473 2870 1551 diciturattigisse
2900 1483 3021 1543 120

398 1561 640 1621 natione
670 1561 936 1633 Maurus,
978 1561 1310 1638 presbyter,
1351 1562 1680 1621 rhetoricae
1735 1565 1915 1637 atque
1961 1561 2180 1622 obiisse
2226 1582 2275 1623 a.
2324 1573 2449 1626 492
2499 1564 2595 1621 vel
2629 1572 2776 1625 493.
2839 1562 3022 1622 Plura

397 1652 680 1728 magister
708 1651 970 1723 Arelate,
1021 1649 1130 1709 ubi
1174 1650 1509 1709 Caesarium
1586 1651 1676 1709 di·
1736 1649 1980 1727 quidem
2023 1650 2146 1726 ipsi
2191 1652 2412 1728 scripta
2457 1651 2813 1710 tribuuntur
2857 1651 3018 1726 apud

400 1740 696 1817 scipulum
720 1739 946 1810 habuit,
979 1739 1302 1798 monachus
1336 1737 1474 1798 dein
1494 1741 1555 1798 et
1576 1740 1679 1798 ab·
1735 1741 1989 1818 Migne
2037 1741 2097 1799 P.
2144 1742 2206 1800 L.
2253 1744 2297 1802 t.
2334 1740 2486 1811 LIII,
2543 1748 2906 1811 ’789-841,
2958 1743 3025 1798 et

398 1828 531 1899 bas,
597 1829 842 1904 scripsit
887 1831 1011 1888 tres
1062 1827 1328 1906 egregios
1377 1829 1562 1888 libros
1612 1829 1682 1887 de
1736 1829 2002 1906 Whitley
2033 1830 2161 1890 Sto
2179 1832 2309 1890 kes
2328 1875 2342 1901 ‚
2390 1830 2496 1906 qui
2544 1830 2822 1904 antiquas
2854 1830 2905 1903 ej
2915 1846 3014 1887 us-

397 1920 515 1977 υἱέα
546 1919 982 1993 eomemplaliva
1014 1912 1241 1997 (Migne
1271 1917 1418 1989 LIX,
1461 1927 1678 1981 415-
1735 1918 1873 1977 dem
1902 1919 2288 1995 biographias
2320 1919 2565 1996 collegit
2593 1919 2658 1978 in
2689 1920 2928 1995 egregia
2958 1925 3024 1977 et

403 2003 574 2089 520).
623 2007 796 2066 Teste
827 2006 1132 2066 Isidoro
1163 2007 1315 2082 hisp.
1349 2007 1421 2064 de
1455 2007 1561 2065 vir.
1593 2007 1678 2066 ill.
1736 2010 2008 2067 accurata
2037 2008 2300 2068 editione
2331 2008 2528 2084 operis
2551 2009 2677 2084 jam
2709 2007 2830 2066 rari
2861 2007 3019 2065 Col-

398 2115 444 2156 c.
481 2106 558 2160 25
594 2095 930 2172 composuit
957 2098 1019 2154 et
1050 2094 1197 2155 alios
1229 2094 1415 2154 libros
1446 2098 1520 2154 ut
1549 2095 1609 2154 ll.
1641 2105 1676 2160 8
1736 2115 1882 2173 gan
1915 2097 1980 2156 Ο.
2013 2097 2069 2160 S.
2091 2098 2181 2160 Fr.
2202 2097 2368 2157 Trias
2388 2097 2874 2174 Thaumauturga
2904 2096 3017 2155 Lo-

399 2186 462 2244 in
494 2185 712 2263 dialogi
734 2203 957 2243 morem
988 2185 1057 2243 de
1081 2186 1312 2244 animae
1345 2193 1578 2262 natura,
1615 2185 1680 2244 in
1734 2186 1895 2246 vanii
1967 2195 2127 2249 1647
2194 2187 2484 2264 inscripta
2545 2187 2667 2246 The
2722 2185 3024 2262 tripartite

398 2292 650 2351 quornm
674 2284 732 2336 2.
780 2310 809 2341 ,
823 2273 1183 2333 Tertulliani
1203 2274 1506 2333 erroribus
1537 2293 1675 2334 con·
1736 2275 1861 2334 Life
1893 2274 1962 2334 of
1973 2279 2055 2339 St.
2077 2276 2283 2335 Patrik
2301 2276 2450 2334 with
2468 2277 2640 2335 other
2659 2275 3023 2334 Documenta

399 2364 679 2432 sentiens,
712 2363 965 2422 unimam
997 2380 1125 2421 esse
1161 2380 1495 2439 corpoream
1529 2362 1682 2422 dixit
1738 2364 1997 2442 relating
2039 2368 2102 2423 to
2147 2365 2282 2423 that
2325 2365 2508 2436 Saint,
2557 2364 2813 2424 Londini
2854 2371 3011 2427 1887

399 2451 756 2527 quibusdam
805 2452 913 2511 hoc
959 2450 1270 2511 fallacibus
1313 2451 1678 2529 argumentis
1733 2456 1778 2517 t.
1815 2463 1884 2524 23
1931 2455 2020 2515 cd.
2067 2455 2331 2514 criticam
2376 2453 2557 2513 habes
2596 2453 2939 2512 adornatam
2985 2472 3024 2510 a

397 2542 702 2601 adstruere
722 2540 1159 2613 contenden83‘
1193 2544 1256 2601 et
1284 2541 1321 2605 l.
1343 2542 1412 2601 de
1432 2543 1675 2619 virqini-
1736 2542 1859 2602 Car.
1910 2542 2212 2604 Vollmo
2230 2544 2381 2604 ller
2422 2543 2487 2602 in
2520 2543 2716 2621 Organ
2745 2542 2845 2602 fiir
2874 2560 3019 2601 rom.

398 2632 501 2690 bus
530 2632 918 2706 instituendis,
967 2631 1071 2706 qui
1120 2636 1320 2690 tamen
1350 2632 1678 2706 perierunt.
1736 2632 2036 2708 Sprachen
2083 2634 2206 2692 und
2238 2632 2620 2692 Mittellatein
2652 2633 2749 2702 VI,
2805 2641 3015 2695 143——

397 2720 596 2799 Magni
629 2719 820 2778 factus
851 2722 944 2777 est
972 2720 1280 2779 Pomerius
1311 2721 1384 2779 ab
1416 2720 1677 2796 aequali·
1741 2730 1884 2786 197.
1918 2721 2190 2781 Genuina
2219 2725 2536 2781 censentur
2565 2722 2694 2798 ejus
2715 2722 3016 2795 conse-esic,

394 2810 540 2881 bus;
587 2808 738 2868 obiit
784 2826 923 2867 vero
970 2807 1124 2867 circa
1151 2828 1202 2868 a.
1237 2818 1362 2873 498
1400 2810 1494 2867 vel
1529 2819 1675 2871 499.
1732 2810 1797 2869 in
1829 2830 1948 2886 qua
1968 2827 2088 2870 non
2107 2810 2245 2869 fidei
2264 2810 2548 2887 proponit
2568 2829 2876 2880 summam,
2912 2809 3017 2866 sed

398 2898 562 2974 Opus
610 2916 795 2973 supra
842 2897 1094 2956 citatum
1142 2897 1368 2974 prodiit
1417 2898 1676 2973 primum
1733 2898 1893 2958 vitae
1956 2918 2063 2959 seu
2124 2899 2469 2958 missionem
2520 2916 2763 2957 suarum
2811 2900 3023 2955 narrat

397 2987 509 3046 sub
561 2986 931 3061 Prosperi
980 2986 1237 3056 nomine,
1300 2989 1372 3044 ut
1433 2986 1676 3044 Parisiis
1733 2988 2114 3059 curriculum,
2168 2991 2231 3048 et
2273 2988 2514 3062 epistola
2543 2988 2615 3046 ad
2649 2986 3018 3047 Christianos

406 3085 561 3139 1711
590 3075 655 3135 in
687 3075 725 3135 f.
758 3077 868 3134 etc.
914 3074 1489 3148 Cf.Nirsch1111§
1514 3082 1675 3145 2623
1732 3076 2000 3135 Corotico
2032 3079 2287 3153 tyranno
2321 3076 2627 3135 subditos:
2664 3092 2785 3133 non
2815 3078 3014 3133 tamen

395 3163 552 3230 Hist.
601 3163 692 3224 lit.
741 3163 818 3238 ΙΙ,
886 3173 1270 3235 665-675;
1332 3163 1669 3222 Barden·
1732 3164 1953 3225 desunt
1968 3182 2077 3239 pro
2092 3183 2271 3235 more,
2292 3165 2475 3241 quiet
2490 3165 2561 3223 de
2576 3165 2789 3223 horum
2804 3163 3017 3240 genui-

395 3253 645 3313 hewer
691 3252 810 3312 KL.
860 3252 929 3323 X,
989 3262 1128 3316 156.
1179 3286 1258 3297 -
1307 3253 1674 3324 ,Paulus,
1731 3253 1920 3312 nitate
1943 3254 2069 3329 jam
2101 3256 2382 3314 moveant
2412 3251 2676 3332 dubia2).

395 3342 724 3419 presbyter,
772 3341 957 3401 refert
1002 3341 1458 3401 Gennadius
1490 3360 1536 3400 c.
1575 3350 1674 3412 75,
1735 3413 1811 3421 ‚-

395 3434 465 3490 ut
509 3449 580 3491 ex
625 3430 802 3489 dictis
846 3431 978 3505 ejus
1030 3430 1278 3508 cognovi
1309 3430 1672 3501 Pannonius,
1809 3498 1847 3567 ι)
1875 3494 1958 3550 Οἱ
1988 3495 2368 3550 Mol-tigne
2384 3493 2840 3551 DublinReview
2863 3499 3017 3550 1883.

396 3520 633 3597 seripffit
676 3520 745 3578 de
773 3520 1099 3620 ‘'immitit“
1127 3521 1506 3621 sfrms'daflt
1536 3538 1674 3579 ⁰⁰¹²-
1734 3568 1825 3632 IX,
1857 3572 2046 3632 1—32,
2074 3566 2177 3635 qui
2203 3570 2415 3632 tuetur,
2456 3584 2587 3623 eum
2628 3582 2745 3620 esse
2782 3564 3014 3633 quidem

395 3611 631 3685 tempta
653 3607 861 3667 mundl
892 3625 959 3667 ac
980 3611 1137 3667 vitae
1168 3611 1549 3669 institutione
1582 3608 1675 3667 vel
1731 3638 1977 3702 Gallum,
2006 3639 2104 3692 sed
2143 3637 2467 3692 nativitatis
2508 3640 2694 3693 locum
2735 3636 2848 3690 assi
2931 3635 3017 3689 ari

396 3716 628 3758 morum
658 3698 1020 3757 001'1'0050110
1064 3697 1345 3756 mediocri
1389 3715 1673 3766 sermone,
1731 3725 1847 3763 non
1872 3726 2053 3779 posse.
2098 3709 2391 3764 Malone
2419 3726 2551 3764 vero
2577 3709 2654 3763 ib.
2685 3714 2821 3765 1886
2898 3712 3015 3763 032

394 3787 498 3845 sed
549 3786 752 3845 divino
803 3785 1069 3846 conditos
1119 3787 1242 3846 sale
1289 3786 1356 3851 ll,
1400 3786 1551 3845 duos
1600 3785 1674 3844 ad
1730 3801 1788 3863 p.
1815 3787 2067 3838 314-34
2107 3781 2334 3851 rejectis
2373 3782 2599 3836 duabus
2644 3778 3018 3850 opinionibus

394 3894 706 3951 personam
739 3875 1052 3951 cujusdam
1071 3875 1288 3934 nobilis
1309 3875 1540 3934 Christo
1573 3875 1673 3933 de·
1729 3870 1791 3906 ¹¹¹
1855 3854 2018 3906 “¹²³
2081 3851 2387 3934 assignatis
2446 3853 2638 3934 1⁰⁰⁰ss
2690 3849 3017 3933 nativitatis

934 3955 945 3966 ·
1729 3939 1909 3993 prope
1938 3923 2084 3977 Bath
2112 3941 2172 3979 m
2199 3925 2412 3994 Angha
2439 3926 2665 4005 reperit,
2702 3939 2798 3976 cui
2823 3925 3014 3975 tamen

1730 4011 1862 4049 mox
1887 3993 2077 4048 thesin
2105 3995 2378 4065 opposuit
2404 3995 2566 4051 Cohn
2594 3994 2651 4048 C.
2680 3992 2725 4047 G
2743 4011 2771 4046 r
2786 4009 2819 4046 a
2835 4013 2873 4047 n
2889 3995 2914 4044 t
2938 3992 3017 4045 ib.

394 4064 523 4118 dem
542 4074 665 4119 acta
688 4080 721 4118 a
751 4065 791 4119 O
809 4081 841 4118 o
858 4082 951 4119 sm
967 4081 1001 4117 a
1026 4065 1096 4118 de
1114 4064 1328 4118 Phanir
1347 4066 1675 4136 presbytero
1732 4066 1821 4120 No
1849 4073 1918 4122 33
1945 4081 2074 4136 pag.
2103 4072 2350 4123 334-59
2391 4066 2639 4121 Scotiam
2680 4080 2797 4118 esse
2833 4062 3016 4116 sancti

394 4152 523 4204 syro
549 4136 803 4206 ejusdem
848 4135 1121 4190 iamiliari
1166 4137 1487 4206 conscripta
1523 4135 1676 4190 chal·
1731 4136 1913 4191 nostri
1940 4137 2204 4206 patriam.
2256 4137 2384 4192 Non
2410 4135 2596 4191 tacuit
2634 4135 2691 4190 M
2708 4136 2879 4189 alon
2896 4150 2925 4186 e
2952 4132 3013 4185 in

394 4207 555 4260 daice
582 4209 643 4260 et
663 4206 842 4262 latine
862 4206 1046 4260 edidit
1071 4207 1149 4261 St.
1174 4206 1272 4264 Ev.
1299 4210 1349 4261 A
1366 4225 1391 4261 s
1407 4225 1433 4260 s
1448 4224 1477 4261 e
1496 4227 1550 4261 m
1566 4223 1600 4260 a
1616 4225 1676 4262 n·
1736 4216 1871 4266 1887
1899 4208 1997 4262 Nr.
2026 4215 2095 4265 36
2120 4228 2175 4279 p.
2204 4212 2306 4265 387
2314 4216 2475 4264 -401
2512 4213 2666 4262 stans
2686 4206 2895 4260 iterum
2911 4220 3012 4285 pro

395 4297 433 4330 ιι
449 4295 487 4331 ιι
503 4295 528 4331 s
555 4277 616 4332 izi
643 4279 769 4332 Act.
789 4295 859 4331 ss.
880 4277 1062 4342 Mart.,
1080 4277 1290 4332 Romae
1315 4279 1533 4342 174811,
1551 4284 1675 4335 268-
1731 4279 1963 4349 Anglia,
1989 4279 2086 4333 sed
2112 4278 2405 4350 assignato
2439 4280 2562 4349 jam
2600 4278 2717 4331 alio
2744 4275 3011 4330 nativita-

395 4356 515 4406 398.
543 4381 612 4391 -
640 4348 1029 4404 Schnoudi
1069 4348 1298 4402 abbatis
1341 4349 1674 4404 monasterii
1730 4352 1806 4405 tis
1854 4350 2000 4407 loco,
2051 4350 2134 4405 Cf.
2177 4351 2467 4405 Kaulen
2513 4349 2625 4406 KL.
2672 4349 2763 4413 IX,
2809 4354 3013 4404 1610-

395 4420 658 4475 Athribis
699 4420 761 4475 in
805 4422 1069 4490 Aegypto
1109 4424 1356 4489 epo'stulaa
1395 4421 1674 4488 quasdam
1736 4429 1889 4480 1615.

394 4491 579 4546 edidit
627 4491 963 4546 Amelineau
1015 4491 1078 4545 in
1118 4491 1483 4545 Monuments
1527 4508 1676 4562 pour
1808 4499 1847 4566 2)
1875 4493 2010 4548 Eam
2060 4510 2145 4547 ex.
2190 4512 2274 4564 gr.
2321 4496 2496 4575 negat
2537 4494 2589 4546 J.
2627 4509 2679 4548 v.
2709 4490 2751 4544 P
2770 4490 2880 4544 flu
2898 4508 2936 4556 g
2953 4488 3012 4540 k·

394 4563 573 4616 servir
598 4566 632 4617 a
656 4562 935 4617 l'histoire
962 4563 1030 4615 de
1052 4562 1317 4633 l'Egypte
1343 4563 1674 4618 chretienne
1730 4564 1783 4618 H
1798 4581 1833 4618 a
1849 4583 1877 4616 r
1892 4568 1958 4619 tt
1974 4584 2009 4619 ιι
2027 4583 2066 4618 ιι
2081 4584 2119 4636 g
2140 4564 2232 4619 die
2257 4564 2544 4620 Schriften
2572 4564 2643 4617 N.
2672 4560 2930 4616 Patricks
2951 4558 3009 4612 in

392 4651 468 4688 au
494 4635 591 4689 IV.
618 4637 676 4687 et
701 4633 768 4687 V.
809 4633 975 4688 siecle
1002 4635 1042 4698 I,
1073 4640 1189 4690 101.
1228 4665 1285 4674 -
1310 4633 1391 4687 De
1420 4634 1462 4686 P
1479 4652 1511 4688 o
1528 4651 1600 4688 rc
1620 4650 1674 4688 a·
1731 4636 1893 4690 Neue
1922 4635 2330 4707 Heidelberger
2354 4635 2712 4690 Jahrbucher
2753 4639 2890 4689 1893
2918 4632 3011 4695 ΙΙΙ,

394 4705 455 4758 ri
473 4723 505 4759 o
541 4707 748 4760 abbate
774 4706 1105 4758 monasterii
1130 4704 1427 4760 lerinensis
1453 4709 1518 4776 (c.
1549 4709 1673 4777 486)
1729 4711 1961 4764 71—84.
2013 4706 2096 4761 Cf.
2148 4706 2193 4760 B
2210 4726 2239 4762 e
2256 4708 2354 4763 lle
2373 4726 2398 4761 s
2417 4708 2453 4761 h
2471 4724 2499 4760 e
2518 4708 2534 4760 i
2554 4726 2610 4760 m
2663 4706 2861 4760 Gesch.
2912 4701 3012 4755 der

397 4777 466 4830 cf.
496 4776 640 4833 Hist.
669 4775 755 4831 lit.
783 4776 833 4828 ΙΙ
861 4794 915 4846 p.
944 4778 1065 4833 687.
1731 4778 1889 4831 kath.
1917 4777 2127 4834 Kirche
2152 4778 2215 4832 in
2233 4780 2344 4845 Irl.,
2372 4777 2794 4842 Main21890.1,
2814 4781 3011 4832 1-68:
