3505 5161
355 255 435 307 80
447 255 478 305 5
1128 248 1132 253 ⁴
1331 231 1670 287 Hincmarus
1694 232 1984 287 remensis.
2845 248 2969 303 305

355 422 649 481 mittendo
665 422 922 480 divortio
937 416 1205 504 aperitl).
1236 455 1323 463 ——
1355 421 1416 478 L.
1450 421 1521 479 de
1548 440 1638 478 re·
1699 419 2013 495 Incipiunt
2031 419 2093 478 hi
2114 418 2354 477 annales
2385 419 2459 477 ab
2491 438 2541 477 a.
2580 428 2611 481 ‘c‘
2623 428 2697 482 41
2751 420 2813 477 et
2843 437 2968 477 sae-

350 515 444 589 9is
464 530 723 586 persona
756 514 818 569 et
847 511 1011 587 regio
1057 510 1391 569 ministerio
1424 509 1498 568 ad
1531 510 1634 568 Ca·
1693 509 1832 584 pius
1863 509 2235 583 prodierunt,
2278 511 2350 566 ut
2397 506 2555 582 apud
2587 507 2971 567 Muratori

355 601 552 660 rolum
583 600 827 659 Calvum
858 602 953 659 est
971 600 1277 674 speculum
1298 598 1635 675 principum
1692 616 1826 657 cum
1863 597 2142 675 anonymi
2174 596 2619 656 continuatione
2651 596 2724 655 ad
2755 616 2804 655 a.
2842 608 2963 660 900

354 690 744 766 compilatum
776 708 847 748 ex
893 707 938 751 s,
974 689 1315 764 Scripturae
1349 688 1544 747 effatis
1577 691 1639 746 et
1692 687 1858 746 inter
1889 687 2102 762 Script.
2136 705 2248 746 rer.
2280 688 2354 747 It.
2386 686 2461 755 11,
2501 694 2555 755 2,
2592 694 2965 754 495—-576;

356 785 593 857 patrum
653 778 1014 837 testimoniis
1064 775 1168 859 (ib.
1223 773 1634 857 833—857);
1691 776 1766 835 ab
1801 796 1850 835 a.
1888 785 2175 840 830-882
2211 775 2369 852 apud
2401 775 2623 833 Pertz
2654 774 2717 834 in
2748 775 2904 834 Mon.
2920 776 2965 844 Ι,

356 868 430 927 ad
463 868 715 927 eundem
750 870 895 925 sunt
925 867 1103 925 eiiam
1133 867 1421 942 opuscula
1451 862 1523 924 de
1540 885 1635 924 ca·
1693 874 2042 929 423-—515
2078 865 2187 926 col.
2219 865 2294 935 II,
2337 873 2492 935 1933
2525 864 2778 940 Migne
2804 864 2965 933 CXV,

356 958 551 1016 vendis
610 959 764 1015 vitiis
824 965 875 1014 et
935 957 1268 1015 exercendis
1324 956 1637 1015 virtutibus
1698 963 2129 1018 1377—1420
2153 952 2234 1031 (p.
2256 949 2359 1034 11.)
2382 956 2443 1011 et
2457 972 2515 1029 p.
2534 953 2637 1013 111.
2653 952 2966 1025 ib.CXXV‚

352 1042 792 1129 (857—930);
852 1047 922 1103 de
964 1046 1190 1103 diversa
1234 1052 1287 1104 et
1333 1046 1636 1118 multiplici
1699 1052 2159 1113 1203—13023
2223 1043 2339 1102 Les
2379 1043 2638 1101 Annales
2668 1044 2736 1100 de
2767 1042 2964 1101 Saint-

351 1140 585 1195 am'mae
613 1137 839 1194 ratione
879 1131 1305 1217 (929—953).
1369 1134 1461 1193 Ad
1507 1134 1633 1210 epi·
1688 1134 1894 1192 Berlin
1939 1136 2002 1192 et
2046 1133 2118 1190 de
2150 1133 2320 1193 Saint
2351 1132 2496 1191 Vast
2540 1135 2650 1190 etc.
2696 1132 2966 1208 publiees

356 1243 562 1302 scopos
594 1228 653 1284 et
685 1242 957 1300 proceres
978 1224 1317 1298 provinciae
1349 1222 1632 1282 remensis
1690 1241 1846 1299 pour
1875 1223 1935 1281 la
1965 1222 2094 1284 Soc.
2126 1221 2198 1280 de
2229 1222 2368 1280 bist.
2416 1222 2487 1279 de
2519 1220 2739 1279 France
2770 1240 2879 1297 par
2910 1222 2965 1282 C.

352 1318 424 1373 [Ie
452 1315 564 1389 fide
596 1314 804 1373 Carolo
835 1314 962 1390 reyi
991 1313 1295 1389 servanda,
1348 1331 1482 1371 cum
1516 1313 1633 1370 Lu·
1690 1312 2137 1382 Dehaisnes,
2175 1310 2337 1369 Paris
2362 1320 2516 1373 1871
2545 1311 2740 1380 ;inter
2755 1310 2965 1385 Script.

353 1403 597 1463 dovicus
629 1403 851 1462 iterum
882 1402 1073 1461 Caroli
1117 1400 1322 1461 fratris
1369 1403 1464 1461 sui
1496 1421 1632 1479 reg·
1688 1419 1800 1459 rer.
1816 1401 2006 1462 Germ.
2029 1400 2093 1458 in
2110 1418 2290 1459 usum
2314 1398 2491 1462 schol.
2513 1417 2626 1462 rec.
2659 1399 2723 1460 G.
2741 1400 2966 1458 Waitz

352 1512 517 1562 num,
580 1492 686 1551 illo
731 1493 994 1562 absente,
1044 1491 1360 1567 impeteret
1406 1511 1455 1549 a.
1505 1499 1626 1553 875
1687 1490 2078 1549 Hannoverae
2133 1498 2316 1552 1883.
2369 1522 2439 1531 —
2494 1488 2694 1565 Magni
2725 1506 2965 1564 quoque

352 1579 787 1662 (961—984);
824 1581 897 1639 ad
928 1599 1197 1656 proceres
1217 1580 1386 1657 regni
1410 1582 1630 1653 proin·
1687 1579 1973 1638 momenti
2022 1597 2129 1653 pro
2179 1577 2429 1637 historia
2471 1577 2639 1635 illius
2678 1578 2964 1653 temporis

353 1673 644 1729 stitutione
687 1670 1100 1729 Carolomanni
1142 1672 1299 1745 reqis·
1340 1674 1403 1729 et
1433 1670 1505 1728 de
1536 1687 1630 1727 or·
1687 1672 1830 1726 sunt
1861 1668 1990 1742 ejus
2034 1669 2322 1740 epistolae,
2370 1666 2603 1741 aliquae
2648 1665 2963 1724 admodum

349 1760 491 1819 dine
511 1759 715 1836 palatii
749 1755 1171 1840 (993—1008
1206 1778 1275 1817 ex
1297 1758 1632 1816 Adalhardo
1687 1757 1967 1832 prolixae,
2003 1757 2066 1815 in
2097 1757 2318 1832 quibus
2350 1757 2569 1813 tractat
2598 1772 2804 1813 causas
2828 1774 2962 1831 gra-

354 1849 424 1907 cf.
456 1869 512 1924 p.
552 1860 583 1911 7
596 1845 725 1930 65).
790 1848 1205 1923 Expositiones
1251 1848 1324 1906 ad
1356 1847 1629 1906 carolum
1687 1846 1982 1906 vissimas.
2043 1846 2263 1905 Earum
2295 1844 2392 1904 LV
2424 1844 2664 1903 exhibet
2706 1843 2962 1921 Migne

354 1957 553 2015 regem
590 1956 709 2011 pro
739 1937 1025 1997 Ecclesiae
1072 1937 1400 1995 libertatum
1431 1938 1625 2012 defen·
1688 1934 1934 2006 CXXVI,
1973 1944 2251 1999 9--280.
2287 1968 2371 1979 -—
2403 1933 2594 2008 Opera
2611 1933 2839 1992 inedita
2857 1951 2962 1991 seu

352 2031 511 2086 sione
555 2022 1080 2108 (1035—1070);
1131 2028 1194 2084 et
1234 2027 1441 2102 plures
1486 2026 1633 2084 aliae
1687 2024 1995 2100 deperdita
2023 2042 2203 2100 quam
2234 2023 2495 2099 plurima
2522 2021 2840 2099 diligenter
2868 2040 2960 2080 re-

354 2118 757 2175 instructiones
830 2134 936 2191 pro
999 2115 1260 2192 regibus,
1321 2114 1630 2191 episcopie,
1687 2118 1883 2172 censet
1926 2113 2080 2172 Hist.
2125 2113 2216 2171 lit.
2262 2112 2335 2171 de
2365 2112 2457 2169 Fr.
2492 2111 2557 2181 V,
2598 2120 2962 2174 544—594.

352 2205 737 2282 presbyteris,
756 2205 1018 2281 capitula
1051 2204 1374 2281 synodalia.
1407 2204 1632 2263 Nume-
1687 2203 2011 2279 Tamquam
2073 2202 2360 2261 anecdota
2418 2200 2578 2259 edita
2624 2201 2789 2259 fuere
2844 2199 2961 2259 duo

354 2298 568 2353 rantur
598 2295 761 2353 ultra
796 2305 876 2357 60
910 2293 1199 2370 ejusmodi
1222 2294 1524 2369 opuscula.
1547 2324 1631 2336 --
1687 2293 1972 2369 opuscula
2017 2312 2053 2351 a
2096 2292 2402 2351 Gauden
2417 2290 2475 2349 zi
2512 2289 2578 2348 in
2606 2289 2962 2349 bibliotheca

370 2384 497 2442 Vita
518 2403 563 2444 s.
586 2384 832 2461 Remiqa·
850 2383 1169 2443 Remorum
1188 2380 1630 2458 archiepiscopi,
1682 2380 1944 2458 juridica
1975 2381 2154 2440 medii
2185 2381 2314 2441 aevi
2345 2379 2647 2439 Bononiae
2687 2387 2849 2442 1892
2883 2377 2960 2448 II,

355 2472 598 2532 minoris
629 2472 809 2548 pretii
839 2471 1191 2550 historici2)‚
1222 2476 1316 2531 est
1333 2472 1491 2530 enim
1513 2471 1631 2529 col·
1695 2480 1907 2535 7—-23
1944 2471 2069 2530 scil.
2102 2470 2379 2530 Collectio
2410 2470 2481 2527 de
2508 2471 2754 2527 ecclesiis
2783 2476 2834 2526 et
2866 2487 2961 2526 ea-

354 2562 526 2622 lectio
561 2580 669 2621 seu
699 2561 961 2621 narratio
980 2560 1631 2639 verbosalegendarum
1678 2562 1872 2637 pellis,
1909 2563 1972 2619 et
2019 2561 2353 2620 Admonitio
2397 2565 2598 2618 contra
2630 2559 2962 2618 ecclesiasti-

354 2653 482 2711 sine
545 2652 746 2711 debita
807 2651 941 2709 crisi
1010 2647 1091 2732 (p.
1149 2649 1633 2729 1129-1198).
1688 2670 1893 2709 carum
1941 2669 2140 2709 rerum
2200 2658 2469 2723 raptores
2528 2652 2589 2706 et
2631 2667 2964 2724 pauperum

355 2743 615 2801 Annales
643 2740 785 2811 sive,
808 2740 1134 2799 Annalium
1152 2739 1632 2799 Bertinianorum
1688 2755 2101 2816 oppressores:
2134 2758 2342 2798 verum
2363 2738 2528 2797 illam
2551 2735 2816 2796 ediderat
2837 2738 2964 2812 jam

353 2852 409 2907 p.
443 2831 548 2889 111.
595 2831 668 2889 ab
716 2850 764 2888 a.
801 2838 1168 2900 861-882,
1220 2830 1481 2904 pretiosa
1528 2828 1633 2886 ad·
1690 2828 2092 2887 Gundlach
2137 2828 2201 2886 in
2232 2828 2373 2887 diss.
2406 2827 2587 2885 citata
2632 2828 2694 2884 et
2723 2825 2962 2900 quidem

354 2919 594 2978 modum
646 2938 755 2994 pro
806 2918 1054 2977 historia
1114 2918 1210 2977 sui
1268 2917 1551 2993 temporis
1563 2913 1631 2996 8).
1686 2918 1999 2995 integram,
2050 2935 2187 2976 cum
2237 2915 2592 2992 opusculum
2644 2914 2965 2973 Gaudentii

435 3027 467 3091 ¹)
496 3022 855 3074 Schroers
883 3022 919 3073 1.
948 3026 1148 3089 c.p.9:
1176 3017 1286 3071 Ein
1312 3016 1632 3088 publicisti-
1686 3007 1767 3065 sit
1812 3010 2048 3065 tantum
2098 3006 2383 3082 quaedam
2427 3005 2557 3080 ejus
2618 3000 2964 3087 epitome¹);

352 3092 512 3144 sebee
564 3091 970 3145 Meisterwerk.
1034 3090 1163 3144 Non
1216 3093 1407 3143 tamen
1457 3088 1518 3144 in
1567 3105 1632 3142 ³0
1688 3097 1877 3155 altera
1906 3095 2066 3154 edita
2095 3095 2215 3153 fuit
2237 3096 2361 3171 jam
2402 3113 2436 3152 a
2478 3093 2714 3152 duobus
2747 3094 2965 3151 seculis

352 3162 546 3216 omnia
572 3166 710 3216 sunt
733 3162 1049 3231 probanda,
1076 3161 1380 3228 minusque
1406 3161 1633 3213 honori·
1690 3181 1790 3266 (Of.
1838 3185 2034 3261 Migne
2082 3183 2325 3253 CXXVI,
2385 3175 2779 3262 126-132).
2833 3182 2964 3240 car-

354 3235 454 3288 fice
472 3234 540 3287 de
557 3251 621 3288 eo
640 3236 832 3288 censet
854 3235 890 3288 S
906 3235 942 3286 d
957 3250 986 3286 r
1000 3235 1067 3288 al
1085 3250 1113 3286 e
1130 3229 1168 3285 k
1196 3230 1505 3285 Hinkmars
1521 3249 1632 3285 von
1755 3274 1767 3287 .
2011 3273 2022 3285 .

355 3304 421 3357 R.
471 3304 928 3359 kanonistisches
980 3303 1303 3358 Gutachten
1356 3303 1495 3356 iiber
1540 3303 1633 3356 die
1687 3294 1849 3333 mma
1895 3274 2133 3333 0⁸h¹b⁰t
2172 3274 2218 3331 Τ
2233 3292 2266 3332 Υ
2279 3292 2313 3331 ⁸
2327 3292 2369 3331 Π
2384 3271 2423 3330 b
2439 3291 2471 3331 θ
2511 3272 2637 3333 MG·
2670 3274 2826 3347 Poet-
2858 3270 2964 3342 ῙῙῙ,

356 3375 796 3446 Rhescheidung
845 3375 1037 3446 Konig
1086 3376 1326 3430 Lothars
1367 3376 1434 3438 11,
1485 3374 1633 3428 Frei·
1691 3373 2059 3426 409—420.
2127 3432 2133 3437 .

353 3449 501 3518 burg
528 3447 564 3500 i.
592 3447 653 3500 B.
686 3451 836 3504 1881.
1813 3462 1955 3515 441.
2021 3452 2370 3528 Sequuntur
2431 3450 2685 3525 denique
2746 3449 2809 3507 in
2871 3449 2962 3509 ed.

357 3525 472 3643 Hit}
502 3519 712 3573 Durius
747 3519 1061 3643 ,ΟΞΨΒῘΟΠΘ
1124 3517 1297 3586 bnjm*
1361 3516 1512 3597 ‘Istae
1545 3516 1634 3598 ,ᾶθ
1689 3541 1783 3600 Mi
1799 3559 1940 3618 gne
2001 3540 2286 3616 opuscula
2346 3542 2407 3598 et
2466 3539 2768 3614 epistolae,
2814 3556 2968 3613 quae

477 3608 664 3644 omaro
734 3608 800 3658 Ju
848 3593 963 3644 icat
1024 3588 1313 3643 Krusch
1375 3606 1436 3641 in
1500 3588 1633 3641 diss.

357 3660 613 3717 Reimser
678 3660 1395 3731 Remigius-Falschungen
1446 3659 1635 3713 Neues
1691 3634 1961 3731 specum-t
2004 3630 2075 3688 ad
2123 3648 2364 3688 oausam
2410 3628 2807 3687 Hinssmflri
2838 3629 2967 3686 ¹⁸¹1·

356 3734 523 3789 Arch.
570 3735 671 3786 der
714 3732 1017 3788 Gesenseh.
1063 3734 1102 3787 f.
1143 3738 1192 3785 a.
1233 3730 1506 3785 deutsche
1534 3730 1635 3784 Ge-
1690 3721 1978 3779 dunensis
2011 3718 2279 3796 (CXXVI,
2316 3713 2712 3796 279—64s)‚
2745 3717 2817 3776 de
2849 3736 2969 3792 qua

355 3803 802 3858 sebichtskunde
828 3804 949 3867 XX,
978 3809 1275 3867 511—568‚
1315 3801 1418 3870 qui
1444 3802 1636 3871 ipsum
1689 3809 1951 3868 breviter
2012 3808 2221 3865 saltem
2285 3805 2583 3884 agendum
2644 3810 2752 3869 est.
2825 3805 2969 3864 Erat

357 3878 592 3999 ..nogium
620 3875 948 3966 fffl⁸a¹⁸i¹²m“
977 3874 1250 3985 “ppelolat‘
1286 3873 1423 3927 Eam
1452 3873 1639 3927 edidit
1691 3899 2048 3956 Hincmarus
2112 3896 2498 3955 laudunensis
2544 3896 2733 3953 nostri
2784 3895 2965 3953 Hinc·

357 3965 471 4072 mnf,
500 3947 582 4072 ((ἷὲ
600 3948 996 4072 Sss'ortez'hnglfft
1014 3946 1110 4070 [gg
1137 3950 1634 4069 ‘ggssgssl'eomm
1690 3987 1841 4045 mari
1872 4005 1940 4045 ex
1973 4003 2171 4044 sorore
2202 4003 2388 4059 nepos
2420 3984 2732 4058 factusque
2760 3986 2854 4042 est
2865 3985 2965 4060 ju·

356 4077 686 4144 auctoribus
714 4093 768 4143 et
797 4088 1147 4144 editionibus
1174 4107 1228 4157 p.
1256 4095 1355 4146 54;
1407 4087 1635 4140 Schro-
1694 4075 1859 4134 venis
1922 4074 2236 4150 episcopus
2287 4073 2675 4131 laudunensis
2727 4092 2774 4131 a.
2825 4081 2968 4135 858.

356 4176 470 4213 ers
497 4159 611 4214 l.c.:
640 4161 741 4214 Als
768 4160 1206 4230 Historiograph
1246 4158 1344 4213 des
1372 4157 1636 4213 Selbster-
1692 4163 1994 4240 Temporis
2042 4163 2218 4238 lapsu
2268 4180 2328 4220 50
2391 4161 2536 4219 gatis
2583 4164 2969 4218 contumaeen

356 4232 547 4285 lebten
577 4232 732 4286 steht
746 4249 806 4285 er
822 4232 1109 4285 durchaus
1124 4230 1340 4284 aufder
1362 4230 1517 4284 Hohe
1538 4229 1638 4282 der
1692 4254 1955 4313 ostendit
1984 4255 2109 4310 tam
2140 4251 2423 4310 adversus
2468 4268 2664 4326 regem
2697 4249 2968 4308 carolum

360 4303 639 4373 Aufgabe.
692 4303 858 4357 Seine
886 4319 998 4357 von
1033 4307 1265 4358 sel-882
1292 4301 1636 4354 reichenden

354 4374 712 4429 Jahrbiieher
729 4415 741 4427 .
760 4416 772 4429 .
792 4414 804 4427 .
830 4373 1205 4428 beherrschen
1225 4373 1389 4426 ihren
1404 4388 1636 4453 grossen
1693 4343 1953 4410 calvum’
2018 4360 2197 4415 quam
2261 4341 2544 4398 adversus
2607 4339 2969 4397 ammomum

361 4447 509 4500 stoff
532 4446 918 4499 vonkommen
946 4444 1066 4498 und
1094 4444 1375 4514 gestamen
1401 4442 1505 4495 ihu
1532 4444 1639 4496 mit
1694 4431 2132 4507 metropolitam
2172 4447 2366 4498 suum,
2401 4431 2460 4485 et
2491 4427 2765 4503 quamvis
2798 4445 2970 4502 saepe

359 4517 856 4598 pragmatisehem,
898 4533 1064 4570 wenn
1083 4516 1252 4596 ’auch
1292 4514 1458 4567 nicht
1482 4531 1636 4596 ‘ganz
1694 4520 1916 4579 citatus
1948 4519 2147 4578 noluit
2166 4536 2361 4576 coram
2385 4517 2610 4593 synodo
2634 4516 2970 4574 duziacensi

360 4589 726 4658 parteilosem
756 4587 1203 4642 Verstandnisse.
1258 4586 1402 4640 Hist.
1432 4586 1539 4639 Lit.
1576 4587 1636 4649 V,

359 4663 463 4717 578
506 4673 546 4718 s,
594 4660 838 4718 dubitat.
883 4677 1022 4713 num
1068 4674 1262 4711 revera
1302 4657 1363 4710 hi
1402 4657 1637 4710 annales
1773 4660 1807 4728 ¹)
1836 4656 1916 4710 Of.
1962 4655 2169 4708 Gietl
2212 4654 2510 4707 Hincmars
2551 4651 2824 4706 Collectio
2865 4655 2971 4704 etc.

358 4730 476 4784 sint
494 4730 805 4795 HincmarL
821 4732 1044 4785 malunt
1063 4746 1157 4783 eos
1174 4728 1365 4798 potius
1387 4728 1636 4782 tribuere
1695 4726 1837 4781 Eine
1863 4727 2062 4782 Studie
2091 4745 2192 4779 zur
2218 4725 2553 4781 Geschiehte
2580 4723 2678 4777 des
2703 4722 2972 4776 Kirchen·

358 4803 586 4856 cuidam
615 4818 680 4855 ex
709 4802 832 4869 ejus
859 4800 1173 4869 discipulis.
1692 4799 1881 4854 rechts
1907 4798 1969 4851 in
1997 4798 2140 4851 Hist.
2169 4798 2364 4853 Jahrb.
2397 4803 2548 4853 1694.
2576 4794 2695 4859 XV,
2725 4796 2973 4851 556-573.

2548 4887 2641 4941 26·
