3505 5161
357 249 390 301 2
401 248 435 301 3
447 250 477 303 7
1146 302 1152 308 ,
1368 233 1421 288 S.
1450 231 1765 304 Epiphanii
1793 249 1982 303 opera.
2853 249 2886 301 2
2896 249 2930 303 3
2941 248 2974 303 8

356 418 550 495 graeci
582 422 914 495 supersunt
942 423 1182 480 tantum
1213 439 1293 481 cc.
1331 430 1447 491 243
1485 423 1639 481 inte-
1698 440 1851 496 quae
1890 420 2092 496 spuria
2141 422 2235 479 vel
2286 420 2468 478 dubia
2512 423 2668 489 sunt,
2716 422 2787 478 ut
2818 438 2976 478 com-

359 527 534 585 grum
566 526 716 583 opus
748 509 990 569 exhibet
1021 511 1364 587 Lagarde
1411 531 1478 570 ex
1511 501 1640 570 verss
1694 509 2024 569 mentarius
2037 510 2103 568 in
2117 509 2355 569 Cantica
2372 508 2761 585 Canticorum,
2781 509 2979 584 dequo

361 597 522 655 sione
567 597 797 673 syriaca
843 599 904 656 in
952 618 1043 675 op.
1076 599 1142 663 V.
1176 600 1236 658 T.
1283 600 1356 658 ab
1390 599 1643 677 Origene
1696 597 2977 676 Fessler-JungtmannIssl'?:,Com-

359 686 632 745 recensiti
664 680 1000 764 fragmenta
1028 688 1186 765 apud
1217 707 1381 764 syros
1414 693 1645 748 servata
1698 688 2057 747 monterium
2091 706 2331 763 quoque
2364 686 2673 762 scripsisse
2705 686 2979 763 perhibe-

363 775 646 851 quinque.
737 768 1157 835 Praemittitur
1215 778 1643 855 Epiphanii
1698 781 1802 836 tur
1847 778 1912 836 in
1944 776 2242 836 Canticum
2280 776 2649 835 Canticorum
2688 794 2979 835 memora-

366 865 432 922 de
464 867 749 923 mensuris
779 873 831 923 et
853 867 1206 945 ponderibus
1236 869 1271 924 l.
1318 886 1478 926 nunc
1525 868 1644 944 pri·
1696 870 1829 925 tum
1866 866 2008 925 olim
2041 886 2075 924 a
2106 865 2604 925 Cassiodorio
2639 864 2828 923 instit.
2862 864 2981 924 div.

364 973 529 1019 mum
560 953 798 1030 integer
828 946 1049 1031 etipse
1083 955 1370 1032 syriacu8‚
1407 957 1643 1015 Gottin-
1700 957 1736 1013 l.
1779 967 1803 1018 1
1846 974 1893 1017 c.
1933 964 1985 1024 5,
2032 957 2337 1032 repertum
2383 972 2574 1029 nuper
2614 953 2677 1010 in
2710 954 2981 1013 versione

366 1061 471 1117 gae
512 1051 710 1113 1880;
743 1046 805 1102 et
834 1045 1167 1120 germanice
1186 1061 1415 1105 necnon
1433 1064 1645 1122 graece
1699 1045 1885 1103 latina
1915 1045 2180 1120 antiqua,
2228 1044 2457 1103 editum
2503 1063 2537 1101 a
2582 1043 2644 1099 P.
2677 1043 2769 1101 Fr.
2801 1043 2894 1102 Fo
2912 1062 2980 1119 g·

367 1131 648 1191 versusin
665 1150 757 1207 op.
773 1133 1645 1209 Symmicta,Gottingen1880.
1699 1133 1917 1211 ginio
1952 1134 2167 1192 Romae
2208 1143 2391 1196 1750.
2438 1133 2628 1190 Multa
2659 1131 2730 1190 de
2763 1150 2830 1191 eo
2863 1132 2984 1189 dis·

366 1219 438 1283 11,
483 1229 858 1285 149—216:
907 1222 1021 1281 Des
1064 1222 1434 1298 Epiphanius
1478 1224 1645 1282 Buch
1700 1223 1959 1299 ceptatio
1993 1223 2261 1293 habetur,
2314 1221 2454 1297 quia
2496 1221 2653 1279 idem
2685 1239 2982 1280 commen-

367 1308 516 1367 iiber
563 1311 754 1368 Masse
804 1310 930 1368 und
980 1311 1297 1376 Gewichte.
1343 1346 1422 1355 --
1470 1313 1647 1371 Liber
1700 1313 1893 1370 tarius
1924 1312 2218 1370 tribuitur
2247 1311 2427 1369 etiam
2472 1308 2790 1369 Philoni
2842 1310 2980 1369 Car-

368 1398 431 1454 de
451 1399 748 1456 duodecim
762 1402 1018 1475 qemmis,
1054 1419 1208 1476 quae
1241 1402 1365 1460 scil.
1386 1405 1558 1460 erant
1581 1403 1645 1460 in
1699 1401 1865 1476 pasio
1897 1418 2004 1458 seu
2034 1398 2345 1475 Carpathio
2361 1395 2408 1480 1)
2443 1399 2505 1457 in
2537 1417 2689 1457 nova
2719 1399 2806 1461 ed.
2828 1417 2981 1474 quae

366 1486 661 1546 Rationali
692 1489 910 1546 summi
950 1488 1249 1565 pontificis
1278 1490 1315 1548 J
1322 1490 1646 1550 udaeorum
1701 1490 1788 1548 sic
1809 1489 2188 1548 inscribitur:
2209 1488 2572 1547 Philonis
2606 1505 2698 1563 ep.
2719 1487 2980 1562 Carpasii

355 1576 529 1650 juxta
558 1576 659 1637 Ex.
702 1585 794 1645 18,
837 1587 1262 1659 15-21;,39,
1300 1588 1513 1642 8-14
1548 1598 1642 1638 ro·
1701 1581 2001 1637 enarratio
2051 1580 2114 1636 in
2151 1579 2453 1637 Canticum
2487 1576 2857 1635 canticorum
2887 1596 2976 1652 gr.

363 1668 508 1740 gatu
539 1665 864 1724 Diodori
915 1666 1220 1737 tarsensis,
1247 1668 1422 1743 juxta
1470 1669 1646 1744 Fog-
1701 1672 1764 1726 et
1793 1668 1898 1726 lat.
1930 1667 2019 1725 ed.
2065 1686 2198 1726 cum
2243 1666 2404 1725 notis
2453 1666 2579 1724 suis
2613 1666 2688 1727 M.
2720 1665 2784 1723 Ε.
2818 1665 2980 1723 Gia-

363 1753 529 1829 gini
553 1753 616 1812 in
637 1756 816 1830 praef.
838 1774 979 1814 suae
1000 1757 1089 1815 ed.
1109 1757 1431 1833 praemissa
1450 1760 1511 1815 et
1526 1757 1645 1815 Til·
1701 1757 2080 1815 comellus
2127 1756 2341 1814 Romae
2413 1763 2575 1817 1772
2624 1756 2687 1813 in
2736 1765 2804 1823 43
2867 1772 2987 1813 rec.

361 1842 604 1910 lemont‚
634 1843 879 1902 Diodori
911 1844 1079 1921 Tyrii
1110 1864 1220 1921 ep„
1269 1846 1530 1923 scriptus
1563 1846 1645 1904 ei·
1701 1863 1838 1903 cum
1869 1845 2103 1903 erudita
2122 1844 2488 1920 praefatione
2522 1844 2581 1901 in
2616 1843 2979 1902 Gallandi

364 1950 478 2007 que
530 1950 667 1990 cum
717 1933 971 2007 epistola
1015 1935 1426 2006 transmissuS,
1474 1936 1646 2011 cujus
1700 1926 1845 1992 bibl.
1896 1935 1976 1992 lX
2024 1934 2274 2009 append.
2329 1942 2665 2002 713—‹393
2730 1933 2824 1991 Mi
2837 1950 2981 2008 gne

359 2025 558 2079 exstat
590 2020 809 2096 triplex
840 2023 1104 2080 recensio
1129 2043 1142 2081 ε
1175 2024 1426 2101 longior,
1460 2024 1645 2083 latine
1700 2023 1765 2086 P.
1787 2023 1850 2081 G.
1872 2023 1987 2091 XL,
2016 2031 2380 2086 27—154‘.
2400 2057 2488 2066 -
2507 2022 2684 2080 Liber
2704 2020 2984 2101 (dubius)

357 2113 614 2180 tantum,
648 2129 824 2184 quam
845 2111 1177 2189 Poggini
1210 2112 1402 2171 edidit
1429 2114 1645 2172 Romae
1701 2114 1780 2171 ad
1813 2113 2213 2190 Physioloqum
2248 2108 2422 2193 (forte
2455 2106 2884 2191 Aristotelem),
2919 2111 2980 2168 in

365 2208 555 2267 1743,
609 2203 788 2274 atque
839 2218 987 2275 opus
1033 2201 1318 2278 originale
1370 2203 1645 2261 exhibere
1701 2220 1820 2277 quo
1853 2202 1993 2260 stilo
2016 2201 2264 2261 barbaro
2285 2204 2490 2260 auctor
2509 2201 2835 2259 multorum
2852 2200 2986 2258 aui·

355 2290 591 2355 censet3
625 2290 686 2344 et
715 2288 972 2359 brevior,
1020 2290 1236 2365 operis,
1285 2294 1356 2349 ut
1407 2291 1648 2349 videtur
1699 2290 1935 2348 malium
1969 2291 2362 2366 proprietates
2393 2309 2562 2348 veras
2595 2291 2689 2348 vel
2721 2308 2792 2348 ex
2814 2288 2986 2365 vulgi

356 2376 796 2450 compendium,
815 2396 993 2452 quam
1014 2379 1363 2438 Petavius
1396 2380 1459 2438 in
1476 2398 1642 2439 suam
1699 2379 1980 2455 opinione
2039 2380 2187 2455 ipsis
2250 2379 2510 2437 tributas
2559 2379 2740 2438 refert
2785 2378 2980 2454 iisque

356 2465 583 2539 recepit
614 2464 935 2524 editionem
967 2467 1046 2542 11,
1099 2477 1243 2538 233,
1290 2469 1391 2527 sed
1433 2469 1645 2529 deinde
1698 2469 1909 2526 breves
1940 2469 2281 2528 reflexiones
2314 2469 2441 2544 pias
2475 2467 2795 2538 subnectit,
2828 2486 2988 2544 opus-

357 2552 754 2630 deprebendit
803 2574 1021 2614 meram
1072 2575 1202 2617 esse
1234 2558 1643 2619 Anastasii
1698 2558 1892 2617 medio
1923 2575 2064 2617 aevo
2109 2559 2370 2618 multum
2414 2558 2781 2630 lectitatum3
2828 2558 2866 2619 1.
2913 2557 2982 2615 de

357 2643 622 2701 Sinaitae
654 2644 970 2719 epitomen,
1019 2665 1172 2721 quae
1220 2650 1385 2706 extra
1429 2666 1643 2725 corpus
1702 2649 1833 2705 vitis
1854 2649 2299 2723 prophetarum,
2336 2649 2507 2723 cujus
2540 2647 2757 2723 duplex
2778 2651 2870 2705 est
2887 2665 2986 2704 re·

356 2731 554 2807 operis
586 2733 891 2792 Anastasii
942 2737 1003 2792 et
1051 2737 1114 2794 in
1147 2737 1457 2795 nonnullis
1490 2738 1641 2795 vati·
1698 2736 1913 2804 censio,
1937 2737 2116 2813 nugis
2136 2737 2478 2812 plenus3ed.
2499 2735 2984 2811 NestleMargi·

358 2820 525 2878 canis
576 2820 743 2881 codd.
791 2823 1089 2898 descripta
1130 2825 1372 2902 legitur.
1435 2826 1644 2884 Adhuc-
1698 2825 1898 2883 nalien
1919 2826 2044 2884 und
2064 2825 2783 2900 Materialien‚Tiibingen
2812 2833 2984 2887 1893-

356 2910 698 2968 breviorem
747 2911 1050 2987 epitomen
1094 2914 1348 2989 protulit
1380 2915 1437 2974 C.
1471 2915 1642 2973 Ges·
1697 2909 1773 2983 11,
1815 2924 2059 2983 1—64;
2092 2916 2359 2974 homiliae
2384 2917 2630 2988 septem,
2654 2932 2802 2987 quae
2837 2918 2984 2970 sunt

355 3016 495 3056 ner
539 2998 605 3057 in
651 2999 994 3060 collectione
1025 3001 1085 3059 ll.
1134 3002 1205 3061 de
1251 3003 1412 3061 omni
1443 3022 1641 3062 rerum
1698 3002 1850 3061 forte
1876 3003 2137 3077 junioris
2170 3001 2480 3077 cujusdam
2512 3001 2833 3077 Epiphanii
2865 3020 2976 3062 sec.

354 3086 654 3145 fossilium
667 3090 1434 3168 gene1·eagentium‚Tiguri
1457 3102 1640 3165 1585,
1696 3091 1808 3150 VII
1839 3091 1935 3150 vel
1967 3091 2063 3153 IX.
2114 3092 2249 3149 Alia
2281 3090 2546 3166 ejusdem
2578 3109 2754 3165 opera
2786 3090 2977 3165 perie-

360 3176 522 3251 apud
553 3176 963 3236 Petavium
994 3180 1070 3250 II,
1108 3188 1251 3243 225.
1292 3180 1427 3239 Non
1459 3183 1642 3241 semel
1697 3182 1857 3241 runt.
1920 3179 2241 3255 Epiphanii
2273 3198 2451 3256 opera
2495 3179 2734 3255 collegit
2765 3179 2977 3236 edidit-

356 3284 401 3321 S.
432 3264 958 3341 Hieronymus
990 3267 1306 3344 Epiphanii
1327 3287 1479 3344 opus
1512 3270 1640 3329 lau·
1697 3288 1815 3345 que
1847 3268 2176 3327 Petaviu
2198 3287 2243 3337 s,
2278 3268 2524 3327 Parisiis
2565 3277 2746 3337 1622,
2795 3267 2975 3326 editio

364 3353 468 3412 dat
499 3357 680 3428 atque
711 3355 947 3432 insigne
980 3356 1128 3415 dicit
1158 3357 1383 3434 ingenii
1416 3361 1478 3416 et
1507 3378 1639 3418 eru·
1695 3361 2022 3434 praestans,
2056 3358 2157 3416 sed
2189 3358 2452 3417 nondum
2485 3357 2774 3433 perfecta;
2808 3359 2981 3415 aucta

356 3442 604 3500 ditionis
636 3460 777 3502 suae
810 3445 1086 3504 volumen
1120 3444 1184 3528 (l.
1217 3447 1318 3504 XV
1352 3447 1414 3505 in
1434 3448 1508 3508 Is,
1534 3443 1639 3530 54)
1697 3446 1970 3506 Coloniae
2005 3442 2286 3527 (Lipsiae)
2316 3450 2685 3517 1682,aucta
2700 3447 2760 3505 et
2778 3464 2976 3504 emen-

358 3530 457 3588 vel
519 3532 830 3608 egregium
891 3534 1187 3597 volumen.
1238 3569 1326 3578 —-
1375 3537 1459 3594 Ex
1511 3538 1640 3613 ejus
1695 3536 1833 3594 data
1883 3553 2017 3594 cum
2064 3536 2202 3594 diss.
2239 3535 2467 3595 Petavii
2518 3535 2676 3610 apud
2727 3535 2977 3611 Migne

356 3622 614 3692 epistolis
645 3621 796 3679 duae
844 3628 1187 3697 supersunt,
1239 3644 1491 3699 quarum
1523 3646 1643 3685 una
1696 3625 1759 3683 P.
1792 3625 1856 3686 G.
1891 3625 2325 3695 XLI—XLIII;
2367 3624 2713 3695 Dindorf,
2747 3624 2985 3699 Lipsiae

355 3714 449 3766 est
481 3709 555 3767 ad
590 3727 638 3772 s.
658 3709 1104 3786 Hieronymum,
1139 3712 1324 3770 altera
1356 3713 1426 3771 ad
1458 3714 1638 3773 Joan-
1705 3724 2045 3778 1859—62
2068 3716 2110 3777 t.
2132 3725 2163 3776 5
2185 3714 2424 3772 exhibet
2440 3718 2669 3772 textum
2700 3732 2975 3788 graecum

355 3816 491 3855 nem
522 3798 757 3866 hieros„
808 3799 874 3857 in
908 3819 1027 3874 qua
1059 3801 1499 3878 origenismum
1531 3804 1639 3861 im·
1694 3802 2092 3870 emendatum,
2145 3802 2244 3860 sed
2296 3804 2520 3877 absque
2567 3802 2855 3865 versione.
2918 3802 2978 3860 S.

352 3890 603 3962 pugnat,
668 3887 941 3945 Pauliani
989 3890 1423 3949 ordinationem
1482 3911 1516 3950 a
1577 3910 1639 3949 se
1695 3890 2067 3965 Epiphanius
2101 3891 2335 3966 magnis
2367 3890 2645 3949 encomiis
2667 3891 2740 3949 ab
2761 3910 2975 3965 aequa-

353 3975 565 4033 sactam
598 3975 882 4046 defendit,
916 3995 1098 4052 seque
1114 3982 1349 4054 purgat,
1372 3981 1639 4038 curima-

354 4063 553 4140 ginem
588 4063 650 4122 in
697 4065 941 4125 ecclesia
987 4068 1241 4142 quadam
1272 4068 1638 4127 Palaestinae
1774 4079 1809 4144 ¹)
1837 4077 1944 4130 Hic
1971 4077 2138 4131 Philo
2166 4076 2485 4146 discipulus
2525 4079 2583 4130 et
2621 4075 2836 4131 amicus
2863 4076 2977 4128 fuit

354 4152 469 4211 veli
505 4153 628 4211 loco
659 4149 1016 4230 pendentem
1050 4156 1424 4216 destruxerit.
1694 4165 1734 4200 S·
1767 4147 2158 4228 Epiphanii-‚ta
2185 4164 2299 4228 quo
2329 4147 2627 4228 ordinatus
2655 4149 2740 4201 est
2765 4145 2974 4228 epis-co-

400 4269 403 4270 .
1694 4237 1802 4288 pus
1855 4219 2109 4287 Carpasn
2160 4220 2320 4272 urbis
2368 4221 2589 4272 msulae
2636 4219 2806 4286 Cypri
2857 4234 2973 4270 sive

450 4331 809 4393 130.P1ura
852 4335 1153 4407 praeterea
1201 4352 1379 4409 opera
1428 4334 1483 4392 ei
1528 4335 1637 4392 tri·
1693 4288 2975 4429 fflffltffiipoaifflffliissefflei²¹b2¹i¹3³asst¹ffiss

354 4417 629 4477 buuntur
671 4415 953 4501 (Migne
999 4422 1202 4492 XLIII,
1243 4418 1636 4505 394—539)‚
1693 4432 1898 4487 dictus,
1950 4431 2192 4501 Scripsit
2230 4447 2460 4498 quoque
2497 4433 2779 4485 historiam
2823 4435 2976 4485 eccle-

1690 4508 1903 4558 siastica
1911 4524 1976 4567 m,
1995 4520 2140 4572 quae
2153 4502 2341 4573 periit.
2360 4504 2656 4570 Epistolam
2671 4501 2977 4556 asceticam

1691 4574 1875 4628 edidit
1924 4574 2658 4645 Papadopulos-Kemmeus
2719 4573 2780 4626 in
2837 4575 2978 4627 Ανά-

354 4643 547 4694 autem
573 4641 799 4710 abipso
840 4641 1165 4714 Epiphanio
1207 4645 1347 4698 haec
1387 4645 1633 4714 epitome
1691 4650 1847 4701 λεκτα
1873 4647 2302 4719 &pescennius-75
2338 4649 2721 4718 arquato-(iae,
2760 4644 2973 4697 Peters-

354 4711 696 4766 concinnata
725 4713 917 4777 suerit,
945 4715 1117 4768 anab
1145 4715 1277 4780 alio,
1324 4732 1438 4769 non
1466 4715 1633 4771 facile
1690 4717 1840 4787 burg
1884 4723 2036 4781 1891,
2082 4737 2137 4788 p.
2165 4722 2428 4774 393—99.
2481 4714 2562 4768 Cf.
2605 4716 2673 4770 de
2714 4732 2779 4769 eo
2821 4715 2975 4768 Gal·

354 4786 441 4835 est
465 4786 731 4840 statuere.
1690 4788 1814 4841 lan
1832 4788 1905 4842 di
1932 4788 1990 4841 in
2022 4789 2199 4859 praef.
2227 4804 2360 4841 suae
2387 4788 2473 4842 ed.
