3505 5161
494 174 520 233 2¹
537 170 617 234 63
1282 161 1583 214 326-400.
1609 155 1663 210 S.
1690 155 2002 225 Gregorius
2028 170 2325 224 nyssenus.
2988 169 3108 223 164

488 345 664 427 bus1)
698 348 842 406 sunt
860 343 1221 422 panegyrici,
1254 345 1327 402 ut
1356 343 1424 401 in
1452 342 1690 404 laudem
1723 360 1768 402 s.
1825 343 2186 403 carnationis
2219 344 2281 401 et
2308 340 2780 402 resurrectionis.
2813 340 2964 400 Stilo
2983 340 3107 400 nti-

488 438 528 495 S
546 440 574 495 t
588 455 620 497 e
636 457 674 513 p
691 437 729 494 h
746 436 870 495 ani
890 432 1363 510 Protomartyris,
1385 431 1431 489 T
1446 432 1486 489 h
1502 450 1533 490 e
1548 449 1583 491 o
1598 431 1638 489 d
1654 448 1687 489 o
1704 430 1769 489 ri
1826 437 1927 491 tur
1976 448 2097 492 non
2144 434 2269 490 tam
2313 429 2576 507 eleganti
2606 432 2787 506 atque
2831 429 2923 489 illi
2970 430 3105 499 du0‚

490 527 584 595 Μ..
622 524 1020 603 quadraginta
1048 522 1204 592 Mn„
1256 540 1302 580 s.
1332 520 1622 580 Basilii
1652 519 1770 578 fra-
1827 522 2141 598 splendido
2173 524 2393 591 tamen,
2435 520 2538 579 sed
2569 518 2890 594 aliquando
2922 518 3108 578 artifi-

489 616 600 673 tris
621 614 735 684 sni,
771 631 815 672 s.
841 611 1248 689 Ephraemi
1280 610 1435 686 syri:
1468 610 1569 669 alii
1600 609 1771 668 fune·
1827 611 2092 682 ciosiore,
2131 608 2292 669 unde
2322 610 2482 668 inter
2511 607 2879 669 difficiliores
2911 608 3108 667 Eccle-

491 704 643 775 bres,
690 704 764 762 ut
811 703 886 762 de
925 701 1273 771 Meletio,
1320 699 1770 769 Pulcheria,
1828 700 1950 759 siae
1999 700 2317 777 scriptores
2363 702 2730 758 numeratur.
2794 696 2996 757 Nimio
3046 698 3109 756 in

490 796 553 851 et
582 791 915 852 Flacilla
945 791 1103 867 imp„
1138 790 1359 866 quibus
1392 788 1596 847 affines
1629 790 1774 848 sunt
1829 789 2146 867 Origenem
2175 789 2368 847 fertur
2397 787 2618 857 studio,
2653 787 2791 845 hinc
2821 788 3110 862 quaedam

490 881 669 941 Vitae
686 884 759 941 ut
779 899 824 940 s.
854 879 1219 959 Gregorii
1251 877 1681 955 Thaumaturgi
1712 879 1775 935 et
1829 879 1960 954 ejus
2006 897 2183 956 opera
2226 876 2408 953 hujus
2455 876 2719 936 erroneis
2756 876 3111 937 inficiuntur

492 970 713 1034 sororis
759 988 901 1029 suae
947 973 1096 1029 natu
1138 967 1381 1045 majoris
1415 985 1460 1026 s.
1492 967 1773 1026 Macri·
1828 967 2229 1043 opinionibus,
2276 967 2395 1025 nisi
2440 985 2525 1035 ea,
2574 969 2646 1024 ut
2687 965 2892 1041 plures
2923 967 3109 1043 conji-

490 1079 644 1121 nae.
666 1094 749 1103 —
770 1060 1109 1135 Supersunt
1138 1058 1406 1134 epistolae
1425 1052 1582 1137 (26),
1615 1056 1776 1115 inter
1830 1056 2016 1129 ciunt,
2078 1056 2287 1134 postea
2345 1055 2421 1115 ab
2472 1054 2828 1132 origenistis
2889 1054 3114 1114 fuerint

492 1167 639 1224 quas
661 1149 902 1225 speciali
919 1147 1220 1207 mentione
1239 1146 1480 1224 dignae:
1513 1145 1775 1221 Epistola
1828 1145 2187 1222 interpolata
2200 1144 2263 1224 ¹).
2309 1144 2492 1204 Deest
2509 1144 2690 1219 hujus
2710 1161 2957 1220 operum
2989 1145 3113 1203 edi·

490 1241 767 1297 canonica
786 1237 860 1295 ad
877 1237 1164 1312 Letejum,
1186 1255 1307 1312 qua
1322 1234 1582 1295 remedia
1599 1251 1775 1294 eano-
1828 1235 1914 1295 tio
1947 1238 2220 1295 accurata
2249 1237 2312 1293 et
2344 1233 2622 1294 omnibus
2641 1233 2908 1292 numeris
2940 1233 3112 1293 abso·

491 1326 625 1386 nica
668 1326 887 1387 statuit
935 1328 1139 1386 contra
1183 1324 1458 1403 graviora
1485 1323 1777 1399 quaedam
1830 1326 1991 1384 luta:
2036 1324 2196 1384 unde
2242 1323 2395 1382 forte
2436 1322 2660 1381 factum
2708 1324 2817 1391 est,
2864 1324 2934 1380 ut
2980 1324 3108 1398 ejus

492 1419 746 1492 peccata,
780 1415 876 1474 uti
897 1418 1042 1474 sunt
1061 1414 1359 1492 apostasia
1388 1433 1423 1473 a
1441 1413 1556 1472 fide
1574 1414 1775 1474 ortho-
1830 1431 1950 1473 non
1970 1417 2094 1473 tam
2114 1413 2392 1490 frequens
2427 1411 2508 1472 sit
2537 1429 2688 1470 usus
2718 1411 2783 1469 in
2812 1412 3115 1490 theologia

492 1505 660 1576 doxa,
693 1505 905 1582 magia,
926 1505 1091 1564 varia
1110 1503 1382 1563 luxuriae
1400 1521 1636 1580 genera,
1668 1503 1776 1560 ho·
1832 1506 2012 1581 atque
2044 1504 2302 1562 aliorum
2322 1503 2581 1578 patrum.
2629 1501 2776 1559 Post
2805 1501 2953 1561 alias
2984 1501 3110 1561 edi-

492 1594 751 1664 micidia,
778 1594 1124 1671 sacrilegia,
1169 1592 1482 1651 latrocinia
1511 1595 1639 1663 etc.;
1684 1611 1776 1667 ep.
1829 1593 2028 1651 tiones
2106 1590 2459 1669 prodierunt
2533 1590 2664 1666 ejus
2735 1607 2914 1665 opera
2974 1609 3118 1650 cura

496 1685 566 1741 de
615 1683 876 1741 euntibus
925 1681 1387 1757 Hierosolymam
1433 1682 1496 1740 et
1545 1701 1635 1758 ep.
1698 1681 1778 1738 ad
1831 1682 2122 1742 Fronto
2155 1680 2471 1751 Ducaei‚
2506 1679 2752 1738 Parisiis
2780 1689 2946 1743 1603
2971 1679 3036 1739 in
3054 1680 3112 1750 f„

493 1778 720 1831 sorores
752 1772 1134 1830 Eustachiam
1180 1778 1231 1828 et
1259 1770 1631 1829 Ambrosiam
1661 1770 1775 1843 fili·
1831 1771 1933 1830 sed
1981 1770 2168 1829 latine
2217 1771 2486 1840 tantum3
2548 1786 2754 1846 graece
2802 1767 2981 1827 etiam
3033 1769 3117 1828 ib.

495 1879 701 1937 amque
743 1860 1043 1931 Basilissa,
1092 1861 1158 1918 in
1209 1858 1430 1935 quibus
1475 1858 1779 1918 commoda
1840 1869 2004 1923 1615
2050 1861 2095 1917 t.
2146 1868 2182 1921 2
2233 1858 2299 1917 in
2347 1858 2406 1929 f„
2458 1876 2595 1917 cum
2643 1857 2984 1935 appendice,
3034 1857 3116 1916 ib.

495 1950 735 2024 quidem
756 1949 1026 2026 agnoscit
1054 1967 1125 2008 ex
1143 1946 1487 2007 visitatione
1507 1949 1776 2009 locorum
1838 1957 2003 2012 1618
2025 1948 2254 2008 editore
2288 1950 2349 2006 et
2379 1946 2597 2023 partim
2630 1945 2960 2024 interprete
2991 1947 3114 2007 Jac.

497 2040 836 2096 sanctorum
866 2037 1283 2109 redundantia,
1325 2037 1429 2095 sed
1462 2038 1523 2095 et
1553 2038 1775 2097 abusus
1831 2038 2236 2108 Gretser03
2282 2037 2423 2095 hinc
2466 2037 2547 2099 ib.
2590 2046 2754 2100 1638
2802 2039 2847 2095 t.
2898 2046 2932 2100 3
2980 2038 3046 2096 in
3077 2037 3115 2095 f.

493 2127 559 2184 in
607 2144 676 2184 ea
720 2144 893 2202 saepe
936 2129 1315 2186 occurrentes
1362 2126 1774 2202 reprehendit:
1832 2127 2135 2203 Temporis
2183 2127 2355 2202 lapsu
2400 2126 2574 2201 plura
2617 2125 2735 2184 alia
2777 2129 3013 2202 reperta
3055 2128 3118 2185 et

496 2233 616 2290 qua
659 2217 722 2273 in
760 2233 824 2274 re
854 2214 1098 2291 pietatis
1132 2216 1254 2274 zelo
1287 2214 1570 2292 abreptus
1601 2216 1776 2275 vehe-
1831 2215 1993 2275 edita
2008 2216 2173 2275 fuere
2191 2235 2225 2274 a
2245 2215 2284 2272 Z
2300 2232 2576 2291 accagn
2592 2214 2630 2286 i,
2647 2214 2872 2274 Carae
2888 2216 3005 2275 eio
3022 2215 3114 2287 10,

495 2304 774 2363 mentiori
821 2305 1020 2363 utitur
1068 2305 1225 2364 stilo.
1289 2305 1585 2364 Immerito
1636 2323 1775 2363 vero
1832 2304 2162 2363 Galland
2179 2304 2201 2361 i
2220 2322 2253 2362 0
2271 2347 2286 2374 ,
2337 2304 2513 2374 Mai,
2567 2321 2719 2378 quae
2765 2304 2948 2364 simul
2992 2304 3113 2363 col-

495 2395 899 2469 protestantes
930 2410 1040 2452 sec.
1072 2403 1169 2456 16.
1189 2395 1251 2452 et
1276 2405 1303 2457 1
1319 2403 1373 2457 7.
1405 2394 1479 2452 ad
1510 2412 1607 2453 eas
1636 2411 1774 2470 pro·
1830 2394 1983 2452 lecta
2001 2392 2351 2470 prodierunt
2369 2392 2434 2452 in
2452 2393 2658 2469 Mign
2675 2410 2707 2450 e
2733 2393 2797 2452 P.
2819 2395 2884 2454 G.
2905 2393 3115 2453 XLIV-

496 2487 781 2542 vocarunt
795 2484 1001 2541 eontra
1015 2482 1296 2557 pietatem
1313 2484 1438 2542 sive
1454 2483 1774 2542 liceitatem
1831 2482 2024 2544 XLVI.
2098 2481 2326 2540 Novam
2388 2481 2711 2541 editionem
2759 2482 3118 2543 inchoarunt

496 2570 710 2630 talium
749 2571 1331 2649 peregrinationum:
1376 2592 1571 2649 neque
1616 2571 1774 2631 enim
1834 2571 2120 2631 Forbes
2152 2569 2546 2630 Burntisland
2587 2580 2785 2644 18553
2833 2571 3117 2632 Oehler

495 2663 744 2737 propter
791 2662 1011 2720 abusus
1056 2662 1273 2720 merito
1317 2662 1777 2736 reprehensione
1831 2660 2015 2720 Halae
2043 2669 2227 2731 1865,
2262 2660 2365 2719 sed
2397 2662 2610 2719 neutra
2641 2662 2734 2720 est
2763 2657 3116 2743 absoluta2).

497 2749 710 2827 dignos
743 2750 987 2825 pietatis
1020 2750 1388 2820 exercitium,
1425 2751 1584 2825 quod
1616 2768 1776 2809 com·
1830 2749 1943 2808 Illa
1990 2749 2407 2826 complectitur
2466 2751 2704 2808 tantum
2760 2750 3118 2828 Apologiam

496 2838 697 2896 munis
730 2840 944 2913 probat
974 2839 1264 2899 Ecclesiae
1296 2856 1525 2910 sensus,
1576 2843 1638 2899 et
1679 2838 1775 2898 vel

496 2927 627 3003 ipsa
651 2946 793 2987 sana
813 2928 963 2987 ratio
983 2928 1371 3000 commendat,
1404 2930 1778 2988 contemnere

435 3023 448 3037 ·
497 3015 648 3079 licet·
1912 3012 1947 3080 ¹)
1976 3009 2095 3063 Hoc
2121 3008 2256 3061 data
2284 3025 2453 3080 opera
2499 3011 2696 3062 tuetur
2721 3011 2771 3063 S.
2801 3009 3116 3066 Germanus

1548 3109 1555 3115 -
1833 3080 1937 3134 ΟΡ.
1961 3081 2022 3134 in
2040 3082 2077 3135 1.
2097 3079 2373 3151 inscripto
2391 3080 2731 3134 Retribueus
2749 3083 2807 3134 et
2819 3080 3116 3152 legitimus

1062 3194 1075 3207 .
1502 3195 1514 3208 .
1547 3195 1560 3208 .
1835 3168 1932 3205 seu
1959 3155 2024 3206 de
2045 3170 2172 3205 vera
2212 3162 2258 3206 et
2282 3155 2517 3220 leyitima
2560 3156 2923 3213 retributione,
2951 3155 3117 3224 eujus

590 3202 689 3258 85·
728 3194 783 3254 S·
831 3195 1156 3273 Gressm'ms
1202 3199 1335 3271 Post
1380 3195 1671 3254 B⁸⁸¹lmm
1718 3197 1780 3253 et
1834 3223 2175 3278 mentionem
2239 3223 2380 3276 facit
2441 3222 2764 3277 Photius
2826 3224 2946 3279 eod.
3008 3230 3117 3283 233

499 3284 852 3361 Gregorium
900 3283 1324 3343 nazianzenum
1373 3284 1533 3343 inter
1580 3285 1778 3360 patres
1834 3293 2104 3365 (Migne
2146 3294 2288 3359 CIII,
2334 3302 2469 3350 1105
2510 3297 2621 3367 ss.),
2677 3294 2869 3357 „Libri
2906 3298 3116 3360 autem.

497 3371 765 3431 Orientis
787 3367 1082 3452 excelliffl)
1104 3375 1285 3446 sit-,qne
1313 3373 1379 3430 in
1409 3373 1621 3448 primis
1654 3392 1777 3431 me-
1834 3382 1978 3433 qnos
2028 3365 2255 3421 insidiis
2300 3365 2559 3436 excipere
2603 3365 2879 3420 haeretici
2928 3368 3117 3423 moliti

498 3460 628 3518 ”²³¹⁵
670 3460 743 3519 ‘¹0
788 3459 1165 3538 <³⁰g¹¹³³¹⁵³b¹²⁸
1199 3478 1273 3520 ⁸⁹·
1306 3461 1636 3533 Trinitatis
1682 3461 1776 3519 ³¹¹·
1833 3436 3116 3579 {¹:¹33.⁶{‚3355.322‘3213¹30{⁶J‡.¹²{2³2„13{3¹:3¹5

1833 3596 1982 3635 noxa
2008 3580 2273 3646 servavit,
2318 3582 2454 3635 sunt
2494 3579 2772 3650 Dialogus
2815 3581 2885 3633 ad
2916 3580 3116 3637 Macri-

579 3650 615 3719 ¹)
636 3645 813 3699 Dubii
863 3649 998 3702 sunt
1041 3664 1321 3702 sermones
1364 3647 1627 3716 alioquin
1671 3649 1778 3703 ele·
1832 3668 1964 3706 nam
1991 3668 2235 3707 sororem
2279 3655 2342 3706 de
2384 3657 2569 3706 anima
2623 3655 2681 3703 et
2719 3654 2754 3707 l.
2782 3656 3118 3709 catechetictoe

499 3721 699 3788 gantes
724 3722 781 3772 in
793 3721 932 3772 diem
954 3722 1186 3773 natalem
1212 3722 1282 3773 D.
1309 3721 1375 3775 N.
1392 3724 1445 3775 J.
1470 3722 1698 3788 Christi}-
1723 3722 1782 3774 et
1834 3726 1892 3775 et
1934 3722 2035 3777 ille
2081 3723 2184 3792 qui
2222 3728 2286 3778 de
2361 3726 2556 3791 erfecta
2595 3726 2704 3778 vita
2730 3723 3114 3780 narrationem

499 3792 562 3844 de
604 3807 826 3843 occursu
852 3793 1089 3854 Domini,
1135 3790 1204 3843 de
1231 3789 1477 3862 Deipara
1502 3791 1570 3844 V.
1611 3794 1670 3846 et
1706 3790 1779 3847 de
1834 3792 2137 3848 continet.⁶·
2160 3795 2246 3848 Ita
2272 3793 2315 3846 P
2390 3793 2552 3846 otiu
2571 3811 2596 3846 s
2621 3795 2657 3848 1.
2685 3813 2729 3848 e.
2757 3794 2838 3847 De
2855 3795 3115 3867 Gregorii

494 3862 653 3931 justo
680 3860 935 3915 simeone
981 3877 1078 3914 seu
1104 3861 1166 3917 in
1192 3862 1402 3917 festum
1428 3863 1779 3919 Purificatio·
1835 3864 2081 3933 Nysseni
2119 3865 2378 3922 doctrina
2425 3866 2484 3918 et
2521 3863 2789 3919 vindieiis
2828 3865 2952 3921 fuse
2990 3867 3118 3938 agit

501 3931 589 3984 nis
616 3933 667 3986 b.
696 3931 768 3984 M.
794 3932 858 3986 V.
888 3964 953 3972 -
980 3936 1298 3989 Adhortatio
1317 3937 1778 4005 adpoenitente'am
1837 3936 1884 3988 V
1901 3937 2203 3991 ineenzi
2228 3936 2288 3989 in
2317 3953 2405 4006 op.
2448 3935 2500 3990 S.
2529 3935 2787 4006 Gregorii
2815 3936 2886 3993 N.
2913 3941 2970 3992 et
2996 3937 3115 3993 Ori-

501 4007 558 4058 et
583 4003 731 4058 hom.
757 4007 1495 4074 inprincipiumjejuniorum
1509 4006 1781 4061 videntur
1834 4008 1996 4078 genis
2023 4007 2234 4077 scripta
2259 4025 2408 4063 nova
2434 4006 2705 4072 recensi0,
2726 4008 2935 4063 Romae
2960 4017 3116 4066 1834.

499 4091 617 4128 esse
643 4076 693 4127 A
710 4093 735 4128 s
751 4077 776 4128 t
792 4092 820 4128 e
835 4075 895 4129 ri
916 4075 935 4128 i
960 4076 1227 4132 amaseni.
1836 4082 1877 4132 t.
1908 4087 1955 4134 1.
1996 4077 2078 4132 cf.
2107 4079 2153 4132 D
2172 4079 2192 4131 i
2210 4096 2238 4133 e
2257 4080 2293 4131 k
2310 4096 2343 4132 a
2360 4098 2415 4133 m
2495 4078 2590 4133 die
2629 4077 2990 4135 Gotteslehre
3015 4081 3116 4135 des

575 4148 615 4214 2)
644 4147 726 4200 Of.
751 4146 942 4200 Bard
960 4164 989 4200 e
1006 4168 1044 4203 n
1062 4147 1097 4199 h
1115 4164 1146 4201 e
1163 4165 1260 4201 we
1277 4166 1303 4200 r
1329 4159 1356 4215 5
1383 4155 1452 4205 69
1478 4171 1534 4205 n.
1555 4156 1588 4206 6
1609 4171 1620 4202 :
1648 4149 1780 4204 Gre·
1837 4150 1890 4203 h.
1918 4149 2227 4220 Gregorius
2254 4167 2368 4203 von
2491 4167 2596 4204 ssa.
2626 4149 2735 4203 Ein
2762 4149 2995 4222 Beitrag
3014 4169 3119 4206 zur

498 4234 629 4287 gors
656 4217 1094 4288 eigentfimliche
1121 4219 1464 4290 Bedeutung
1492 4222 1700 4274 beruht
1717 4221 1779 4274 in
1836 4220 2423 4293 Dogmengeschichte
2480 4238 2540 4275 er
2556 4221 2960 4293 patristischen
2977 4222 3116 4289 Zeit,

501 4287 683 4342 seiner
710 4289 1216 4370 philosophisehen
1242 4291 1632 4362 Begriindung
1660 4292 1777 4346 und
1837 4292 2090 4347 Miinster
2121 4300 2286 4353 1896:
2335 4295 2394 4347 et
2433 4291 2573 4348 alios
2612 4292 2768 4364 apud
2803 4293 2992 4348 Bard
3009 4311 3039 4349 Θ
3056 4313 3118 4348 n·

502 4357 963 4431 Vertheidigung
988 4361 1085 4415 des
1104 4361 1458 4418 kirehlichen
1472 4364 1778 4418 Glaubens.
1833 4365 1872 4417 h
1892 4382 1921 4418 e
1939 4382 1989 4416 w
2010 4381 2039 4418 e
2055 4382 2083 4416 ι·
2108 4373 2135 4430 ἓ
2161 4372 2231 4421 69
2255 4382 2311 4418 n.
2343 4371 2425 4422 12.

501 4428 577 4483 Er
602 4429 677 4483 ist
704 4431 1015 4495 Gelehrter‚
1060 4435 1180 4493 und
1224 4451 1372 4486 zwar
1416 4435 1780 4489 ebensowohl
1908 4438 1947 4506 ¹¹)
1977 4433 2056 4489 De
2099 4435 2372 4506 Gregorio
2404 4434 2646 4489 Nisseno
2673 4438 2897 4505 praeter
2923 4438 3117 4507 plures

498 4499 813 4573 Philosoph
857 4502 964 4556 wie
1009 4503 1312 4575 Theologe.
1352 4504 1476 4558 ›Fer
1520 4505 1612 4558 die
1640 4507 1777 4558 Auf-
1832 4505 1976 4561 alios
2004 4507 2074 4562 ef.
2103 4507 2144 4560 F
2163 4525 2192 4562 e
2209 4525 2233 4560 s
2250 4509 2354 4562 sle
2372 4508 2450 4559 r-.J
2471 4525 2508 4560 n
2525 4525 2563 4559 n
2581 4525 2691 4578 gm
2707 4524 2740 4559 a
2757 4527 2794 4562 n
2809 4526 2848 4560 n
2875 4516 3018 4574 §111
3044 4525 3116 4563 ss.

498 4574 644 4693 {abe
671 4573 791 4628 und
811 4573 1147 4644 Thatigkeit
1170 4576 1268 4629 des
1289 4574 1636 4647 Seelsorgers
1656 4577 1778 4630 und
1834 4577 1878 4630 T
1895 4578 1986 4632 ill
2004 4596 2033 4632 e
2051 4598 2105 4632 m
2123 4597 2155 4632 ο
2174 4597 2210 4630 n
2227 4582 2251 4631 t
2312 4577 2610 4632 Memoires
2675 4578 2767 4641 IX,
2815 4581 3115 4636 561-617.

542 4658 598 4694 es
633 4643 1101 4700 Kirchenfflrsten
1134 4646 1239 4700 hat
1263 4664 1323 4700 er
1362 4647 1498 4700 weit
1526 4648 1778 4718 weniger
1831 4650 1934 4704 732
1954 4659 2095 4715 -44,
2146 4649 2401 4717 Venetiis
2456 4652 2619 4710 1732:
2685 4649 2858 4703 Nirs
2876 4649 2995 4705 chl
3045 4650 3116 4714 ΙΙ,

503 4713 781 4769 Gesehiek
808 4716 926 4768 und
955 4716 1156 4772 Talent
1183 4719 1491 4772 bekundet.
1837 4727 1935 4776 135
1964 4739 2031 4773 ss.
