3505 5161
641 215 1151 334 427111

670 368 805 457 aar,
872 367 1007 453 ευ
1061 367 1207 458 1936

638 492 787 638 Ἠ
830 481 966 634 G

657 684 1129 868 {le

771 884 789 985 x

1052 1150 1799 1259 PROTESTATIO
1867 1150 2424 1252 AUCTORIS.

615 1512 760 1570 Cum
788 1512 883 1573 SS.
912 1513 979 1571 Ι).
1000 1512 1273 1571 Urbanus
1307 1513 1469 1589 Papa
1495 1513 1655 1573 VIII.
1689 1513 1785 1572 die
1823 1523 1921 1577 13.
1942 1513 2140 1572 Martii
2170 1533 2221 1572 a.
2261 1522 2427 1576 1625
2465 1512 2770 1572 decretum
2801 1513 3057 1572 ediderit

420 1618 710 1695 idemque
740 1620 1102 1679 confirmarit
1134 1620 1190 1681 d.
1229 1631 1282 1683 5.
1314 1620 1438 1679 Jul.
1472 1640 1522 1682 a.
1564 1629 1750 1691 1634,
1799 1638 1920 1696 quo
1967 1619 2238 1679 inhibuit
2285 1620 2596 1697 ,imprimi
2646 1620 2833 1679 libros
2865 1620 3052 1679 homi·

422 1746 596 1798 num,
630 1729 737 1802 qui
768 1729 1104 1788 sanctitatis
1134 1747 1240 1787 seu
1272 1728 1547 1804 martyrii
1567 1728 1722 1787 fama
1741 1727 2002 1787 celebres
2021 1747 2053 1787 e
2073 1727 2201 1787 vita
2217 1728 2645 1806 migraverunt,
2666 1730 2851 1806 gesta,
2870 1728 3053 1786 mira-

426 1836 567 1893 cula
594 1835 691 1893 vel
719 1836 1107 1894 revelationes
1141 1853 1247 1894 seu
1279 1853 1669 1912 quaecunque
1713 1833 2001 1894 beneficia
2029 1838 2335 1912 tamquam
2367 1853 2577 1894 eorum
2608 1835 3053 1895 intercessioni·

427 1941 546 2001 bus
591 1962 626 2000 a
672 1944 790 2002 Deo
834 1946 1074 2019 accepta
1119 1943 1492 2003 continentes
1552 1942 1677 2001 sine
1721 1943 2126 2019 recognitione
2171 1944 2351 2019 atque
2401 1942 2831 2019 approbatione
2882 1942 3053 2002 Ordi-

428 2049 605 2120 narii,
638 2052 702 2108 et
729 2068 879 2125 quae
910 2050 1198 2109 hactenus
1230 2050 1357 2108 sine
1389 2068 1457 2108 ea
1487 2050 1778 2125 impressa
1818 2053 1962 2109 sunt
1992 2049 2160 2109 nullo
2192 2050 2365 2109 modo
2398 2051 2532 2109 vult
2576 2049 2802 2110 censeri
2834 2069 3047 2126 appro-

430 2156 646 2226 bata‘3
691 2157 851 2215 idem
881 2160 1077 2216 autem
1114 2156 1537 2216 Sanctissimus
1568 2156 1623 2216 d.
1659 2166 1717 2219 5.
1749 2157 1892 2216 Jun.
1925 2176 1976 2215 a.
2018 2165 2176 2221 1631
2230 2156 2316 2214 ita
2346 2156 2718 2231 explicuerit,
2769 2158 2842 2214 ut
2871 2156 3051 2214 nimi-

431 2283 568 2322 rum
602 2282 764 2334 ,non
794 2263 1191 2323 admittantur
1220 2264 1416 2341 elogia
1447 2264 1651 2323 Sancti
1682 2265 1778 2323 vel
1809 2264 1978 2322 Beati
2010 2263 2297 2336 absolute,
2331 2266 2393 2322 et
2423 2283 2575 2341 quae
2608 2263 2834 2322 cadunt
2865 2281 3048 2338 super

431 2390 761 2448 personam,
796 2373 944 2432 bene
974 2375 1175 2431 tamen
1206 2392 1290 2444 ea,
1322 2391 1475 2449 quae
1509 2372 1731 2431 cadunt
1763 2390 1942 2448 super
1972 2389 2162 2430 mores
2193 2374 2257 2430 et
2289 2372 2627 2448 opinionem
2666 2391 2798 2431 cum
2819 2374 3051 2447 protes-

431 2478 657 2537 tatione
688 2479 753 2537 in
784 2479 1091 2555 principi0,
1138 2478 1297 2555 quod
1343 2479 1418 2536 iis
1462 2479 1633 2537 nulla
1677 2478 1837 2538 adsit
1882 2479 2204 2539 auctoritas
2237 2479 2310 2538 ab
2343 2480 2606 2539 Ecclesia
2655 2497 2913 2550 romana,
2949 2479 3051 2539 sed

430 2584 579 2644 fides
610 2587 849 2645 tantum
868 2587 950 2644 sit
980 2586 1140 2663 apud
1169 2588 1530 2646 auctorem*¹
1566 2586 1722 2644 Huic
1754 2587 1987 2645 decreto
2019 2587 2267 2663 ejusque
2299 2587 2732 2647 confirmationi
2763 2588 2825 2645 et
2855 2586 3049 2646 decla-

429 2692 647 2751 rationi
678 2693 1055 2753 observantia
1083 2714 1151 2753 ac
1179 2694 1513 2753 reverentia
1543 2713 1662 2770 qua
1692 2714 1803 2770 par
1832 2697 1925 2753 est
1944 2694 2293 2766 insistendO,
2316 2695 2596 2772 profiteor
2616 2714 2710 2753 me
2742 2694 2900 2753 haud
2933 2695 3050 2753 alio

429 2818 608 2859 sensu
639 2801 935 2878 quidquid
966 2801 1031 2860 in
1062 2802 1170 2861 hoc
1200 2801 1649 2861 Nomenclatore
1695 2800 1887 2860 refero
1937 2801 2201 2877 accipere
2247 2803 2308 2860 et
2353 2802 2536 2877 accipi
2580 2801 2654 2860 ab
2700 2802 2827 2859 ullo
2875 2802 3047 2871 velle,

425 2926 605 2982 quam
637 2926 759 2984 quo
791 2927 860 2967 ea
906 2908 1117 2979 solent,
1164 2926 1319 2984 quae
1363 2909 1623 2967 humana
1666 2907 1979 2966 dumtaxat
2023 2907 2398 2980 auctoritate,
2444 2926 2562 2967 non
2605 2915 2804 2967 autem
2848 2908 3051 2967 divina

423 3015 756 3074 catholicae
786 3034 1061 3074 romanae
1092 3015 1390 3074 Ecclesiae
1423 3017 1529 3074 aut
1563 3033 1608 3074 s.
1629 3014 1798 3073 Sedis
1832 3014 2191 3090 apostolicae
2210 3014 2511 3084 nituntur,
2535 3014 2610 3071 iis
2630 3014 3047 3074 tantummodo

423 3125 712 3200 exceptis,
761 3143 909 3200 quos
956 3125 1160 3185 eadem
1205 3144 1250 3188 s.
1284 3125 1458 3184 Sedes
1493 3125 1865 3195 Sanctorum,
1910 3124 2233 3182 Beatorum
2279 3127 2384 3182 aut
2416 3124 2746 3203 Martyrum
2782 3124 3047 3200 catalogo

417 3231 834 3308 adscripserit.
