3505 5161
350 254 468 305 205

345 422 717 500 dignitatem,
771 422 1075 482 doctrinae
1123 422 1494 497 virtutisque
1542 421 1629 479 fa-

1160 234 1514 297 Eustathius,
1542 234 1827 289 Diodorus
1855 235 2140 288 tarsensis.

2842 251 2963 306 206

1684 422 1867 483 fuisse
1899 422 2234 485 excitatum.
2300 421 2429 491 Qua
2459 423 2770 483 occasione
2794 443 2966 499 prae-

346 531 499 571 mam
512 512 838 572 orationem
855 511 1069 571 habuit
1082 510 1160 570 ad
1170 511 1628 572 Constantinum
1684 513 1840 573 clare
1867 510 2137 587 disputat
2166 510 2239 570 de
2271 529 2450 570 sensu
2480 511 2701 570 literali
2734 530 2780 575 s.
2814 512 2968 574 Scri-

346 602 488 677 imp.
534 601 1022 662 Theodoreto
1065 604 1222 661 teste
1259 602 1333 664 Η.
1364 601 1429 659 Ε.
1470 612 1524 671 1,
1575 609 1629 663 7.
1685 606 1897 681 pturae
1916 600 2223 676 carpitque
2242 600 2498 660 nimium
2518 600 2792 678 Origenis
2825 623 2967 679 pru-

347 690 492 750 Oum
540 693 603 749 in
653 710 724 750 ea
771 690 999 767 synodo
1049 695 1293 750 strenue
1341 708 1449 766 pro
1493 707 1632 748 vera
1686 693 1874 751 ritum
1905 691 2104 749 omnia
2122 691 2438 767 allegorice
2457 690 2890 765 interpretandi
2904 694 2967 767 ¹).

348 780 611 839 stetisset
653 780 786 849 fide,
841 779 1093 839 Arianos
1140 799 1174 838 a
1216 778 1630 840 communione
1687 781 1833 840 Eam
1876 797 2010 839 cum
2055 778 2408 857 fragmentis
2439 780 2691 838 aliorum
2723 798 2968 857 operum

346 869 687 929 excluderet
699 872 761 928 et
781 869 1221 945 quamplurima
1241 870 1525 928 adversus
1539 885 1630 925 eo·
1686 870 1910 947 optime
1960 865 2152 928 eistat
2200 869 2265 928 in
2315 868 2680 927 Gallandi
2750 870 2967 930 biblio-

346 977 480 1018 rum
511 958 727 1036 dogma
745 959 967 1034 scripta
981 960 1377 1035 componeret,
1408 959 1630 1017 mirum
1687 960 1857 1019 theca
1899 960 1943 1019 t.
1989 959 2071 1018 IV
2120 961 2182 1017 et
2225 957 2477 1035 Migne
2529 957 2590 1015 P.
2642 958 2708 1019 (ἔτί.
2756 959 2968 1031 XVIII,

349 1047 1453 1108 nonesteumillornminseconcitasse
1469 1049 1631 1107 iram.
1690 1056 2013 1113 613—74.
2064 1048 2293 1106 Ibidem
2326 1067 2383 1123 p.
2410 1056 2798 1111 703—1060
2833 1068 2968 1124 pro-

350 1137 503 1198 Hinc
546 1141 801 1212 uterque
832 1135 1129 1197 Eusebius
1147 1158 1156 1168 ·
1174 1136 1631 1197 nicomediensis
1688 1142 1883 1197 stant:
1947 1138 2417 1198 Commentarius
2467 1138 2538 1195 in‘
2573 1135 2972 1198 Hexaemeron

349 1230 410 1285 et
452 1226 835 1285 caesariensis
879 1244 1014 1286 eum
1059 1227 1276 1286 erroris
1322 1226 1633 1286 sabelliani
1687 1227 1812 1287 sive
1842 1227 2043 1303 potius
2065 1226 2383 1286 chronicon
2401 1244 2593 1301 usque
2612 1226 2690 1285 ad
2707 1230 2973 1304 tempora

347 1316 720 1391 aliorumque
740 1319 1098 1374 accusarunt
1116 1316 1453 1387 criminum,
1487 1318 1633 1375 etin
1688 1317 1727 1375 J
1729 1316 1991 1387 udicum‚
2014 1335 2103 1375 ms
2112 1316 2247 1392 gnis
2267 1314 2551 1375 encomiis
2572 1315 2645 1373 ab
2665 1317 2782 1375 All
2796 1318 2942 1376 atio
2955 1361 2969 1387 ‚

349 1404 575 1480 synodo
596 1404 1010 1480 episcoporum
1042 1423 1184 1464 suae
1214 1405 1489 1464 factionis
1509 1407 1632 1464 An-

348 1494 601 1555 tiochiae
634 1503 760 1557 330
811 1493 1016 1552 habita
1059 1494 1501 1570 desposuerunt
1530 1495 1627 1553 des

346 1583 735 1659 positumque
767 1583 1153 1642 Constantius
1184 1583 1326 1661 imp.
1372 1603 1441 1642 ex
1481 1584 1631 1642 aria·

347 1689 561 1731 norum
593 1672 980 1749 suggestione
1025 1672 1089 1730 in
1121 1672 1399 1731 exsilium
1432 1672 1632 1748 Traja-

346 1760 922 1835 nopolim'Thraciae
961 1761 1127 1820 misit
1160 1757 1362 1843 (330).
1414 1761 1630 1820 Verum

347 1849 444 1908 sui
498 1849 702 1927 gregis
760 1867 965 1908 curam
1026 1849 1100 1908 ad
1163 1849 1396 1909 obitum
1441 1868 1633 1926 usqne

348 1935 420 2021 (c.
453 1958 505 1996 a.
544 1948 692 2007 360,
726 1940 903 2014 juxta
932 1938 1082 1999 alios
1106 1940 1231 2015 jam
1269 1936 1421 2021 337)
1455 1959 1631 2016 quam

347 2028 625 2104 plurimis
656 2028 786 2105 egit
813 2028 1106 2103 epistolis.
1127 2028 1339 2088 Merito
1360 2032 1632 2105 propter-

346 2136 417 2177 ea
461 2117 797 2193 praecipuis
849 2117 1110 2177 haeresis
1155 2117 1392 2177 arianae
1423 2117 1632 2177 adver·

348 2206 520 2265 sariis
584 2210 946 2265 accensetur.
1028 2207 1113 2265 Ex
1177 2207 1307 2280 ejus
1370 2206 1630 2282 scriptis,

347 2295 688 2371 cujusmodi
707 2300 855 2354 sunt
871 2303 1073 2354 contra
1094 2296 1357 2355 Arianos
1374 2296 1437 2354 ll.
1459 2294 1624 2365 VIII;

348 2388 557 2443 contra
589 2384 825 2443 eosdem
871 2386 941 2443 de
985 2386 1187 2443 aotima
1218 2388 1347 2453 etc„
1396 2386 1632 2461 praeter

348 2473 684 2550 fragmenta
712 2473 945 2550 reliqua
978 2477 1084 2533 est
1118 2477 1356 2532 tantum
1389 2474 1533 2536 diss.
1565 2474 1633 2531 de

350 2562 836 2640 LnyastrimythO,
874 2562 937 2622 in
970 2582 1090 2639 qua
1122 2563 1404 2622 adversus
1438 2562 1631 2641 Origi-

346 2670 485 2710 nem
530 2657 728 2729 negat,
779 2653 1106 2729 pythonem
1138 2671 1277 2712 vere
1309 2653 1632 2712 suscitasse

347 2740 601 2799 animam
615 2741 907 2800 Samuelis
928 2738 986 2821 (l
1014 2740 1152 2818 Reg.
1182 2740 1310 2822 28),
1329 2745 1632 2818 spectrum

347 2834 586 2889 tantum
629 2829 693 2888 in
735 2831 1048 2904 phantasia
1092 2831 1250 2907 regis
1285 2850 1319 2889 a
1348 2829 1632 2890 daemone

346 3017 581 3071 arianae
632 3035 863 3088 prorsus
903 3016 1218 3081 addictum,
1260 3018 1364 3086 qui
1402 3022 1633 3088 gentem

349 3089 508 3144 illam
534 3090 607 3144 ad
632 3037 923 3145 Christum
952 3059 1252 3152 converti't,
1291 3090 1389 3144 sed
1425 3093 1483 3144 et
1508 3091 1635 3144 hae·

349 3160 460 3215 resi
485 3160 686 3216 ariana
710 3160 913 3214 infecit
936 3163 984 3232 (†
1000 3167 1122 3221 383,
1151 3130 1464 3214 seciindum
1490 3160 1637 3215 alios

350 3234 811 3314 381-88).1pse
865 3230 1038 3286 vertit
1086 3246 1128 3285 s.
1169 3230 1526 3303 Scripturam
1567 3249 1635 3286 ex

348 3299 1635 3456 θὶῗᾞὲἒὲρῗξὲὲέιῖἲῖἕὲἒὲἰιῗὲωωξὲἓκὲἕ

349 3448 475 3516 ejus
576 3465 632 3501 rs
670 3446 744 3500 ad
785 3461 890 3500 nos
969 3445 1195 3500 ervenit
1231 3449 1292 3500 et
1314 3461 1480 3517 saepe
1510 3462 1635 3516 pro·

350 3517 462 3572 diit
578 3518 756 3588 igne
800 3516 861 3571 P.
960 3517 1109 3582 VIII,
1152 3521 1320 3575 497-
1332 3520 1469 3577 879;
1515 3534 1635 3572 cur.

349 3588 783 3643 Bernhardt
806 3589 974 3644 Halle
1005 3560 1142 3645 187’5
1168 3588 1257 3642 ed.
1278 3588 1530 3658 optima;
1558 3587 1633 3644 ib.

355 3666 494 3717 1884
532 3678 664 3716 cum
743 3659 999 3714 lossario.
1053 3659 1136 3713 Cf.
1181 3659 1475 3714 Kaulen
1519 3659 1633 3714 KL.

354 3738 568 3795 12,188
590 3749 693 3792 ss.;
768 3730 1075 3802 inleitung,
1103 3730 1385 3802 Freiburg
1403 3737 1542 3788 1898
1561 3741 1633 3797 1,

350 3808 453 3860 168
478 3820 566 3868 ss„
592 3802 1057 3857 Kauffmann
1084 3802 1257 3858 Texte
1283 3802 1406 3857 und
1434 3803 1634 3857 Unter-

346 3875 505 3929 such.
531 3892 634 3928 zur
658 3874 924 3946 altgerm.
950 3873 1381 3946 Religionsges.‚
1427 3874 1636 3930 Strass·

344 3944 496 4016 burg
513 3951 683 4007 1899ς
711 3944 773 3998 F.
790 3949 837 3999 V
855 3962 942 4017 og
959 3946 1119 4016 tallg
1123 3946 1425 4010 ‚deutsche
1441 3944 1545 4000 Bio

346 4026 430 4081 44,
457 3965 707 4074 270-8'6
733 4020 791 4070 et
815 4017 1175 4071 literaturam
1216 4018 1290 4072 ab
1327 4007 1418 4070 his
1442 4033 1551 4071 auc

345 4088 507 4142 ribus
530 4087 784 4143 citatam.
824 4087 1172 4146 Kauffmann
1198 4088 1251 4141 ei
1276 4104 1524 4142 asserere
1552 4088 1633 4142 ni-

347 4160 493 4214 titur
541 4177 689 4242 opus
737 4158 1139 4241 imperfectum
1183 4164 1242 4214 in
1285 4162 1633 4225 Mamaeum,

344 4231 500 4300 qnod
545 4231 698 4285 inter
742 4247 914 4313 opera
960 4230 1156 4301 spuria
1200 4249 1241 4285 s.
1286 4231 1375 4286 Jo.
1422 4231 1635 4300 Chry-

345 4319 417 4357 so
435 4320 461 4356 s
477 4304 550 4357 to
567 4322 625 4357 m
641 4301 663 4357 i
696 4301 998 4385 reperitur,
1025 4303 1140 4366 sed,
1167 4305 1235 4356 ut
1261 4301 1505 4367 videtur,
1533 4303 1634 4356 im·

1687 1406 1793 1482 qui
1824 1406 2001 1464 illum
2031 1405 2267 1481 reperit,
2301 1404 2580 1463 laudatus
2600 1406 2781 1481 atque
2813 1406 2970 1465 notis

1689 1495 2067 1563 illustratus;
2102 1490 2367 1553 0110οαίἰο
2388 1491 2588 1571 (quam
2613 1493 2891 1553 habuerit
2905 1494 2969 1553 in

1689 1601 1850 1645 conc.
1893 1583 2160 1664 nicaeno)
2207 1583 2279 1641 ad
2325 1582 2782 1642 Constantinum
2829 1583 2968 1660 imp.

1689 1669 1797 1755 (ib.
1822 1667 2216 1755 673-676),
2251 1691 2402 1747 quae
2415 1671 2677 1749 genuina
2698 1691 2814 1731 non
2835 1690 2970 1731 cen-⁴

1689 1767 1916 1822 sentur.

1789 1950 1928 2004 113.
1973 1940 2044 1998 In
2090 1939 2293 1999 eadem
2341 1940 2588 1999 ecclesia
2617 1939 2973 1999 antiochena

1689 2030 1975 2088 inclaruit
2003 2028 2394 2088 Diodorus
2441 2031 2756 2104 parentum
2800 2029 2971 2089 nobi·

1689 2119 1839 2177 lium
1888 2118 2066 2177 filius.
2132 2119 2402 2189 Athenis,
2453 2118 2592 2177 dein
2625 2118 2973 2178 Antiochiae

1687 2208 1975 2285 magistro
2050 2211 2226 2266 utens
2301 2207 2653 2283 praeprimis
2715 2207 2973 2268 Eusebio

1688 2314 1979 2365 emeseno,
2012 2296 2281 2372 profanis
2302 2297 2607 2372 sacrisque
2629 2296 2846 2355 studiis
2880 2298 2972 2356 in·
3037 2303 3045 2310 ‘

1688 2385 1916 2455 cubuit,
1971 2386 2033 2443 in
2082 2385 2304 2460 quibus
2357 2386 2514 2444 sicut
2562 2388 2625 2443 et
2674 2385 2738 2443 in
2788 2386 2972 2445 ascesi

1690 2492 1937 2552 magnos
1956 2474 2097 2532 fecit
2118 2492 2488 2552 progressus,
2508 2475 2627 2534 imo
2646 2475 2973 2551 praefuisse

1689 2564 1929 2624 videtur
1977 2563 2354 2624 monasterio,
2436 2564 2720 2641 Tempore
2776 2564 2971 2625 tristis

1689 2653 2044 2727 schismatis,
2077 2654 2237 2729 quod
2271 2654 2377 2712 diu
2407 2653 2757 2713 turbaverat
2788 2655 2970 2713 eccle-

1690 2744 1838 2802 siam
1888 2742 2316 2811 antiochenam,
2352 2746 2595 2801 strenue
2657 2761 2790 2800 cum
2840 2744 2972 2801 Fla-

1689 2829 1924 2909 vian02)
1970 2831 2157 2890 amico
2203 2849 2313 2890 suo
2359 2831 2814 2890 orthodoxorum
2850 2832 2977 2908 egit

1690 2938 1925 2980 causam
1960 2938 2279 2995 curamque
2324 2920 2514 2996 gessit
2543 2919 2743 2996 gregis
2775 2921 2973 2978 catho-

1688 3010 1787 3069 lici
1821 3012 2028 3068 contra
2045 3009 2315 3067 Arianos.
2361 3008 2722 3076 ²,Flavianus
2755 3012 2817 3066 et
2835 3009 2974 3067 Dio·

1688 3099 1888 3168 dorus,
1941 3098 2025 3156 ita
2068 3097 2610 3156 'I'heodoretus
2655 3097 2731 3156 H.
2779 3097 2840 3155 E.
2875 3097 2971 3166 IV,

1694 3196 1773 3250 22
1811 3187 2090 3267 (Migne
2119 3185 2399 3256 LXXXII,
2442 3180 2634 3265 1183)
2670 3189 2972 3260 tamquam

1691 3293 1873 3353 rupes
1904 3275 2193 3351 quaedam
2225 3274 2522 3334 irruentes
2564 3275 2784 3333 fluctus
2814 3274 2972 3334 fran-

1690 3365 1928 3442 gebant.
1979 3364 2218 3423 Meletio
2251 3365 2407 3423 enim
2440 3367 2676 3440 pastore
2708 3364 2973 3440 ipsorum

1688 3454 1935 3513 remotis
1982 3453 2045 3511 in
2090 3454 2235 3512 locis
2266 3451 2480 3530 degere
2512 3456 2729 3522 coact0‚
2776 3454 2974 3531 gregis

1771 3664 1805 3730 ¹)
1836 3660 1917 3713 Cf.
1946 3660 2139 3713 Jahn
2166 3659 2264 3714 des
2291 3660 2371 3714 hl.
2399 3660 2787 3714 Eusthachius
2815 3660 2975 3716 E.rzb

1690 3749 1742 3785 v.
1795 3733 1862 3784 A.
1925 3731 2346 3813 Beurtheilung
2395 3733 2493 3785 des
2545 3731 2819 3802 Origenes
2869 3735 2976 3786 etc.

1689 3802 1916 3874 Lipsiae
1949 3806 2103 3866 1877,
2124 3802 2228 3871 qui
2246 3802 2457 3857 etiam'
2441 3820 2503 3856 ιιι
2526 3802 2701 3858 Texte
2722 3804 2842 3858 und
2869 3802 2977 3857 Un-

1689 3874 1936 3933 tersuch,
1982 3891 2084 3927 zur
2129 3875 2327 3928 Gesch.
2379 3875 2478 3928 der
2519 3873 2801 3929 altchrist.
2847 3874 2975 3930 Lit..

1622 3989 1634 4001 .
1689 3946 1898 4000 heraus
1941 3960 2011 4014 eg
2015 3962 2110 3996 ..v
2137 3942 2200 3998 Ο.
2222 3962 2274 3998 v.
2298 3946 2594 3999 Gebhardt
2611 3947 2821 3999 undA.
2839 3947 2978 4000 Har-

1616 4047 1635 4059 ·
1694 4016 1846 4072 nack
1872 4017 1894 4068 I
1949 4016 2085 4069 fasc.
2113 4025 2162 4071 4.
2190 4015 2417 4086 Lipsiae
2451 4023 2604 4080 1886,
2632 4017 2859 4071 curavit
2885 4034 2978 4070 no-

1690 4104 1820 4142 vam
1847 4086 1936 4143 ed.
1962 4086 2138 4156 hujus
2165 4087 2297 4140 diss.
2339 4089 2400 4140 et
2443 4088 2590 4141 hom.
2621 4087 2665 4140 O
2683 4087 2746 4140 ri
2817 4103 2894 4139 en
2915 4086 2977 4140 is

1687 4163 1754 4214 de
1773 4162 2000 4228 pythone
2026 4157 2117 4226 (cf.
2146 4174 2319 4227 supra
2358 4177 2414 4228 p.
2445 4162 2531 4228 59)
2551 4181 2562 4218 ς
2613 4159 2648 4212 S
2664 4174 2694 4211 c
2711 4159 2748 4210 h
2804 4173 2833 4210 e
2849 4175 2885 4224 y
2903 4173 2931 4210 e
2947 4175 2977 4211 r

1688 4231 1802 4284 KL.
1829 4230 1923 4292 IV,
1958 4235 2106 4285 1016

1762 4305 1806 4374 2)
1835 4301 1961 4355 Fla
1973 4317 2008 4352 v
2025 4298 2046 4353 i
2061 4316 2094 4352 a
2112 4317 2149 4351 n
2166 4317 2203 4353 ιι
2222 4317 2246 4352 s
2272 4297 2575 4379 episcopus
2599 4298 2978 4353 antiochenus

348 4373 570 4430 merito.
600 4373 786 4456 Ipsius
811 4373 959 4428 forte
986 4378 1124 4428 sunt
1148 4374 1472 4444 fragmenta
1487 4389 1635 4427 com·
1690 4376 1737 4445 (†
1765 4376 1890 4444 404)
1916 4373 2118 4425 auctor
2144 4370 2259 4424 fuit
2284 4368 2511 4438 aliquot
2527 4368 2899 4423 homiliarum
2920 4373 2980 4424 et

349 4445 619 4499 mentarii
644 4465 702 4501 m
727 4448 823 4500 Eo.
850 4466 891 4500 s.
925 4448 1115 4509 Meae,
1141 4447 1368 4516 reperta
1394 4448 1453 4498 et
1477 4443 1633 4498 edita
1690 4441 2089 4498 commentarii
2114 4447 2171 4496 in
2191 4443 2591 4510 Evanyeliums.
2615 4442 2808 4504 Lucae,
2830 4441 2976 4496 forte

348 4532 382 4568 a
408 4516 555 4571 Mai
591 4517 705 4572 Ser.
747 4521 859 4571 vet.
900 4534 1031 4572 nov.
1072 4516 1220 4580 coll„
1255 4511 1467 4571 Romae
1499 4523 1636 4572 1828
1690 4517 1750 4570 et
1777 4521 1834 4570 in
1859 4519 1956 4570 Ev.
1982 4533 2022 4570 s.
2051 4517 2295 4576 Joanm's,
2341 4527 2487 4580 quae
2530 4514 2722 4565 tamen
2750 4512 2978 4566 interci-

350 4588 443 4652 111,
462 4596 510 4645 2
537 4590 837 4652 186-237,
862 4587 1019 4659 apud
1046 4588 1295 4669 Migne
1322 4587 1383 4640 P.
1405 4586 1462 4639 L.
1485 4587 1634 4651 XIII,
1690 4586 1916 4640 derunt.
1947 4586 2158 4640 Contra
2185 4583 2554 4638 Messalianos
2582 4599 2681 4636 seu
2703 4582 2978 4637 Euchitas

349 4665 597 4718 593-628.
626 4659 830 4714 Exstat
853 4607 1196 4714 Auxentii
1225 4657 1635 4714 dorosterensis
1690 4658 1973 4726 synodum
2000 4655 2209 4710 habuit
2245 4659 2419 4723 atque
2460 4654 2720 4725 epistolis
2747 4671 2976 4723 quoque

464 4731 535 4785 de
562 4731 692 4796 fide,
718 4731 837 4785 vita
865 4734 924 4786 et
948 4729 1112 4785 obitu
1145 4729 1433 4794 Wulfllae,
1459 4746 1633 4798 quam
1690 4731 1890 4783 contra
1916 4744 2012 4782 eos
2036 4727 2175 4798 egit,
2215 4730 2284 4781 ut
2322 4729 2611 4781 testantur
2655 4725 2755 4779 Th
2772 4741 2801 4779 e
2819 4742 2851 4779 o
2868 4726 2905 4779 d
2925 4745 2979 4781 o-

350 4747 540 4856 egidit
564 4801 614 4856 K
631 4819 667 4856 a
682 4821 720 4856 ιι
738 4802 767 4855 f
777 4802 806 4855 f
810 4821 868 4857 m
884 4819 918 4857 a
933 4821 968 4856 n
990 4820 1028 4855 n
1055 4801 1390 4872 Strassburg
1422 4807 1574 4857 1899.

1689 4800 2001 4855 retusH.
2018 4798 2080 4852 F..
2100 4799 2193 4863 IV,
2225 4805 2290 4854 10
2316 4797 2873 4853 etPhotiuscod.
2894 4806 2976 4855 52.
