3505 5161
449 198 522 251 57
535 198 568 250 3
1134 176 1431 248 Eulogius,
1461 176 1816 239 Timotheus,
1843 176 2174 233 Theodorus
2199 174 2372 230 rhait.
2937 196 2970 248 5
2982 196 3061 248 74

441 371 597 426 tum
632 360 863 446 (potius
895 358 1321 445 Novatianum)
1358 365 1421 423 ll.
1442 364 1540 433 VI,
1575 382 1724 439 quo·
1780 365 2218 427 haereticorum.
2249 364 2387 425 Tria
2413 368 2613 424 autem
2634 363 3061 423 haereticorum

440 476 573 515 rum
635 472 772 513 cum
833 454 1008 514 laude
1070 453 1343 514 meminit
1390 454 1676 513 Photiu
1694 472 1722 512 s
1783 453 2106 530 distinguit
2153 473 2401 529 genera:
2452 472 2641 513 unum
2691 471 2913 520 eorum,
2961 454 3066 527 qui

443 544 608 605 codd.
650 552 787 606 182.
824 551 946 607 208
981 546 1044 603 et
1072 543 1423 619 praesertim
1450 552 1595 612 280,
1617 542 1723 601 ubi
1779 542 2187 618 rebaptizandi
2217 546 2390 614 sunt3
2423 545 2680 602 alterum
2712 561 2936 613 eorum,
2959 541 3065 617 qui

443 634 672 709 aliquot
699 632 1031 708 fragmenta
1045 632 1183 692 inde
1201 632 1445 692 adducit
1462 628 1723 714 (Migne
1781 650 1901 691 non
1934 634 2078 692 sunt
2097 632 2518 708 rebaptizandi,
2553 631 2656 690 sed
2681 634 2916 690 tantum
2950 650 3061 690 un·

444 722 581 792 CIV,
603 730 860 785 326—3
873 716 998 801 54).
1019 722 1373 781 —Duobus
1390 722 1451 783 ll.
1479 739 1721 798 aggres-
1781 723 2027 798 guntur,
2078 738 2217 780 cum
2266 721 2340 780 ad
2371 721 2689 782 Ecclesiam
2742 720 3063 789 accedunt;

443 831 542 872 sus
576 817 669 870 est
702 810 1062 870 Severum
1108 810 1363 870 antioch.
1395 814 1455 871 et
1487 810 1723 870 Timo·
1782 808 2030 869 tertium
2064 809 2323 885 denique
2355 811 2614 881 illorum,
2659 828 2810 883 quos
2843 808 3066 868 sufficit

443 902 700 961 theum
732 899 1020 959 Aelurum
1070 899 1216 959 alex.
1254 898 1720 976 monophysitas,
1780 918 2009 959 errores
2041 899 2328 974 pristinos
2360 900 2594 976 ejurare
2613 902 2676 958 et
2693 888 3065 958 anathemate

444 1010 512 1050 ex
534 991 755 1065 quibus
790 989 1023 1048 Photi
1044 1008 1129 1047 us
1164 989 1286 1051 cod.
1316 998 1438 1052 225
1462 982 1724 1072 (Migne
1782 988 2087 1052 detestari.
2149 989 2332 1048 Plura
2391 989 2607 1048 deinde
2658 988 3065 1048 schismatico-

445 1078 591 1150 ClII,
629 1082 1005 1154 939—350)
1040 1078 1244 1154 aliqua
1262 1078 1449 1148 affert,
1486 1078 1646 1137 sicut
1664 1082 1727 1136 et
1782 1097 1914 1137 rum
1948 1077 2019 1137 de
2051 1080 2403 1137 naturarum
2447 1079 2511 1137 in
2545 1078 2775 1137 Christo
2818 1076 3066 1136 distinc-

445 1169 567 1229 cod.
603 1177 728 1233 226
762 1166 864 1249 (ib.
902 1176 1200 1232 949-—95
1212 1164 1275 1249 4)
1324 1186 1394 1226 ex
1439 1167 1476 1225 l.
1518 1169 1725 1227 contra
1782 1167 1944 1225 tione
2006 1166 2431 1226 haesitantium
2492 1185 2710 1245 genera
2770 1165 2988 1226 statuit
3000 1161 3067 1245 ¹).

446 1257 966 1318 Theodosium
997 1259 1059 1315 et
1091 1257 1476 1317 Severum.
1542 1257 1722 1315 Porro
1783 1255 2181 1315 Meursius
2231 1257 2421 1333 primo
2470 1256 2647 1316 illum
2693 1273 2901 1333 graece
2933 1256 3066 1313 vul-

445 1348 509 1406 in
539 1351 797 1423 utroque
828 1365 922 1421 op.
953 1348 1166 1405 tuetur
1209 1364 1255 1403 s.
1286 1345 1500 1405 Leonis
1530 1364 1620 1421 ep.
1652 1344 1728 1402 ad
1782 1345 1948 1422 gavit
1994 1345 2058 1403 in
2091 1344 2286 1404 Variis
2336 1345 2575 1417 divinis,
2623 1343 2906 1421 Lugduni
2936 1344 3067 1402 Bat.

445 1436 809 1496 Flavianum.
840 1469 928 1479 —
959 1435 1028 1494 In
1061 1453 1183 1510 seq.
1203 1434 1327 1499 cod.
1355 1443 1476 1498 227
1512 1433 1723 1493 memi·
1794 1444 1956 1497 1619
1990 1434 2054 1495 in
2090 1444 2158 1504 43
2212 1434 2372 1493 inter
2411 1434 2542 1510 ejus
2589 1453 2682 1510 op.
2718 1434 2870 1503 VIII,
2910 1440 3067 1501 7383

446 1526 536 1585 nit
564 1525 829 1601 ejusdem
861 1526 1141 1583 orationis
1172 1525 1473 1583 invectivae
1522 1528 1729 1585 contra
1784 1523 2228 1583 Cotelerius
2270 1523 2332 1583 in
2364 1525 2624 1586 Monum.
2672 1523 2810 1581 eccl.
2842 1542 2929 1599 gr.
2962 1520 3065 1589 111,

446 1615 740 1675 unitatem
773 1613 975 1673 subito
1006 1616 1269 1674 exortam
1301 1613 1461 1672 inter
1498 1612 1725 1672 Theo·
1786 1621 1912 1675 420
1949 1630 2026 1671 sa.
2058 1618 2201 1683 etc.;
2264 1615 2458 1672 exstat
2502 1611 2564 1672 iu
2609 1612 2862 1689 Migne
2908 1612 2970 1669 P.
3003 1611 3067 1669 G.

446 1704 814 1763 dosianos
847 1705 910 1761 et
940 1702 1346 1777 Gajanitas
1380 1705 1569 1761 sectas
1599 1720 1727 1760 mo·
1790 1700 2079 1761 LXXXVI
2111 1720 2169 1777 p.
2203 1712 2226 1765 1
2257 1721 2390 1780 pag.
2417 1710 2692 1765 11—74.
2723 1735 2811 1745 —
2843 1700 3069 1759 Theo·

446 1792 868 1868 nophysiticas.
892 1791 1013 1860 ,Hi
1028 1790 1182 1850 enim
1197 1810 1334 1850 cum
1354 1789 1611 1866 primum
1633 1790 1727 1849 in·
1785 1790 2018 1850 dorus
2079 1790 2144 1849 in
2202 1791 2563 1850 monasterio
2613 1789 2945 1850 rhaituensi
3009 1789 3069 1847 in

446 1887 540 1940 ter
554 1901 615 1941 se
633 1881 1039 1950 dissedissent,
1059 1879 1438 1956 postmodum
1468 1898 1552 1949 ea,
1577 1898 1729 1954 quae
1787 1879 2005 1937 Arabia
2022 1898 2208 1956 prope
2230 1880 2392 1940 Sinai
2423 1883 2684 1939 montem
2715 1877 3071 1937 monachum

449 1970 521 2030 ad
553 1988 755 2030 necem
790 1968 1187 2029 defendebant
1231 1968 1525 2046 dogmata,
1572 1968 1728 2027 invi—
1786 1972 1850 2027 et
1880 1969 2303 2045 presbyterum
2336 1969 2564 2046 agebat.
2629 1967 2883 2044 Scripsit
2913 1985 3069 2026 com-

448 2078 571 2119 cem
604 2060 926 2129 tradentes,
979 2058 1045 2117 in
1093 2077 1290 2129 unam,
1339 2057 1443 2117 sed
1488 2058 1727 2117 brevem
1785 2058 2208 2117 mentationem
2243 2057 2739 2134 praeparatoriam
2762 2056 2885 2116 sive
2906 2075 3070 2116 exer-

451 2149 744 2223 quandam
806 2148 1224 2222 conspirarunt
1297 2147 1727 2223 impietatem‘
1785 2145 2134 2206 citationem
2183 2145 2257 2206 ad
2307 2166 2464 2218 eum,
2515 2147 2621 2221 qui
2652 2146 2851 2205 doceri
2883 2144 3067 2221 cupit,

453 2237 698 2314 Scripsit
729 2242 1032 2313 praeterea
1062 2239 1351 2296 orationes
1381 2235 1497 2307 XI,
1533 2254 1564 2294 e
1592 2236 1726 2310 qui·
1786 2238 1916 2311 quis
1940 2236 2126 2309 fuerit
2159 2238 2363 2295 modus
2380 2238 2578 2295 camois
2595 2256 2634 2294 a
2655 2236 2774 2294 Deo
2805 2253 3067 2308 assump-

450 2327 562 2387 bus
595 2327 829 2403 copiosa
847 2326 1138 2401 Excerpta
1155 2325 1396 2384 exhibet
1417 2324 1513 2382 Ph
1530 2324 1730 2383 otius
1788 2332 1879 2383 tae
1934 2332 2104 2401 atque
2137 2326 2600 2401 dispensationi&
2654 2342 2849 2399 quove
2900 2327 3070 2400 pacto

448 2417 569 2479 cod.
596 2426 719 2478 230
758 2411 1038 2498 (Migne
1070 2414 1217 2483 (2111,
1245 2409 1727 2491 1023—1090).
1788 2415 2024 2489 peraeta
2089 2413 2197 2484 sit3
2260 2432 2412 2490 quae
2478 2414 2622 2473 item
2687 2413 2761 2472 ab
2812 2413 3070 2472 alumnis

448 2505 517 2564 In
550 2523 752 2564 earum
786 2505 999 2580 quinta
1029 2503 1300 2579 disputat
1331 2521 1377 2562 s.
1398 2503 1634 2579 praesul
1656 2502 1729 2559 de
1789 2502 2081 2561 Ecclesiae
2111 2503 2503 2563 adstruantur
2538 2502 2824 2563 adversus
2869 2502 3072 2561 minus

449 2594 852 2655 incarnatione
882 2599 943 2655 et
974 2597 1179 2653 contra
1207 2593 1361 2663 illos,
1410 2593 1515 2669 qui
1547 2592 1732 2653 chris·
1790 2597 1949 2651 recte
1964 2592 2481 2653 deeasentientes.
2497 2594 2625 2652 Hoc
2639 2592 3071 2667 autemscripto

451 2682 1538 2762 tianamfidemingeniocomprehendi
1555 2698 1732 2757 posse
1790 2681 2129 2757 opinionem
2165 2682 2520 2753 Manetis,
2555 2681 2780 2740 Pauli
2815 2699 3070 2739 samosa-

453 2774 711 2833 humano
757 2774 1090 2833 autumant.
1151 2771 1310 2830 Haec
1358 2790 1496 2830 vero
1557 2788 1735 2846 opera
1789 2770 2466 2846 teni‚Apollinaris,
2488 2770 2872 2829 Theodori
2906 2788 3068 2845 mop-

453 2866 688 2938 praeter
719 2862 1015 2938 ejusmodi
1047 2861 1389 2939 fragmenta
1419 2860 1732 2936 perierunt
1792 2858 2073 2929 suesteni,
2110 2860 2483 2930 Nestorii,
2504 2859 2608 2917 Eu
2628 2859 2806 2935 tych
2825 2857 2978 2917 etis
3011 2863 3072 2918 et

453 2951 537 3009 Ex
571 2970 664 3026 op.
698 2950 936 3027 Septem
969 2950 1164 3026 capita
1209 2950 1277 3008 de
1306 2949 1532 3009 duabus
1562 2955 1733 3007 natu·
1790 2947 2044 3006 aliorum
2089 2950 2318 3013 evertit.
2382 2948 2613 3007 Prodiit
2670 2947 2766 3006 hic
2826 2946 3068 3006 libellus

451 3042 540 3099 ris
574 3036 816 3099 Domini
846 3040 1075 3115 Deique
1115 3058 1182 3098 ac
1213 3037 1540 3098 Salvatoris
1573 3037 1644 3097 N.
1676 3036 1731 3097 J.
1792 3039 1929 3112 post
1977 3036 2121 3096 alias
2171 3038 2260 3097 ed.
2311 3037 2376 3097 in
2427 3037 2684 3113 Migne
2736 3037 2798 3094 P.
2833 3036 2899 3100 G,
2929 3036 3069 3106 XCI,

455 3129 673 3189 Christi
705 3129 851 3190 olim
883 3130 1133 3190 Maximo
1154 3129 1229 3191 M.
1260 3128 1491 3187 tributo
1509 3126 1735 3203 pariter
1799 3134 2249 3191 1483—1504.
2341 3126 2476 3185 Alia
2549 3124 2810 3184 auctoris
2881 3125 3071 3184 nostri

451 3221 641 3278 exstat
670 3221 909 3277 tantum
943 3218 1359 3295 fragmentum.
1402 3216 1735 3292 Supersunt
1791 3214 2014 3290 scripta
2044 3215 2287 3290 periere,
2335 3216 2494 3274 inter
2524 3232 2677 3290 quae
2709 3218 2771 3273 et
2801 3213 2968 3281 illud,
3002 3232 3072 3271 ex

454 3307 656 3366 Sermo
688 3309 752 3365 in
781 3327 977 3367 ramos
982 3308 1325 3382 palmarum
1340 3310 1402 3365 et
1420 3306 1481 3364 in
1498 3305 1732 3380 pullum
1791 3321 1909 3378 quo
1942 3304 2203 3362 Joannes
2235 3305 2524 3363 Beccus
2557 3303 2865 3379 egregium
2884 3302 3071 3361 addu—

452 3396 635 3466 asini3
670 3396 829 3455 hunc
858 3401 920 3456 et
950 3396 1285 3474 fragmenta
1313 3414 1384 3455 ex
1406 3394 1584 3454 variis
1601 3413 1732 3470 opp.
1791 3391 1875 3450 cit
1906 3392 2317 3452 testimonium
2350 3410 2457 3468 pro
2476 3392 2848 3468 processione
2881 3390 3072 3466 Spiri-

453 3484 801 3561 dogmaticis
833 3485 1014 3545 habes
1045 3485 1110 3543 in
1142 3485 1395 3561 Migne
1428 3482 1731 3552 LXXXVI,
1790 3485 1889 3540 tus
1951 3500 2021 3540 ex
2083 3481 2232 3541 Filio
2292 3476 2568 3564 (Migne
2631 3481 2819 3552 CXLI,
2883 3475 3070 3563 680:

458 3582 926 3644 2913—29643
972 3577 1032 3633 et
1078 3574 1411 3649 fragmenta
1439 3592 1510 3633 ex
1543 3591 1635 3649 op.
1668 3574 1737 3631 de
1795 3570 2124 3639 ,Dominus
2186 3590 2255 3629 ex
2317 3572 2634 3646 semetipso
2688 3570 2974 3645 Spiritum
3027 3588 3071 3628 s,

452 3682 496 3720 8.
536 3661 817 3721 Trinitate
848 3670 898 3721 et
929 3664 996 3720 de
1027 3664 1223 3721 divina
1254 3664 1577 3721 oeconomia
1608 3678 1732 3720 cur.
1796 3661 2081 3719 exsistere
2100 3660 2434 3730 ostendens,
2467 3659 2779 3720 insufflans
2812 3659 3073 3735 discipu-

453 3751 695 3810 Barde
715 3752 975 3811 nhewe
995 3772 1025 3810 r
1073 3751 1254 3815 theol.
1306 3750 1558 3819 Qtlschr.
1610 3751 1730 3809 Tfi-
1794 3749 1868 3807 lis
1900 3747 2162 3808 dicebat:
2196 3750 2456 3824 Accipite
2489 3749 2780 3822 Spiritum
2810 3748 2983 3825 ια).

453 3838 675 3916 bingen
716 3850 901 3911 1896,
949 3839 1241 3899 LXXVIII
1271 3861 1328 3917 p.
1365 3850 1733 3904 354—401.

453 3928 597 4004 Ejus
628 3931 899 4003 epistolae
928 3930 1001 3988 ad
1035 3929 1385 4006 Gregorium
1418 3931 1491 3990 Μ.
1542 3929 1731 4005 perie-
1886 3935 2031 3991 319.
2064 3926 2307 3985 Praeter
2369 3926 2824 4005 Gregorium
2877 3927 2950 3988 M.
3015 3928 3075 3982 et

452 4022 613 4077 runt.
674 4018 823 4095 Ejus
868 4018 1154 4078 memoria
1196 4018 1483 4078 recolitur
1530 4019 1594 4077 in
1625 4018 1734 4077 Ec-
1793 4035 1836 4076 a.
1898 4016 1926 4073 Ι
1942 4015 2056 4075 sid
2075 4034 2286 4074 orum
2346 4015 2749 4091 hispalensem
2810 4016 2967 4073 inter
3030 4033 3074 4075 a.

452 4107 631 4166 clesia
662 4107 1011 4167 occidentali
1050 4117 1145 4170 13.
1179 4107 1338 4183 Sept.
1794 4105 2216 4180 Scripturas
2248 4104 2607 4181 interpretes
2620 4100 2672 4185 ³)
2693 4103 2898 4162 referri
2923 4104 3074 4161 forte

546 4294 690 4349 3¹⁵3·
724 4286 1170 4344 Timotheus
1202 4286 1512 4361 presbyter
1545 4285 1649 4346 GP.
1676 4288 1738 4343 et
1886 4316 1923 4383 ¹)
1975 4312 2058 4366 cf.
2110 4309 2875 4366 Fabricius-Harmas
2927 4309 3074 4372 vm,

456 4374 860 4451 skeuophylax
890 4375 1104 4450 templi
1137 4392 1183 4432 a.
1208 4374 1423 4433 Mariae
1442 4375 1503 4432 in
1525 4374 1734 4434 Chalco
1791 4382 2560 4448 489:Bardenhewer§
2592 4383 2690 4437 107
2715 4399 2771 4433 n.
2800 4385 2849 4434 2.

456 4465 645 4539 pratis
677 4464 949 4523 libellum
999 4463 1316 4523 admodum
1367 4464 1578 4522 utilem
1628 4483 1734 4538 pro
1870 4458 1910 4527 ²)
1938 4454 2018 4509 Cf·
2048 4454 2232 4508 Zeok
2260 4453 2372 4507 KL·
2401 4453 2494 4517 Xl.
2525 4458 2676 4508 1522.

457 4551 894 4629 haereseologig
927 4552 1195 4629 priorum
1227 4551 1562 4612 seculorum
1596 4569 1733 4609 con,
1826 4597 1836 4607 ·
1867 4530 1908 4598 ⁸)
1937 4526 2217 4608 Pauulus
2262 4526 2452 4579 'Pellae
2507 4522 2935 4606 (Constantiuae
2980 4524 3075 4592 Sy·

1790 4601 2260 4722 naezjepiscopus
2285 4600 2526 4667 rogante
2553 4596 2870 4649 Athanasio
2899 4596 2938 4647 I.
2978 4611 3076 4648 an·

457 4640 722 4702 ‘’innavit
752 4643 998 4701 ineunte
1032 4660 1143 4704 ⁸0⁰·
1178 4642 1289 4702 VH
1319 4641 1391 4699 de
1425 4641 1517 4711 ἥθ’
1537 4641 1733 4716 qniad
1793 4670 1906 4722 tio(-
1952 4685 2060 4722 euo
2087 4668 2412 4740 patriarcha
2440 4684 2493 4724 a.
2513 4672 2748 4725 ‹ne-617
2789 4671 3076 4721 versionem

454 4730 773 4790 Ecclesiam
825 4731 1111 4790 accedunt
1156 4750 1263 4790 seu
1307 4732 1377 4789 de
1426 4733 1736 4806 receptione
1791 4747 2060 4810 syriacam
2124 4739 2489 4811 hexaplarem
2530 4739 2648 4796 scil.
2702 4738 2775 4792 ad
2805 4737 3076 4793 amussim
