3505 5161
525 224 644 281 291
1070 217 1368 267 401—431.
1395 211 1448 264 S.
1475 208 1792 280 Augustini
1820 224 1996 281 opera
2018 208 2324 280 exegetica,
2351 207 2594 263 ascetica
3010 227 3134 281 292

519 413 653 454 nem
685 392 1036 472 coelipetam
1064 395 1388 456 nubivolus
1418 395 1801 473 Augustinus
1858 395 2176 454 moralium
2195 412 2266 453 ex
2286 414 2331 458 s
2346 394 2679 471 Scriptura,
2714 394 2875 469 quod
2893 395 3138 472 incipit·

518 485 764 562 paribus
795 485 906 544 alis
936 485 1246 545 insecutus
1278 489 1428 545 est.‘
1463 485 1662 544 Habes
1699 502 1800 544 eos
1856 484 2022 554 Q,uis
2048 483 2302 586 ignorat‘
2335 487 2446 544 etc.
2469 485 2646 559 juxta
2664 483 2993 544 versionem
3024 485 3137 544 ita-

520 574 679 634 inter
709 575 994 653 opus'cula
1026 575 1244 633 selecta
1272 579 1319 633 t.
1358 586 1410 638 1.
1442 578 1504 634 et
1535 575 1594 632 II
1626 575 1800 633 seriei
1856 575 1990 644 lam,
2024 574 2121 632 cui
2138 573 2203 631 in
2222 573 2523 633 codicibus
2543 572 2973 649 posterioribus
2993 574 3137 633 sub-

518 662 784 735 alterius,
820 663 1139 739 Oeniponti
1187 671 1370 727 1884.
1433 664 1541 722 His
1574 663 1799 729 addan·
1857 650 2077 722 stituta
2133 663 2253 721 fuit
2313 662 2506 722 versio
2567 662 2814 740 vulgata
2864 659 2939 744 (a.
2989 673 3135 735 428,

518 756 623 811 tur
650 755 726 811 tr.
759 752 811 811 X
841 756 905 812 in
935 772 1019 829 ep.
1053 750 1139 834 (1.
1171 751 1244 811 ad
1281 763 1336 823 5,
1374 763 1409 817 3
1443 748 1661 835 usque)
1695 753 1799 811 Jo-
1856 749 2379 829 MigneXXXIV,
2404 746 2844 833 8874-1040).
2869 752 3140 813 v-Liber

517 844 691 900 annis
735 839 841 923 (ib.
891 850 1347 906 1977—2062.
1378 875 1465 886 -
1498 843 1800 918 Erpa-sitio
1855 843 1924 900 de
1955 842 2252 900 mendacio
2281 835 2356 923 (c.
2391 849 2518 903 394
2551 841 2806 917 Mrgne
2825 840 2941 915 XL,
2977 852 3138 906 487-

516 933 893 1008 quarundam
965 950 1139 1007 prop.
1210 925 1350 1013 (84)
1419 950 1488 990 ex
1550 932 1802 1008 epistola
1860 926 2031 1012 518),
2050 930 2341 989 obscurus
2358 932 2446 988 est
2465 933 2527 988 et
2543 930 2952 989 anfractuosus
2972 931 3133 997 adeo,

515 1019 592 1077 ad
613 1020 907 1080 Romanos
940 1014 1033 1102 (a.¹
1061 1030 1205 1090 394,
1245 1021 1326 1083 ib.
1371 1017 1799 1101 2063-2088),
1855 1024 1928 1078 ut
1973 1037 2018 1077 S.
2039 1018 2258 1078 ,doctor
2285 1019 2461 1077 illum
2492 1037 2613 1078 non
2645 1037 2776 1078 esse
2807 1018 3138 1079 decreverit

516 1108 579 1166 in
626 1121 744 1184 qu'a
787 1112 987 1169 tamen
1049 1128 1171 1168 non
1233 1109 1380 1169 satis
1444 1110 1616 1179 clare,
1680 1110 1798 1168 imo
1855 1110 1918 1167 et
1938 1109 2207 1184 jusserit,
2243 1107 2402 1182 quod
2421 1110 2621 1168 tamen
2637 1108 2861 1167 factum
2894 1125 3014 1168 non
3045 1115 3138 1168 est

513 1200 576 1255 et
621 1197 822 1257 minus
869 1201 1027 1259 recte
1076 1198 1148 1258 de
1195 1199 1422 1277 gratiae
1485 1199 1800 1258 collatione
1858 1196 2039 1277 (Retr.
2074 1198 2122 1272 1,
2173 1192 2301 1278 27).
2363 1196 2527 1256 Idem
2573 1201 2996 1275 argumentum
3040 1217 3136 1257 re-

515 1286 820 1359 disseruit,
867 1287 953 1346 ita
996 1290 1069 1347 ut
1114 1287 1569 1366 Semipelagiani
1605 1289 1670 1346 in
1702 1288 1800 1346 sui
1855 1286 2132 1345 tractavit
2164 1287 2228 1344 in
2258 1286 2411 1345 libro
2461 1294 2663 1345 eontra
2695 1287 3055 1346 mendacium
3085 1307 3135 1348 a.

450 1438 451 1441 Ἴ
516 1376 732 1435 erroris
765 1377 1163 1452 patrocinium
1209 1377 1281 1435 ad
1326 1377 1479 1435 hanc
1516 1394 1797 1453 provoca·
1857 1385 1982 1439 420
2020 1372 2122 1458 (ib.
2158 1372 2558 1457 517—548),
2599 1375 2703 1451 qui
2733 1377 2994 1452 apertior
3024 1381 3134 1447 est,

515 1468 652 1523 rent
699 1467 1146 1543 expositionem.
1172 1508 1177 1513 ,
1208 1460 1511 1542 Epistolae
1560 1464 1633 1524 ad
1682 1466 1799 1524 Ro·
1854 1465 2060 1540 inquo
2081 1460 2304 1535 tuetur,
2339 1464 2707 1524 mendacium
2729 1464 2891 1523 omni
2911 1465 2975 1523 in
2995 1484 3136 1524 casu

515 1572 723 1614 manos
756 1555 1032 1631 expositio
1076 1556 1344 1614 inchoata
1390 1549 1498 1637 (ib.
1534 1564 1796 1619 2088-
1853 1571 1983 1613 esse
2015 1553 2298 1612 illicitum
2313 1548 2380 1635 ¹).
2414 1587 2500 1599 --
2537 1555 2622 1612 De
2667 1556 3015 1613 continentia
3037 1571 3041 1576 ’
3060 1550 3137 1635 (a.

521 1643 718 1723 2106)
748 1647 1025 1705 versatur
1072 1645 1135 1703 in
1167 1644 1293 1704 sola
1324 1643 1702 1703 salutationis
1743 1655 1796 1712 1,
1859 1652 2004 1714 395,
2038 1642 2294 1721 Migne
2326 1663 2383 1719 p.
2420 1639 2802 1725 349—372)
2837 1646 2899 1701 et
2928 1645 2995 1702 de
3017 1663 3137 1719 pa-

525 1742 688 1796 1—-7
756 1733 1157 1809 expositione:
1222 1733 1681 1793 difficultatibus
1745 1732 1797 1791 si
1855 1734 2056 1790 tientia
2101 1732 2263 1809 (ante
2325 1752 2373 1791 a.
2425 1741 2550 1796 418
2597 1732 2676 1794 ib.
2728 1729 3136 1814 611—626);

518 1821 760 1896 quidem
780 1822 1125 1893 deterritus,
1160 1841 1195 1881 a
1227 1822 1637 1897 prosecutione
1669 1840 1796 1881 ces·
1855 1821 1944 1880 De
1974 1821 2266 1898 eoniuyali
2296 1821 2438 1880 bono
2470 1822 2541 1899 (c.
2561 1842 2612 1880 a.
2635 1830 2781 1891 401,
2815 1821 2895 1884 ib.
2921 1830 3137 1885 373—

520 1910 689 1974 savit.
739 1946 829 1956 —
873 1911 1171 1987 Epistolae
1215 1912 1293 1969 ad
1339 1911 1585 1970 Galatas
1627 1929 1797 1987 expo-
1855 1908 2013 1989 386)
2064 1914 2127 1969 et
2174 1912 2244 1968 de
2293 1918 2497 1970 saneta
2544 1912 2871 1988 viryim'tate
2922 1906 3028 1988 (ib.
3080 1932 3138 1987 p.

520 2001 653 2057 sitio
684 1993 790 2079 (ib.
827 1996 1294 2081 2105—2148)
1328 2000 1586 2077 diligens
1635 2020 1684 2063 a.
1728 2003 1801 2058 ut
1860 1996 2258 2081 397-428),
2305 2003 2632 2075 utrumque
2676 2003 2879 2058 contra
2915 1999 3139 2059 Jovi-

517 2088 758 2147 videtur
780 2098 904 2152 394
923 2089 1288 2148 concinnata.
1323 2090 1694 2166 ,Epistolam
1708 2092 1800 2148 to-
1853 2088 2166 2147 nianum
2215 2088 2624 2165 virginitatem
2663 2089 3137 2165 impugnantem,

519 2179 642 2235 tam
669 2178 959 2236 'continua
1008 2179 1158 2237 serie
1182 2180 1356 2255 juxta
1388 2176 1630 2238 sensum
1662 2179 1801 2238 lite-
1855 2178 2060 2236 contra
2106 2196 2284 2253 quem
2322 2178 2448 2254 jam
2493 2178 2811 2253 scripserat
2850 2197 2895 2236 s.
2927 2178 3140 2236 Hiero-

519 2266 704 2324 ralem
736 2267 915 2325 solito
946 2266 1172 2343 ingenii
1190 2268 1460 2327 acumine
1480 2268 1802 2344 diligenter
1856 2284 2091 2343 nymu8‚
2141 2265 2246 2339 qui
2289 2266 2529 2343 nuptias
2560 2267 2740 2325 nimis
2772 2266 3135 2343 depressisse

517 2354 961 2430 interpretatur,
985 2356 1339 2432 inquitFes
1357 2356 1604 2416 aler-J
1619 2376 1799 2433 ung·
1856 2354 2179 2414 dicebatur.
2230 2355 2383 2414 Hinc
2417 2395 2445 2425 ,
2451 2355 2789 2432 jactabatur
2818 2355 2860 2413 J
2861 2355 3135 2414 oviniano

515 2462 574 2501 m
591 2462 737 2503 ann
766 2445 840 2515 H,
874 2445 920 2516 I,
957 2455 1100 2508 363.
1140 2481 1209 2489 ·--
1240 2446 1544 2521 Expositio
1565 2449 1625 2505 in
1643 2465 1727 2525 ep.
1747 2465 1797 2505 s.
1854 2443 2198 2520 responderi
2218 2462 2339 2502 non
2358 2446 2629 2521 potuisse
2649 2463 2784 2503 cum
2804 2445 2996 2512 laude,
3033 2444 3138 2503 sed

517 2532 720 2593 Jacobs·
742 2534 936 2611 periit.
954 2536 1126 2594 —In
1142 2535 1420 2611 pluribus
1437 2535 1570 2595 aliis
1603 2535 1800 2612 operi·
1856 2551 1992 2594 cum
2056 2533 2493 2610 vituperatione
2565 2533 2917 2612 nuptiarum
2951 2530 3136 2615 (Betr.

516 2621 648 2694 bna,
661 2624 1037 2683 sermonibus
1052 2628 1115 2684 et
1135 2625 1404 2700 epistolis
1422 2644 1465 2684 s.
1489 2626 1694 2684 doctor
1706 2643 1798 2684 sa·
1864 2635 1961 2698 11,
2001 2619 2110 2704 22)
2127 2631 2174 2682 ‘.
2239 2622 2426 2692 Quam
2470 2624 2547 2682 ob
2579 2643 2702 2682 rem
2737 2623 2931 2700 coepit
2959 2644 2994 2682 a
3022 2643 3136 2682 nu-

516 2713 743 2788 gaciter
757 2717 819 2772 et
847 2713 1101 2773 feliciter
1129 2716 1399 2773 versatur
1420 2714 1482 2772 in
1503 2715 1802 2790 interpre-
1855 2713 2117 2788 ptiarum
2148 2712 2319 2782 bon0‚
2371 2715 2443 2771 ut
2487 2712 2625 2772 dein
2667 2731 2734 2771 eo
2779 2712 3027 2771 liberius
3074 2715 3139 2770 et

517 2802 699 2860 tanda
736 2821 781 2863 s.
815 2803 1139 2878 Scriptura.
1201 2803 1402 2878 Ipsius
1449 2808 1649 2862 tamen
1679 2821 1801 2861 non
1856 2801 2117 2860 securius
2134 2803 2569 2861 commendaret
2582 2802 2948 2879 virginitatis
2964 2820 3138 2876 prae-

517 2895 610 2948 est
658 2910 808 2968 opus
859 2892 1159 2969 prolixum
1218 2892 1331 2952 sub
1380 2894 1510 2968 ejus
1561 2893 1801 2951 nomine
1857 2892 2156 2952 stantiam.
2195 2924 2276 2934 —
2306 2891 2396 2948 De
2441 2891 2582 2951 bono
2626 2891 2928 2950 viduitatis
2972 2885 3045 2971 (c.
3085 2909 3139 2948 a.

517 2997 638 3055 non
686 2999 821 3039 raro
864 2981 1187 3057 allegatum
1242 2982 1610 3054 Quaestiones
1656 2981 1719 3039 V.
1748 2988 1799 3039 et
1861 2989 2004 3049 414,
2059 2980 2135 3038 ib.
2186 2974 2564 3062 431—450)
2613 2997 2721 3039 seu
2765 2979 3019 3056 epistola
3063 2979 3139 3037 ad

518 3068 594 3130 N.
633 3069 971 3129 Testamenti
1016 3070 1292 3147 (Migne
1322 3070 1545 3141 XXXV,
1596 3080 1798 3133 2213-
1854 3068 2160 3128 Julianam
2203 3068 2462 3127 viduam.
2493 3103 2583 3114 —·
2630 3069 2806 3127 Liber
2854 3069 2924 3126 de
2971 3087 3142 3143 opere

521 3154 738 3239 2416),
771 3159 844 3217 de
876 3176 994 3234 quo
1028 3160 1474 3222 cf.Harnack
1505 3158 1799 3218 Abhandl.
1854 3157 2270 3217 monachorum
2303 3155 2378 3239 (c.
2400 3178 2451 3216 a.
2475 3169 2620 3229 400,
2654 3158 2733 3216 ib.
2757 3153 3139 3238 547—592)

517 3246 611 3310 Al.
656 3266 711 3307 v.
752 3248 1075 3323 Oettingen
1122 3248 1454 3324 gewidmet,
1503 3249 1802 3307 Miinchen
1857 3247 1986 3309 scil.
2031 3245 2103 3306 de
2143 3247 2345 3305 labore
2375 3265 2663 3306 manuum
2694 3249 2901 3306 contra
2931 3264 3140 3304 mona-

527 3344 689 3398 1898
725 3356 781 3412 p.
820 3346 1097 3400 54—93.
1857 3337 1995 3394 chos
2029 3336 2152 3394 otio
2184 3335 2438 3394 nimium
2471 3337 2723 3395 deditos.
2755 3367 2840 3378 -·
2873 3335 3142 3393 Libellus

1626 3453 1629 3454 ⁷
1856 3425 2028 3483 utilis
2090 3425 2159 3482 de
2218 3425 2711 3484 catechizandibus
2757 3425 3005 3483 rudibus
3065 3424 3140 3482 ad

558 3525 561 3528 ’
659 3522 797 3576 157.
870 3512 1150 3582 Quamvis
1216 3513 1280 3572 in
1330 3514 1536 3573 multis
1586 3514 1801 3573 horum
1857 3512 2206 3589 Deogratias
2258 3514 2570 3573 diaconum
2628 3513 3137 3590 carthaginensem

517 3620 778 3677 operum,
827 3621 979 3678 quae
1024 3603 1446 3674 recensuimus,
1492 3604 1799 3663 formatio·
1860 3597 1935 3684 (c.
1980 3622 2031 3660 a.
2082 3612 2229 3672 400,
2279 3603 2358 3661 ib.
2405 3624 2462 3680 p.
2517 3603 2910 3678 309—348),
2961 3619 3134 3677 quem

517 3708 655 3748 nem
703 3709 935 3749 morum
984 3711 1027 3755 s.
1081 3693 1319 3768 praesul
1380 3695 1622 3769 spectet,
1686 3694 1804 3752 huc
1855 3691 2018 3749 inter
2062 3691 2350 3767 opuscula
2399 3692 2615 3751 selecta
2673 3695 2718 3753 t.
2768 3691 2910 3750 VIII
2961 3690 3139 3749 Oeni-

518 3779 868 3855 praeprimis
901 3781 1092 3840 adhuc
1124 3781 1332 3840 referri
1365 3781 1613 3840 debent:
1658 3782 1802 3857 Spe·
1857 3783 2038 3856 ponte
2080 3790 2278 3852 1869;
2322 3789 2505 3845 1895.
2538 3779 2850 3840 edidimus·

518 3868 709 3926 culum
724 3864 770 3949 ¹)
836 3887 944 3929 seu
1021 3870 1288 3929 collectio
1352 3873 1801 3947 praeceptorum

592 4060 634 4128 ¹)
662 4057 793 4110 'Pria
832 4059 945 4114 alia
990 4061 1213 4140 Specula
1257 4060 1365 4112 sub
1407 4060 1530 4128 ejus
1574 4057 1801 4114 nomine
1856 4058 1934 4111 du
1963 4057 2162 4112 Miroir
2205 4058 2276 4113 de
2319 4059 2399 4112 St.
2426 4058 2720 4127 Augustin
2764 4058 2941 4130 (Extr.
2985 4057 3056 4111 de
3083 4059 3138 4113 la

519 4127 1016 4194 circumferuntur,
1062 4129 1211 4185 inter
1251 4146 1397 4198 quae
1438 4133 1496 4184 et
1519 4148 1701 4184 unum
1726 4131 1802 4184 ab
1856 4130 2004 4184 Bibl.
2055 4130 2126 4183 de
2175 4129 2385 4185 lEcole
2425 4130 2524 4183 des
2564 4128 2864 4200 Chai-tres),
2905 4129 3143 4184 Parisiis

519 4200 587 4252 H.
632 4199 716 4253 V
701 4219 774 4271 lg
791 4219 828 4254 ιι
845 4201 866 4255 1
881 4218 911 4255 e
926 4219 954 4253 r
968 4201 992 4255 i
1007 4219 1039 4255 o
1084 4201 1318 4264 editum,
1366 4202 1518 4269 quod
1563 4201 1801 4271 incipit:
1861 4208 2013 4258 1884.
2041 4234 2108 4243 —
2124 4201 2292 4255 Liber
2306 4204 2502 4255 autem
2520 4204 2585 4255 de
2603 4206 2710 4256 vata
2729 4205 3022 4257 οήηεείαπα
3042 4201 3141 4274 (ib.

518 4275 669 4325 Audi
689 4276 875 4338 Israel,
902 4273 1016 4327 duo
1038 4273 1192 4343 apud
1220 4273 1369 4342 Mig
1385 4289 1467 4326 ne
1496 4273 1607 4337 XL,
1625 4275 1797 4330 967—-
1861 4279 2068 4328 1031—
2001 4275 2230 4354 —1046)
2276 4289 2488 4327 errores
2532 4272 2685 4355 sapit
2723 4272 2909 4343 pela
2917 4289 3057 4326 anos
3082 4277 3144 4326 et

520 4348 654 4398 992:
695 4360 761 4397 ea
786 4346 979 4398 tamen
1006 4361 1120 4399 non
1146 4346 1282 4397 sunt
1307 4344 1577 4414 genuina
1628 4344 1712 4398 Cf.
1740 4343 1800 4396 F.
1855 4347 1941 4397 est
1982 4344 2128 4398 forte
2173 4343 2355 4413 ipsius
2382 4343 2554 4399 Pela
2570 4363 2608 4414 g
2625 4345 2644 4397 i
2661 4343 2699 4396 i.
2748 4375 2812 4384 —
2902 4344 3024 4398 iber
3050 4360 3140 4398 ex-

518 4412 592 4464 W
609 4429 638 4466 e
657 4413 731 4468 ih
748 4416 812 4468 ri
828 4434 857 4471 c
873 4416 911 4469 h
957 4415 1058 4468 das
1085 4415 1161 4486 Sp
1166 4418 1390 4470 eculum
1438 4415 1536 4468 des
1582 4416 1658 4472 hl.
1687 4418 1799 4469 Au·
1853 4414 2203 4469 hortationis
2227 4417 2403 4485 vulgo
2429 4418 2491 4469 de
2513 4419 2844 4470 salutar-thus
2866 4419 2931 4470 dn
2906 4435 3142 4470 n·cumen

519 4485 786 4608 {rustinus
831 4486 952 4540 und
1003 4487 1155 4540 scine
1197 4485 1575 4540 Handshrift·
1595 4486 1801 4541 Ueber-
1854 4491 1923 4542 tis
1947 4487 2043 4559 (ib.
2076 4489 2444 4567 1047—1078)
2471 4485 2782 4542 Paulini
2825 4486 3144 4556 aquilejen-

599 4556 820 4628 ferung,
871 4557 1042 4613 Wien
1096 4565 1247 4614 1883.
1310 4558 1561 4612 Alterius
1609 4562 1800 4613 tamen
1855 4559 1931 4613 sis
2000 4561 2086 4612 est
2143 4561 2200 4611 et
2248 4557 2396 4613 inter
2453 4559 2575 4629 ejus
2627 4557 2912 4629 reperitur
2969 4574 3142 4629 opera

519 4629 837 4683 sententiae
863 4632 949 4682 est
974 4630 1032 4682 L.
1061 4627 1107 4681 D
1126 4629 1228 4684 eli
1245 4632 1365 4692 sle,
1408 4631 1509 4697 qui
1536 4629 1800 4700 genuini·
1856 4629 1970 4702 (Mi
1987 4649 2024 4699 g
2043 4648 2081 4681 n
2098 4646 2127 4682 e
2155 4629 2344 4693 XCIX,
2377 4631 2539 4686 197-
2551 4633 2693 4701 282).

521 4700 698 4753 tatem
727 4702 924 4754 tuetur
950 4700 985 4754 S
1030 4701 1197 4764 eculi‚
1239 4671 1392 4768 quod
1419 4701 1630 4771 incipit
1654 4705 1802 4755 Audi
1927 4705 1967 4772 ¹)
1996 4700 2080 4754 Cf.
2107 4700 2168 4753 Ε.
2196 4700 2245 4753 R
2262 4703 2291 4754 e
2308 4719 2337 4756 c
2354 4701 2415 4753 ῥ’
2400 4721 2414 4770 ]
2435 4700 2540 4764 ak,
2569 4701 2637 4753 de
2674 4699 2970 4755 mendacio
2997 4702 3142 4769 quid

520 4772 692 4825 Israel
718 4771 778 4826 in
823 4771 955 4825 diss.
982 4721 1059 4825 fle
1086 4773 1214 4841 plus
1239 4772 1443 4826 ancien
1489 4772 1800 4827 manuscrit
1855 4772 2095 4828 senserit
2120 4771 2498 4842 Augustinus,
2527 4743 2688 4825 ’Paris
2718 4774 2870 4829 1897.
