3505 5161
527 250 649 303 643

919 232 1217 285 701—750.
1248 228 1676 282 Controversiae
1704 244 1835 279 cum
1863 226 2268 281 iconomachis,
2297 226 2609 296 Gregorius
2637 227 2747 287 111„

3017 247 3142 299 644

523 418 894 479 Germaniam
940 418 1172 476 remisit
1220 418 1295 476 ad
1340 417 1805 491 promovendum
1863 414 2207 489 ubicunque
2269 433 2362 474 res
2424 416 2771 490 postularet,
2836 417 3141 492 episcopos

524 507 1071 582 stabiliendumque
1150 526 1298 584 opus
1377 506 1802 583 evangelicum,

524 598 800 656 omnibus
823 595 1133 672 episcopis,
1156 596 1540 672 presbyteria,
1565 615 1807 672 magna-

520 687 688 745 tibus
721 690 900 761 atque
933 685 1098 743 laicis
1132 705 1269 744 eum
1299 685 1713 744 commendans
1747 688 1810 742 et

521 780 591 835 ut
623 777 677 834 ei
710 775 991 834 obediant
1021 776 1356 833 exhortans.
1416 774 1678 833 Decessit
1715 773 1809 832 vir

520 884 658 927 vere
690 864 1054 941 apostolicus
1095 875 1169 926 10
1206 865 1302 922 vel
1344 875 1411 926 ll
1452 863 1621 921 Febr.
1661 872 1806 925 731.

524 955 757 1013 Literas
776 956 905 1029 ejus
927 953 1221 1022 collectae,
1255 953 1417 1011 inter
1448 970 1544 1010 eas
1574 953 1807 1026 aliquas

522 1044 910 1113 doctissimae,
924 1042 1163 1101 exhibet
1177 1038 1223 1123 ¹)
1236 1042 1296 1099 M
1311 1042 1386 1118 ig
1400 1061 1440 1099 n
1456 1060 1486 1099 e
1507 1040 1806 1111 LXXXIX,

528 1140 872 1195 495—535
912 1132 1041 1192 coll.
1089 1131 1298 1189 Jaffe
1345 1133 1389 1201 I,
1441 1139 1807 1193 249—257.

524 1222 616 1279 Ab
648 1221 907 1279 Ecclesia
951 1221 1111 1278 inter
1156 1224 1388 1279 sanctos
1437 1220 1657 1279 colitur
1712 1228 1808 1282 13.

1865 505 2270 575 constitueret,
2319 505 2630 580 literisque
2674 506 2739 565 in
2772 507 3144 566 Germaniam

1863 594 2063 652 missis
2096 594 2168 651 ad
2202 595 2512 653 universos
2535 595 2850 669 optimates
2870 599 2931 653 et
2951 614 3143 671 popu·

1864 682 2007 752 lum,
2042 684 2117 741 ad
2149 684 2453 759 episcopos
2498 686 2558 741 et
2602 684 2976 761 presbyteros
3007 705 3144 743 eum

1863 772 2298 832 commendavit
2342 774 2601 842 hortans,
2653 777 2725 832 ut
2769 775 2824 833 ei
2871 774 3148 832 redeunti

1864 862 2343 936 obsequerentur
2374 866 2552 938 atque
2584 863 2648 921 in
2681 881 2790 922 suo
2813 881 2987 938 opere
3007 882 3144 938 apo-

1865 952 2075 1010 stolico
2108 952 2518 1028 prosequendo
2549 951 2849 1025 juvarent.
2913 952 3146 1011 Sancti-

1863 1041 2004 1114 tate,
2028 1040 2380 1099 sortitudine
2401 1044 2462 1099 et
2483 1041 2806 1116 prudentia
2824 1053 3146 1117 praestans,

1864 1130 2014 1187 obiit
2049 1138 2148 1193 28.
2181 1130 2348 1201 Nov„
2383 1149 2502 1205 qua
2543 1130 2637 1188 die
2686 1132 2816 1206 ejus
2865 1131 3148 1190 memoria

1863 1218 2147 1277 recolitur
2192 1219 2256 1277 in
2302 1220 2724 1297 martyrologio
2769 1238 3032 1290 romane,
3094 1240 3145 1277 a.

523 1311 709 1379 Febr.,
753 1310 824 1368 de
856 1328 1044 1384 eoque
1077 1309 1285 1367 scribit
1315 1309 1702 1367 Baronius
1734 1308 1809 1366 ad
1868 1317 2008 1371 741.
2070 1308 2386 1383 Epistolae,
2419 1327 2569 1383 quae
2600 1311 2923 1385 supersunt
2939 1304 3006 1389 ¹),
3059 1309 3145 1367 le·

524 1421 573 1458 a.
599 1408 712 1462 731
758 1418 816 1457 n.
856 1409 875 1459 l
905 1419 918 1456 :
954 1398 1142 1473 ,Ejus
1175 1398 1229 1456 si
1259 1398 1481 1474 scripta
1510 1399 1812 1457 exstarent
1864 1400 2094 1473 guntur
2124 1398 2188 1456 in
2220 1398 2471 1474 Migne
2503 1398 2565 1459 P.
2597 1399 2658 1461 L.
2679 1398 2964 1456 LXXXIX
2989 1407 3145 1461 557·

528 1507 743 1564 resque
774 1487 849 1546 ab
880 1506 947 1545 eo
977 1489 1178 1563 gestae
1197 1487 1547 1564 diligentius
1569 1486 1809 1562 scriptis
1870 1495 2012 1549 587.
2078 1487 2435 1562 Excerptum
2466 1505 2535 1545 ex
2568 1490 2808 1561 patrum
2841 1486 3017 1545 dictis
3050 1505 3145 1545 ca·

531 1577 841 1638 mandatae
874 1579 1087 1647 essent,
1112 1576 1396 1653 Gregorio
1417 1577 1629 1653 Magno
1650 1575 1811 1635 haud
1863 1593 2208 1651 nonumque
2270 1576 2586 1634 sententiis
2634 1577 2705 1634 de
2752 1576 3000 1635 diversis
3033 1575 3146 1633 cri-

530 1668 819 1726 minorem
851 1665 1229 1728 existimares.
1246 1674 1273 1703 ‘

624 1890 765 1944 354.
816 1881 961 1954 Ejus
1024 1880 1294 1957 vestigiis
1357 1880 1581 1938 institit
1643 1880 1810 1939 Gre-
1870 1932 1882 1944 ‚

1865 1664 2126 1724 minibus
2158 1669 2219 1723 et
2250 1665 2528 1723 remediis
2559 1683 2761 1723 eorum
2784 1664 2911 1723 aive
2923 1664 3149 1740 judicia

1867 1771 2127 1831 congrua
2155 1772 2260 1829 pro
2280 1753 2727 1829 poenitentibus
2762 1750 2846 1835 (M
2861 1754 2990 1830 ign
3005 1772 3037 1811 e
3067 1752 3148 1811 ib.

1868 1862 1924 1917 p.
1963 1838 2338 1924 587—593)
2384 1842 2497 1918 ipsi
2549 1842 2850 1901 tributum
2883 1842 3148 1901 auctoris

531 1970 760 2047 goi-iu
781 1988 807 2025 s
838 1968 943 2037 111,
1000 1987 1220 2043 ,quem
1251 1969 1366 2027 viri
1397 1970 1642 2039 romani,
1676 1988 1810 2027 cum
1857 1949 2118 2006 Jumons
2150 1950 2280 1991 ⁶³⁸⁶
2309 1932 2586 1989 wdetun·

532 2059 662 2133 ejus
695 2061 1035 2116 antecessor
1070 2051 1415 2138 (Gregorius
1449 2054 1550 2139 ΙΙ.)
1590 2059 1670 2117 de
1701 2059 1811 2117 hoc

534 2148 735 2204 seculo
758 2146 1093 2223 migrasset,
1116 2147 1259 2204 dum
1280 2150 1419 2205 ante
1440 2146 1725 2205 feretrum
1746 2147 1810 2206 iu
1871 2199 1904 2211 ..
1948 2198 1960 2209 .

1857 2216 2100 2273 ,pennus
2152 2217 2197 2262 s,
2248 2200 2297 2258 G
2312 2218 2343 2257 e
2358 2219 2388 2257 r
2403 2218 2462 2257 m
2477 2218 2565 2257 an
2578 2218 2622 2257 u
2637 2197 2775 2275 m2),
2825 2217 3003 2273 quem
3035 2199 3150 2256 Ba-

531 2236 816 2310 obsequio
851 2236 945 2293 sui
977 2236 1369 2295 antecessoris
1415 2240 1571 2294 esset
1601 2235 1809 2294 inven-

530 2328 651 2399 ωε,
716 2324 916 2382 subito
974 2343 1109 2382 eum
1174 2326 1232 2382 vi
1277 2324 1702 2394 abstrahenteS,
1747 2324 1814 2383 in

532 2413 912 2488 pontificatus
945 2412 1211 2471 ordinem
1233 2410 1604 2494 elegerunt2)
1623 2421 1669 2469 ‘.
1702 2414 1813 2472 Hic

531 2504 871 2577 postremus
904 2520 1280 2561 romanorum
1303 2502 1652 2577 pontificum
1675 2502 1808 2560 fuit.

533 2592 640 2666 qui
673 2591 1174 2650 confirmationem
1210 2592 1283 2650 ab
1316 2592 1668 2668 imperatore
1702 2593 1809 2668 by·

530 2681 771 2738 zantino
822 2680 1089 2755 expetiit.
1154 2681 1540 2739 Consecratus
1586 2684 1678 2739 est
1720 2691 1798 2744 18

530 2770 701 2828 Mart.
732 2769 977 2828 Iteratis
1010 2769 1202 2827 literis
1234 2770 1404 2828 nisus
1438 2773 1529 2827 est
1556 2773 1810 2846 impera-

531 2861 722 2919 torem
738 2879 772 2916 a
788 2877 896 2917 suo
917 2860 1190 2917 revocare
1206 2877 1420 2930 errore,
1440 2859 1540 2917 sed
1555 2859 1808 2918 frustra:

531 2948 827 3023 synodum
875 2965 1114 3023 quoque
1146 2948 1361 3006 habuit
1400 2948 1812 3024 episcoporum

532 3037 1142 3112 presbyterorumque
1179 3047 1258 3099 93
1295 3037 1450 3095 circa
1483 3057 1532 3095 a.
1570 3045 1713 3107 731,
1747 3037 1810 3093 in

532 3145 651 3200 qua
682 3125 982 3183 decretum
1014 3124 1158 3182 fuit:
1226 3126 1347 3193 ,Ut
1394 3127 1443 3183 si
1475 3126 1613 3200 quis
1646 3126 1811 3183 dein-

533 3232 673 3289 ceps
737 3231 813 3273 ss,
876 3213 1204 3290 imaginum
1268 3214 1570 3290 depositor
1633 3218 1813 3289 atque

533 3304 866 3361 destructor
910 3307 972 3360 et
1016 3303 1354 3376 profanator
1400 3304 1495 3362 vel
1538 3302 1812 3379 blasphe-

534 3411 669 3450 mus
702 3391 1020 3460 exstiterit,
1054 3391 1132 3449 sit
1165 3393 1413 3450 extorris
1435 3413 1469 3450 a
1490 3410 1731 3467 corpore
1752 3394 1815 3449 et

531 3480 820 3555 sanguiue
851 3479 907 3536 J.
940 3479 1156 3536 Christi
1190 3481 1285 3538 vel
1314 3481 1502 3539 totius
1521 3480 1814 3539 Ecclesiae

535 3568 767 3626 unitate
801 3571 979 3642 atque
1000 3585 1278 3646 compage
1294 3577 1339 3630 ‘.
1372 3570 1485 3627 Pro
1505 3571 1672 3627 tanto
1692 3569 1814 3627 zelo

532 3656 909 3731 iniquissime
940 3657 1108 3714 ultus
1142 3662 1234 3715 est
1266 3659 1583 3733 imperator
1613 3658 1812 3732 ponti-

532 3746 697 3803 ficem
762 3745 1036 3821 pluribus
1100 3747 1214 3804 sibi
1265 3747 1576 3821 usurpatis
1627 3747 1813 3822 patri-

532 3834 748 3892 moniis
801 3835 956 3892 sedis
1000 3835 1356 3910 apostolicae
1400 3836 1464 3893 in
1510 3835 1706 3894 Sicilia
1757 3839 1817 3892 et

534 3923 801 3981 Calabria
830 3927 891 3981 et
925 3924 1248 3982 subtractis
1282 3924 1543 3982 Orientis
1575 3924 1814 3999 provin-

531 4013 641 4069 ciis
674 4013 1099 4087 patriarchatui
1135 4031 1395 4082 romam,
1432 4031 1580 4087 quas
1614 4013 1815 4087 subje-

534 4102 618 4158 cit
651 4102 776 4159 sedi
809 4101 1502 4176 constantinopolitanae.
1546 4101 1600 4162 S.
1634 4102 1813 4159 Boni-

536 4191 754 4249 facium
817 4189 968 4247 dixit
1029 4190 1555 4265 archiepiscopum,
1634 4191 1814 4265 pallio

536 4279 852 4337 honoravit
913 4282 1092 4354 atque
1154 4281 1449 4353 potestate
1498 4279 1679 4346 auxit,
1746 4282 1817 4338 ut

614 4507 641 4540 ¹*
678 4502 757 4556 Cf.
787 4502 856 4554 de
884 4519 947 4555 eo
976 4505 1141 4571 plura
1170 4501 1431 4555 Hefele
1463 4501 1499 4555 l.
1541 4521 1616 4562 c.;
1674 4503 1816 4556 Bri-

533 4589 604 4626 sc
675 4590 752 4624 ar
794 4572 905 4625 KL.
934 4574 1000 4637 V,
1035 4578 1341 4634 1092—95;
1383 4575 1506 4627 Act.
1534 4575 1624 4628 SS.
1654 4574 1814 4628 Febr.

536 4644 605 4706 11,
633 4651 734 4698 692
764 4661 832 4696 se.
862 4647 967 4696 etc.

610 4717 650 4780 ²²)
680 4713 762 4766 Cf.
790 4713 909 4766 vita
938 4714 1200 4782 Gregorii
1237 4715 1332 4766 ΙΙΙ.
1375 4715 1436 4769 in
1468 4716 1815 4784 Vignolii

538 4781 635 4839 lib.
664 4783 869 4851 pontif.
901 4786 967 4848 ss,
994 4794 1079 4839 41.

1958 2119 2102 2173 355.
2136 2110 2386 2184 Utrique
2419 2109 2700 2186 Gregorio
2743 2109 2956 2167 merito
2999 2109 3150 2167 sub-

1866 2288 2071 2346 ronius
2119 2288 2192 2346 ad
2225 2308 2276 2351 a.
2313 2296 2435 2351 730
2471 2307 2530 2346 n.
2570 2298 2604 2349 6
2652 2287 2920 2363 appellat
2971 2305 3152 2362 ,pro-

1865 2378 2274 2452 pugnaculum
2334 2377 2612 2435 ecclesiae
2662 2377 2786 2445 GP„
2849 2377 3154 2435 lucernam

1868 2464 2173 2524 ardentem
2195 2469 2256 2525 et
2274 2466 2574 2525 lucentem
2606 2465 2918 2524 orientalis
2950 2464 3151 2523 Eccle-

1868 2554 2005 2625 siae,
2067 2557 2279 2632 utpote
2340 2555 2446 2630 qui
2506 2574 2628 2614 non
2685 2555 2881 2614 solum
2929 2553 3149 2613 sanctis

1866 2644 2146 2719 operibus
2178 2649 2240 2703 et
2269 2644 2409 2703 fidei
2443 2644 2764 2703 catholicae
2810 2644 3151 2703 defensione

1865 2733 2211 2792 universum
2243 2734 2573 2792 illustravit
2604 2733 2920 2802 Orientem,
2955 2731 3056 2791 sed
3089 2736 3154 2789 et

1867 2822 2105 2897 scriptis
2166 2823 2357 2897 ipsam
2406 2822 2728 2881 Ecclesiam
2802 2821 3154 2881 catholicam

1864 2911 1997 2969 luce
2028 2911 2355 2985 perfudit‘.
2406 2911 2600 2970 Natus
2632 2915 2725 2969 est
2756 2911 2866 2969 sub
2897 2910 3152 2984 imperio

1868 2999 2125 3058 Heraclii
2175 2996 2235 3080 (†
2271 2994 2425 3081 641)
2473 3005 2642 3074 patre
2674 2999 3015 3087 Justiniano
3045 3019 3152 3074 pa-

1866 3087 2062 3158 tricio,
2096 3089 2225 3147 viro
2247 3090 2567 3163 conspicuo
2587 3091 2766 3163 atque
2787 3087 3022 3158 celebri,
3044 3089 3154 3162 qui

1869 3176 2158 3252 plurimas
2207 3177 2397 3236 obivit
2446 3178 2905 3254 gubernationes
2950 3177 3152 3251 publi-

1869 3283 1983 3335 cas,
2033 3266 2135 3325 sed
2182 3285 2252 3325 ex
2295 3268 2691 3325 aemulatione
2723 3270 2786 3324 et
2814 3265 3043 3324 invidia
3076 3266 3153 3324 ab

1870 3354 2126 3412 Heraclii
2178 3359 2391 3430 nepote
2454 3356 2850 3431 interemptus
2911 3358 2973 3412 et
3021 3355 3153 3429 ipse

1947 3581 1983 3647 ¹)
2012 3577 2094 3630 cf.
2123 3578 2191 3631 de
2220 3577 2349 3631 aliia
2389 3578 2416 3630 J
2438 3579 2594 3632 affe
2635 3595 2727 3649 op.
2769 3578 2863 3632 cit.
2893 3597 2947 3647 p.
2976 3581 3154 3632 25⁵·—

1869 3655 2002 3706 262³
2031 3649 2140 3705 ΚΒ,
2175 3650 2239 3713 V,
2272 3656 2425 3708 1095.

1944 3723 1985 3790 2)
2008 3720 2195 3788 Hujus
2222 3721 2618 3789 praedecessor
2643 3721 2705 3774 in
2733 3720 2864 3774 sede
2893 3719 2998 3774 ΟΡ.
3037 3720 3157 3774 fuit

1869 3793 1901 3845 J
1920 3807 2214 3854 oannes,
2256 3791 2415 3860 prius
2456 3792 2731 3845 diaconus
2772 3794 2831 3845 et
2868 3792 3156 3845 chartula-

1870 3861 1993 3914 rius
2037 3865 2087 3933 (7
2099 3867 2378 3924 12—715'*,
2426 3880 2595 3930 quem
2643 3861 3007 3932 Philippicus
3053 3862 3156 3916 im·

1869 3937 2099 4002 perator
2124 3933 2373 3996 induxit,
2403 3939 2468 3986 ut
2493 3935 2800 3987 anathema
2828 3934 3044 4000 synodo
3073 3933 3156 3986 di·

1871 4007 2021 4057 ceret
2047 4006 2443 4058 oecumenicae
2465 4004 2559 4058 Vl.
2590 4005 2803 4058 Verum
2825 4003 3154 4075 Philippico

1871 4076 2101 4128 detruso
2128 4080 2186 4130 et
2212 4079 2508 4130 excaecato
2526 4078 2766 4144 ejusque
2781 4076 2843 4129 in
2860 4077 3050 4129 locum
3069 4075 3155 4129 in-

1870 4151 2152 4212 augurato
2198 4147 2451 4201 Artemio
2494 4165 2591 4201 seu
2620 4147 2925 4201 Anastasio
2969 4164 3157 4202 emen·

1871 4217 2005 4270 dare
2046 4218 2270 4271 curavit
2294 4219 2560 4282 JoanneS,
2589 4219 2742 4286 quod
2785 4218 2934 4272 male
2974 4235 3155 4289 gesse-

1871 4293 1961 4341 rat
1981 4291 2192 4360 scripta
2233 4290 2304 4342 ad
2334 4290 2775 4344 Constantinum
2818 4305 3027 4360 papam
3054 4296 3156 4360 epi·

1870 4365 2016 4422 stola,
2056 4362 2119 4412 in
2150 4378 2265 4429 qua
2290 4361 2506 4414 factum
2532 4365 2778 4424 excusat,
2814 4366 3156 4431 conceptum

1872 4432 1940 4482 de
1987 4432 2237 4485 facinore
2278 4432 2530 4487 dolorem
2571 4433 2752 4496 effert,
2794 4433 3022 4487 veniam
3062 4434 3160 4487 ob·

1874 4503 2003 4557 nixe
2032 4505 2289 4573 postulat
2313 4508 2486 4571 atque
2513 4505 2863 4572 apostolicae
2889 4504 3042 4557 aedis
3066 4521 3159 4558 ex·

1875 4575 2019 4643 petit
2043 4576 2502 4629 communionem
2531 4587 2598 4632 (a.
2629 4579 2763 4636 713;
2791 4587 2816 4636 †
2845 4579 2989 4640 715).
3015 4574 3159 4631 Eam

1874 4645 2059 4698 edidit
2085 4651 2123 4696 (¹
2142 4662 2172 4699 o
2191 4666 2244 4700 m
2264 4648 2297 4700 b
2315 4665 2342 4698 e
2363 4646 2418 4699 fi
2436 4664 2460 4698 s
2479 4645 2496 4698 i
2515 4665 2550 4698 u
2570 4663 2594 4698 s
2623 4648 2854 4700 Auctar.
2883 4646 3020 4703 bibl.
3049 4646 3158 4700 ΡΡ.

1873 4733 2053 4780 graec.
2088 4717 2152 4772 ΙΙ.
2182 4725 2299 4772 211.
2329 4718 2463 4770 inde
2491 4717 2740 4786 Migne
2783 4718 2840 4770 P.
2870 4717 2935 4770 G.
2965 4716 3157 4780 XCVI,

1838 4828 1846 4856 ,
1879 4796 2243 4844 1415—1434.
