3505 5161
590 187 705 240 104
716 186 750 238 3
874 172 1238 225 1073-1100.
1266 166 1600 222 Defensores
1627 186 1669 222 s.
1697 168 1961 238 Gregorii
1989 168 2108 222 VII.
2137 168 2483 234 Herrandus,
2513 169 2901 241 Manegaldus.
3015 190 3160 241 1⁰44

577 359 744 431 cepta
803 356 1220 415 reformatione
1281 361 1340 415 et
1400 357 1857 434 congregatione
1911 357 2190 417 Ludovici
2221 357 2947 436 LandgraviiThuringiae
2966 358 3161 432 reperi·

577 445 884 503 dumtaxat
898 445 1387 515 cluniacensium,
1426 465 1577 520 quae
1608 465 1855 505 numero
1911 448 2014 505 tur
2032 465 2101 505 ex
2123 450 2288 521 parte
2307 448 2370 506 in
2406 449 2496 507 Mi
2513 467 2651 523 gne
2672 446 2963 516 CXLVIII,
2989 456 3158 509 1443-

577 535 1068 593 monasteriorum
1095 535 1349 601 excellit,
1384 536 1553 595 nulla
1572 536 1856 594 hactenus
1921 544 2115 597 1448:
2153 537 2388 612 reliqua
2402 537 2560 596 haud
2594 555 2797 613 pauca,
2831 538 2902 593 ut
2929 536 3163 605 videtur,

573 623 638 681 in
700 622 908 682 ordine
955 628 1159 682 nostro
1209 623 1547 683 reformatio
1598 624 1851 691 exstitit,
1910 624 2256 684 exciderunt
2271 622 2569 707 (cf.supra
2601 647 2658 703 p.
2688 620 2963 705 1024a.).
2995 623 3160 694 Quae-

574 731 725 787 quae
755 731 1002 771 numero
1044 714 1141 771 vel
1172 713 1587 773 coenobiorum
1620 714 1714 772 vel
1746 732 1853 772 no·
1910 712 2041 771 dam
2076 732 2316 790 quoque
2363 716 2576 775 retulit
2607 716 2678 775 de
2712 717 2901 773 morte
2943 718 3169 772 cruenta

571 801 846 860 tabilium
906 820 1294 877 personarum
1352 803 1851 879 hirsaugiensium
1909 802 2237 862 Burchardi
2268 804 2733 880 praedecessoris
2765 804 2859 862 sui
2880 806 2939 861 et
2958 803 3163 862 strenui

572 890 992 949 instaurationi
1054 892 1378 967 comparari
1438 892 1684 967 possit.‘
1760 892 1851 950 Ad
1908 894 2371 969 propugnatoris
2392 912 2599 953 causae
2618 891 3007 970 Gregorianae
3025 891 3164 967 apud

571 978 942 1055 disciplinam
976 979 1424 1039 instaurandam
1465 982 1850 1039 monasticam
1909 980 2192 1040 Saxonem
2255 984 2613 1042 annalistam
2663 982 2734 1041 ad
2781 1001 2830 1040 a.
2884 988 3061 1044 1088.
3091 1010 3174 1025 -‘

571 1069 746 1143 petiit
775 1068 849 1127 ab
868 1067 1138 1127 Udalrico
1165 1068 1526 1128 cluniacensi
1565 1071 1850 1130 monacho
1907 1070 1964 1127 M
1983 1089 2120 1129 ane
2137 1072 2416 1147 galdus
2495 1066 2936 1151 (Manegoldus)
2998 1070 3170 1128 alsata

571 1157 665 1216 sui
698 1157 1038 1217 monasterii
1072 1160 1551 1218 consuetudines.
1588 1158 1695 1218 Hic
1713 1160 1850 1218 illas
1907 1177 1962 1220 n.
2008 1170 2188 1231 1060,
2211 1161 2315 1235 qui
2336 1161 2641 1238 ingressus
2662 1162 2755 1219 est
2774 1160 3037 1219 ordinem
3058 1176 3167 1217 can.

569 1246 767 1305 tribus
829 1248 1274 1320 comprehendit
1336 1249 1417 1319 ll„
1479 1248 1545 1307 in
1594 1267 1845 1323 quorum
1904 1266 2025 1324 reg.
2060 1248 2121 1306 in
2155 1252 2513 1310 monasterio
2545 1249 3007 1310 lautenbacensi.
3038 1248 3166 1306 Cum

568 1336 758 1411 primo
791 1337 919 1413 agit
949 1336 1022 1394 de
1071 1336 1403 1412 psalmodia
1433 1341 1496 1396 et
1526 1338 1846 1396 missarum
1904 1355 2041 1395 vero
2089 1339 2230 1396 haec
2278 1341 2531 1399 canonia
2573 1340 2647 1399 ab
2677 1337 2922 1397 Henrici
2953 1337 3032 1394 IV
3061 1336 3164 1395 fac-

568 1425 866 1485 solemniis
899 1426 1089 1500 deque
1132 1426 1315 1484 variis
1360 1427 1500 1485 anni
1533 1427 1840 1486 celebrita-

567 1514 732 1573 tibus
750 1538 763 1583 ;
784 1515 845 1573 in
864 1514 1122 1573 secundo
1138 1515 1210 1573 de
1232 1515 1549 1592 disciplina
1563 1516 1843 1593 regulari,

568 1602 629 1679 in
679 1605 858 1662 tertio
908 1605 980 1662 de
1029 1604 1319 1681 regimine
1370 1610 1430 1664 et
1479 1605 1844 1665 officialibus.

567 1692 675 1750 His
708 1711 827 1750 non
877 1696 1195 1753 contentus
1241 1694 1410 1753 misit
1453 1696 1526 1753 de
1558 1695 1686 1752 suis
1718 1713 1843 1753 mo-

566 1781 768 1839 nachis
801 1799 900 1840 sex
935 1782 1299 1852 cluniacum,
1347 1789 1419 1841 ut
1464 1803 1655 1842 coram
1686 1784 1842 1842 ritus

565 1875 627 1928 et
657 1889 805 1929 usus
838 1870 1111 1929 viderent
1142 1871 1630 1948 addiscerentque
1663 1877 1843 1948 atque

555 1960 729 2033 juxta
759 1959 895 2017 illas
928 1960 1390 2019 consuetudines
1436 1961 1564 2037 ipse
1596 1963 1843 2022 consilio

566 2048 718 2105 inito
767 2066 902 2107 cum
935 2048 1238 2108 sodalibus
1271 2050 1539 2109 condidit
1569 2054 1841 2109 constitu-

562 2139 741 2194 tiones
772 2154 878 2195 suo
911 2137 1191 2196 coenobio
1238 2140 1462 2199 ratione
1506 2140 1709 2198 habita
1739 2160 1842 2216 pa-

563 2226 732 2288 triae.
813 2226 922 2283 loci
986 2225 1360 2304 aliorumque
1422 2230 1840 2305 adjunctorum

564 2314 885 2388 adaptatas,
921 2333 1068 2390 quas
1112 2316 1294 2375 habes
1324 2317 1391 2376 in
1423 2317 1632 2378 Vetere
1665 2318 1842 2378 disci-

566 2403 731 2479 plina
761 2407 1086 2464 monastica
1118 2424 1224 2465 seu
1256 2407 1602 2466 collectione
1635 2413 1835 2467 aucto·

563 2512 694 2551 rum
719 2493 785 2557 Ο.
807 2493 861 2552 S.
883 2495 1025 2553 Ben.
1058 2543 1071 2556 .
1106 2539 1119 2552 .
1154 2541 1166 2553 .
1199 2497 1302 2571 qui
1338 2539 1350 2553 .
1387 2546 1399 2559 .
1431 2545 1446 2560 .
1480 2498 1553 2555 de
1586 2501 1839 2556 monast.

562 2583 882 2658 disciplina
942 2587 1290 2655 tractarunt,
1341 2586 1585 2646 Parisiis
1639 2596 1838 2655 17263

561 2673 814 2749 Migne
847 2674 907 2730 P.
940 2674 1002 2730 L.
1035 2674 1139 2746 CL,
1181 2683 1533 2738 923-1146.
1585 2675 1840 2750 Scripsit

560 2780 797 2836 quoque
830 2764 899 2819 de
931 2764 1174 2836 musica,
1216 2764 1279 2820 in
1312 2764 1582 2822 Gerberti
1615 2783 1707 2840 op.
1741 2766 1839 2825 SS.

560 2852 632 2909 de
665 2870 814 2910 mus.
848 2869 1012 2909 sacra
1058 2852 1110 2913 S.
1143 2851 1329 2910 Blasii
1371 2861 1532 2916 1784
1566 2852 1643 2923 11,
1685 2865 1838 2923 1593

558 2940 811 3017 Migne
843 2951 1404 3015 p.1147—1178;
1452 2944 1522 3000 de
1554 2945 1837 3002 Astrono·

560 3031 702 3101 mia,
736 3030 892 3104 apud
939 3031 1076 3088 Pez
1121 3030 1288 3089 Thes.
1322 3032 1520 3094 anecd.
1556 3031 1653 3100 VI,
1693 3041 1837 3095 259.

562 3119 1097 3193 Philosophicarmn
1128 3127 1177 3176 et
1198 3122 1724 3180 astronomicarum
1745 3124 1836 3180 in-

558 3209 915 3266 stitutionum
949 3209 1003 3266 lc.
1041 3211 1099 3284 3,
1147 3209 1252 3283 qui
1287 3209 1398 3268 sub
1432 3211 1563 3285 ejus
1596 3211 1836 3270 nomine

558 3296 849 3356 Basilieae
876 3305 1034 3359 1531
1078 3296 1446 3371 prodierunt,
1481 3299 1836 3359 tribuuntur

560 3386 917 3445 Guilelmo
950 3386 1022 3444 de
1053 3386 1317 3456 ConchiS,
1352 3388 1423 3446 de
1455 3408 1574 3463 quo
1605 3390 1837 3465 egimus

557 3474 645 3536 ed.
680 3475 890 3550 prioris
920 3475 1018 3546 1v‚
1055 3485 1153 3538 79.
1188 3509 1274 3519 ·—
1308 3477 1600 3555 Vulgatae
1633 3497 1834 3537 recen-

558 3563 781 3621 sionem
797 3565 1044 3634 curavit,
1063 3584 1214 3641 quae
1228 3585 1469 3625 normae
1485 3567 1675 3625 instar
1695 3586 1837 3626 suae

556 3654 1003 3729 congregationi
1037 3657 1213 3713 esset.

652 3839 793 3893 584.
840 3830 1013 3890 Hisce
1057 3831 1352 3890 addantur
1397 3833 1446 3890 D
1462 3851 1494 3891 e
1510 3852 1551 3890 u
1568 3851 1595 3891 s
1613 3833 1650 3890 d
1669 3853 1699 3892 e
1717 3833 1756 3891 d
1773 3834 1835 3892 it

556 3919 888 3990 cardinalis,
921 3920 992 3977 de
1025 3938 1143 3995 quo
1173 3920 1329 3978 infra
1369 3920 1596 3979 redibit
1625 3941 1833 3992 sermo,

1903 1426 2065 1484 tione
2082 1426 2391 1488 devastata
2405 1430 2603 1497 fuerit,
2619 1432 2858 1487 coactus
2873 1427 2967 1485 est
2981 1426 3169 1501 fugere

1903 1515 2189 1591 silvisque
2221 1534 2283 1575 se
2314 1518 2685 1579 abscondere.
2731 1518 2946 1576 Postea
2975 1516 3036 1573 in
3069 1515 3165 1573 Ba-

1901 1605 2121 1662 variam
2154 1607 2401 1666 recessit
2431 1609 2742 1683 factusque
2788 1608 2884 1663 est
2923 1604 3171 1663 decanus

1899 1695 2244 1753 monasterii
2306 1696 2674 1756 Raitenbuch
2739 1688 3170 1777 (Rottenbuch).

1902 1782 2099 1840 Rediit
2130 1783 2194 1841 in
2209 1786 2499 1845 Alsatiam
2518 1788 2698 1861 atque
2728 1786 2790 1843 in
2808 1781 3174 1842 instituendo

1901 1874 2262 1932 monasterio
2307 1875 2584 1934 Marbach
2623 1893 2806 1950 prope
2839 1871 3170 1932 Colmariam

1900 1964 2099 2036 partes
2117 1961 2343 2031 habuit,
2361 1965 2534 2040 cujus
2551 1968 2611 2023 et
2625 1963 2858 2040 primus
2879 1961 2997 2021 fuit
3015 1980 3169 2035 prae-

1899 2050 2165 2125 positus:
2188 2070 2375 2127 eoque
2394 2056 2661 2128 tempore
2681 2092 2710 2122 ,
2724 2050 3168 2111 ecclesiasticam

1898 2139 2245 2215 religionem
2271 2144 2393 2217 jam
2428 2142 2654 2202 dudum
2685 2141 2892 2200 inillis
2910 2140 3168 2215 partibus

1897 2228 2243 2287 exstinctam
2257 2230 2614 2290 mirabiliter
2622 2229 2976 2299 reaccendit,
2994 2236 3020 2265 ‘
3031 2229 3164 2286 teste

1900 2318 2301 2378 Bernoldo.
2364 2320 2455 2377 Ab
2503 2320 2739 2379 Urbano
2771 2320 2845 2379 11.
2897 2314 3163 2402 (1087-

1907 2418 1928 2468 l
1945 2402 2099 2486 099)
2117 2407 2617 2482 poenitentiarius
2634 2409 3008 2468 constitutus
3019 2408 3164 2463 tanto

1895 2495 2124 2555 fervore
2156 2515 2394 2557 causam
2424 2498 2555 2574 ejus
2586 2499 2727 2576 egit,
2762 2502 2833 2558 ut
2863 2496 3155 2556 nobiliores

1895 2590 2053 2645 certe
2087 2586 2356 2646 homines
2390 2607 2544 2664 pene
2575 2606 2780 2647 omnes
2812 2587 2894 2646 ad
2928 2584 3150 2645 strictio-

1895 2674 1978 2732 ris
2040 2674 2391 2752 disciplinae
2453 2678 2722 2753 regulam
2767 2676 3069 2735 reduceret
3101 2675 3151 2728 et

1894 2764 2137 2823 clericos
2193 2766 2469 2824 adversae
2519 2766 2794 2826 factionis
2836 2765 3000 2825 omni
3041 2778 3156 2822 auc·

1894 2853 2140 2911 toritate
2182 2855 2465 2929 privaret.
2537 2854 2682 2914 Inde
2736 2855 2955 2914 invisit
2998 2851 3153 2909 Urba-

1893 2961 2041 3001 num
2066 2942 2125 2999 11
2158 2943 2401 3002 Turonii
2433 2943 2765 3021 degentem.
2799 2946 2977 3002 Anno
3015 2947 3155 3003 1098

1895 3031 1968 3089 ab
2019 3032 2275 3091 Henrico
2326 3032 2403 3091 IV
2466 3033 2529 3091 iu
2591 3050 2886 3092 carcerem
2965 3032 3157 3088 durum

1893 3122 2196 3196 conjectus
2289 3123 2397 3180 est.
2524 3120 2769 3191 Quando
2852 3120 2990 3180 inde
3049 3118 3155 3176 sue·

1895 3210 1977 3267 rit
2009 3210 2296 3269 liberatus
2346 3216 2409 3269 et
2440 3211 2678 3287 quando
2719 3213 3012 3277 mortuuS,
3057 3224 3158 3265 non

1893 3298 2102 3373 liquet.
2139 3299 2278 3358 Post
2309 3319 2361 3362 a.
2401 3310 2566 3364 1103
2601 3319 2721 3360 non
2741 3300 3004 3376 amplius
3020 3315 3160 3357 com·

1893 3391 2077 3461 paret.
2170 3388 2407 3447 Prodiit
2469 3391 2599 3466 ejus
2659 3389 2920 3466 epistola
2979 3393 3165 3446 contra

1909 3477 2310 3550 Wolfhelmum
2327 3480 2701 3538 coloniensem
2716 3479 2778 3536 in
2792 3480 2849 3536 Μ
2863 3497 2905 3536 u
2916 3480 3068 3536 rato
3080 3473 3162 3533 rii

1893 3566 2108 3627 Anecd.
2141 3565 2239 3637 IV,
2284 3577 2646 3638 lea—20&
2700 3568 2951 3644 Migne
3003 3566 3060 3623 P.
3107 3563 3161 3620 L.

1892 3654 2049 3725 CLV,
2094 3665 2473 3726 149—176;
2509 3658 2574 3715 in
2605 3657 2731 3716 ΜΘ.
2764 3657 2869 3718 lib.
2903 3658 2975 3714 de
3007 3655 3092 3712 lit.
3122 3652 3160 3720 1,

1894 3751 2243 3806 303—308
2326 3745 2685 3804 exhibentur
2749 3744 3040 3821 praefatio
3109 3745 3163 3797 et

1891 3833 2177 3906 quaedam
2213 3838 2508 3909 excerpta.
2541 3835 2610 3892 In
2643 3853 2712 3892 ea
2743 3834 2967 3893 refellit
2988 3829 3156 3890 Wolf-

1891 3921 2071 3980 helmi
2105 3922 2463 3981 sententiam
2507 3923 3001 4000 philosophorum
3029 3937 3159 3997 gen-

558 4008 928 4066 Placidus
992 4009 1056 4069 O.
1091 4012 1146 4069 S.
1179 4010 1322 4068 Ben.
1386 4010 1651 4069 coenobii
1685 4030 1834 4070 non·
1890 4011 2087 4068 tilium
2119 4010 2429 4086 opiniones
2482 4031 2610 4070 cum
2660 4012 2987 4072 christiana
3033 4026 3153 4067 con·

555 4096 1108 4173 antulaniprior,de
1125 4099 1490 4175 quoegimus
1524 4098 1832 4163 Nomencl.
1889 4100 2078 4158 ciliari
2128 4118 2301 4174 posse
2348 4100 2647 4159 doctrina:
2710 4120 2830 4176 qua
2869 4099 3156 4159 occasione

554 4186 751 4257 1V‚‡54
773 4186 863 4244 ed.
882 4187 1114 4261 prioris;
1142 4187 1478 4264 Stephanus
1509 4188 1747 4246 Herra
1765 4208 1834 4246 n·
1889 4189 2042 4247 forte
2090 4190 2226 4264 plus
2277 4208 2465 4265 aequo
2518 4190 2862 4265 disciplinas
2913 4188 3153 4265 philoso-

554 4275 694 4334 dus
729 4294 798 4333 ex
830 4275 1044 4334 abbate
1075 4275 1523 4353 isenburgensis
1567 4278 1834 4336 coenobii
1891 4278 2087 4354 phicas
2119 4278 2430 4354 depretiat.
2462 4279 2533 4337 In
2566 4297 2647 4343 cc.
2685 4288 2785 4342 23.
2820 4287 2900 4340 24
2936 4291 3154 4335 causam

556 4365 619 4422 Ο.
669 4364 723 4422 S.
771 4366 913 4424 Ben.
965 4365 1276 4441 episcopus
1330 4366 1832 4426 halberstadensis
1891 4367 2161 4442 Gregorii
2193 4367 2339 4440 VII.,
2375 4387 2480 4444 pro
2513 4387 2632 4443 qua
2661 4368 2896 4427 sortiter
2942 4378 3154 4437 semper

556 4449 789 4534 (10893
824 4453 859 4519 †
894 4463 992 4516 23.
1017 4454 1139 4516 Oct.
1172 4450 1384 4536 1102),
1428 4459 1601 4528 cuius
1632 4475 1715 4531 ep.
1738 4458 1833 4514 de·
1890 4457 2061 4514 stetit
2092 4456 2342 4531 ideoque
2365 4458 2558 4516 multa
2575 4475 2788 4533 passus
2820 4459 2930 4525 est,
2965 4455 3151 4512 contra

553 4545 811 4615 sensoria
859 4562 1045 4617 papae
1097 4544 1364 4620 Gregorii
1395 4544 1504 4602 VII
1554 4544 1626 4603 ad
1681 4545 1833 4602 Wal-
1891 4545 2313 4603 Wolfhelmum
2365 4565 2557 4604 acrem
2618 4545 2913 4621 pontificis
2957 4542 3146 4601 adver·

554 4650 845 4700 ramnum,
879 4631 984 4705 qui
1017 4632 1358 4691 defenderat
1387 4634 1713 4692 Henricum
1734 4634 1831 4692 IV.
1889 4634 2110 4692 sarium
2174 4639 2398 4695 tuetur.
2447 4670 2531 4679 —-
2579 4635 2858 4711 Ejusdem
2909 4636 2998 4691 est
3041 4625 3145 4688 acri

555 4719 838 4777 rebellem
898 4719 1196 4779 Ecclesiae
1244 4740 1536 4793 romanae,
1595 4723 1833 4781 nomine
1889 4723 2030 4782 stilo
2107 4724 2482 4800 conscriptus
2559 4724 2710 4783 liber
2765 4721 2835 4782 ad
2908 4720 3142 4780 Gebhar-

3369 2082 3373 2327 ί
