3505 5161
1672 1519 2049 1618 XVIII.

958 1700 1512 1837 Scriptores
1579 1699 2228 1810 ecclesiastici
2282 1699 2596 1810 seculi
2647 1700 2809 1810 XI.

1223 1896 1441 1993 Pars
1507 1898 1766 2016 prior
1808 1898 2522 2014 (1001—1050).

659 2303 800 2356 522.
854 2292 1130 2352 Nondum
1184 2294 1581 2352 refloruerunt
1644 2293 1844 2352 studia
1869 2290 1871 2373 ζ
1899 2293 2325 2351 monasterium
2359 2293 2433 2351 ob
2466 2293 2703 2351 tristem
2731 2293 2862 2368 ejus
2894 2292 3188 2351 conditio-

563 2382 923 2459 theologica:
958 2382 1074 2440 rari
1105 2382 1320 2441 iterum
1340 2385 1482 2441 sunt
1502 2381 1840 2457 scriptume,
1898 2400 2032 2440 nem
2065 2382 2468 2456 temporalem,
2513 2381 2809 2440 nobilium
2840 2381 3189 2441 vexationes

564 2490 715 2546 quos
763 2471 1067 2548 theologos
1115 2490 1251 2530 vere
1301 2471 1494 2528 dicere
1545 2471 1841 2545 possimus
1869 2456 1872 2535 i
1901 2488 2252 2546 sparsasque
2298 2470 2359 2528 in
2404 2489 2541 2528 eum
2583 2470 2909 2529 calumnias
2940 2471 3193 2547 reliquit

564 2561 787 2637 quique
820 2560 891 2620 de
922 2560 1289 2638 argumentis
1320 2559 1667 2637 dogmaticis
1702 2559 1841 2618 scri-
1899 2562 2131 2619 retento
2178 2559 2407 2618 abbatis
2454 2559 2710 2619 nomine.
2790 2560 3190 2636 Aliquamdiu

563 2650 809 2726 pserint,
843 2669 1036 2725 neque
1056 2650 1356 2726 graviores
1388 2648 1460 2708 de
1492 2650 1671 2708 rebus
1704 2649 1839 2708 fidei
1871 2709 1874 2734 s
1902 2650 2068 2726 degit
2099 2650 2163 2706 in
2195 2650 2331 2707 aula
2362 2667 2645 2720 caesarea,
2677 2648 2785 2708 ubi
2808 2650 3090 2708 Ottonem
3112 2650 3192 2711 11.

564 2743 907 2816 comparent
925 2739 1386 2798 controversiae:
1420 2757 1671 2815 magnus
1704 2757 1842 2798 vero
1900 2738 1964 2796 in
1997 2738 2172 2797 variis
2204 2738 2475 2796 instituit
2506 2738 2875 2813 disciplinis;
2909 2738 3050 2797 inde
3073 2739 3190 2797 Re-

567 2832 657 2887 est
679 2847 964 2887 numerus
984 2846 1205 2898 eorum,
1239 2827 1345 2903 qui
1376 2828 1441 2885 in
1471 2828 1841 2904 argumentis
1871 2845 2024 2900 ¹mos
2080 2827 2336 2897 transiit,
2401 2827 2771 2902 intimusque
2834 2828 3026 2887 factus
3094 2832 3191 2886 est

566 2916 864 2975 historicis
876 2917 1243 2978 sintversati.
1267 2917 1555 2987 Intereos,
1577 2917 1839 2992 quipon-
1872 2913 2285 2974 ‘Adalberonis
2316 2916 2745 2992 archiepiscopi
2777 2916 3094 2975 familiaris
3130 2923 3192 2975 et

565 3006 823 3065 tificatus
856 3006 1081 3082 apicem
1110 3006 1580 3064 conscenderunt
1609 3024 1838 3080 magno,
1871 3025 1930 3062 *a
1962 3005 2222 3063 secretis.
2289 3005 2527 3063 Scholas
2561 3004 2784 3063 ibidem
2817 3006 2984 3074 rexit,
3031 3025 3189 3081 quas

566 3112 674 3153 suo
724 3096 932 3153 saltem
983 3100 1268 3169 tempore,
1319 3094 1577 3152 nominis
1627 3094 1837 3152 famam
1869 3085 2302 3152 lfloridissimas
2321 3094 2597 3164 reddidit,
2631 3098 2702 3152 ut
2735 3094 3002 3168 undique
3035 3094 3187 3153 illu·

563 3188 657 3242 est
705 3187 1052 3243 consecutus
1111 3183 1571 3254 Gerbertus,
1635 3187 1842 3259 postea
1895 3187 2045 3241 stres
2091 3186 2271 3258 atque
2318 3183 2548 3241 nobiles
2594 3183 2958 3241 accurrerint
3003 3183 3188 3243 disci-

565 3272 728 3331 Silv
747 3277 942 3331 ester
973 3273 1029 3330 11
1060 3272 1274 3342 dictus,
1324 3290 1442 3330 non
1469 3275 1591 3329 tam
1631 3273 1837 3348 gestis,
1895 3272 2042 3345 puli,
2066 3271 2432 3346 divitemque
2458 3271 2724 3330 condidit
2742 3270 3190 3331 bibliothecam.

563 3362 659 3420 vix
705 3362 863 3420 enim
894 3379 1001 3436 per
1031 3360 1488 3436 quadriennium
1521 3361 1718 3419 sedem
1750 3364 1839 3419 te·
1897 3360 2166 3436 Magnam
2200 3360 2283 3417 ita
2312 3361 2467 3436 apud
2502 3360 2826 3436 episcop08‚
2879 3361 3189 3438 principes

562 3450 698 3509 nuit
717 3450 1115 3526 apostolicam,
1141 3468 1319 3525 quam
1338 3449 1688 3519 eruditione,
1722 3468 1840 3523 qua
1896 3452 1957 3506 et
1988 3449 2403 3524 imperatorem
2425 3449 2538 3507 sibi
2562 3449 2900 3508 conciliavit
2918 3451 3190 3509 auctori-

562 3542 698 3597 ante
758 3541 1033 3614 suscepta
1080 3538 1375 3597 Ecclesiae
1437 3539 1840 3614 gubernacula
1894 3539 2094 3599 tatem.
2127 3537 2421 3596 Adalbero
2441 3540 2697 3597 moriens
2717 3557 2850 3597 eum
2875 3538 2991 3597 sibi
3011 3545 3187 3615 opta-

558 3627 857 3690 inclaruit.
906 3627 1226 3686 Gerbertus
1256 3624 1536 3707 (Girbert‚
1572 3623 1837 3708 Gerlent)
1868 3597 1872 3682 Ι
1898 3627 1985 3684 vit
2019 3644 2432 3696 successorem,
2482 3627 2585 3685 sed
2633 3646 2701 3686 eo
2734 3627 3014 3686 defuncto
3047 3625 3116 3706 (2
3130 3639 3186 3691 3.

560 3717 751 3792 patria
798 3717 1112 3785 Alvernus‚
1176 3716 1427 3775 obscuro
1482 3717 1608 3775 loco
1661 3720 1838 3775 natus
1868 3695 2027 3774 'Jan.
2065 3712 2213 3795 088)
2261 3716 2484 3774 electus
2531 3719 2621 3774 est
2665 3719 2879 3792 agente
2925 3717 3187 3793 Hugone

561 3824 607 3864 c.
639 3826 689 3867 a.
723 3815 868 3876 935,
903 3825 936 3863 a
966 3804 1156 3880 prima
1180 3805 1502 3880 juventute
1533 3806 1837 3881 professus
1896 3804 2075 3879 Capet
2097 3823 2233 3881 rege
2266 3805 2327 3862 in
2359 3805 2863 3881 archiepiscopum
2883 3805 3185 3864 Arnulfus

559 3895 651 3953 est
690 3895 874 3953 vitam
905 3893 1289 3952 monasticam
1322 3893 1383 3952 in
1420 3893 1698 3952 coenobio
1732 3914 1836 3952 au·
1866 3893 2056 3978 ifilius
2090 3893 2353 3951 Lotharii
2383 3894 2541 3969 regis
2568 3893 2812 3954 Galliae.
2861 3894 3006 3952 Cum
3037 3914 3186 3952 vero

556 3983 879 4042 rilliacensi
925 3983 991 4044 Ο.
1037 3985 1091 4042 S.
1139 3984 1280 4041 Ben.
1366 3982 1459 4039 Ab
1510 3982 1723 4040 abbate
1775 3983 1836 4041 in
1867 3981 1988 4064 lhic
2021 3984 2157 4057 post
2187 3982 2513 4041 triennium
2558 3983 2634 4041 ob
2676 3982 3033 4057 proditionis
3067 3984 3186 4041 cri-

557 4072 901 4149 Hispaniam
933 4072 1149 4129 missus
1170 4067 1575 4153 (967-970)
1610 4071 1833 4129 mathe-
1865 4077 2044 4140 gmen,
2080 4070 2151 4128 de
2185 4089 2303 4146 quo
2335 4071 2745 4141 accusabatur,
2779 4092 2813 4129 a
2845 4072 3072 4148 synodo
3108 4073 3185 4130 ad

558 4161 642 4220 sis
677 4162 1049 4235 aliarumque
1095 4159 1544 4234 disciplinarum
1590 4163 1834 4218 natura·
1865 4177 1936 4238 ,3.
1967 4160 2245 4218 Basolum
2278 4160 2493 4218 fuisset
2525 4161 2832 4238 depositus
2848 4158 2918 4239 1),
2950 4161 3014 4219 in
3046 4162 3181 4235 ejus

554 4250 705 4307 lium
737 4268 799 4308 se
832 4248 1059 4308 addixit
1091 4249 1307 4320 studi0,
1354 4249 1416 4306 in
1463 4249 1656 4324 iisque
1690 4249 1834 4307 adeo
1863 4285 1868 4338 Ι

555 4338 820 4415 profecit,
872 4341 943 4396 ut
974 4338 1132 4413 apud
1165 4338 1345 4396 rudes
1380 4338 1602 4414 magiae
1637 4338 1833 4397 incur·
1863 4345 1868 4392 ι’

553 4427 700 4486 rerit
729 4427 1129 4502 suspicionem
1174 4429 1236 4485 et
1280 4426 1565 4485 ridiculae
1610 4427 1832 4485 calum·
1863 4397 1867 4494 Ι
1973 4439 2006 4506 ¹)
2035 4435 2100 4487 In
2128 4436 2234 4489 hac
2261 4435 2477 4504 synodo
2498 4450 2736 4505 magnas
2759 4433 2968 4490 habuit
2987 4441 3182 4505 partes

552 4516 686 4575 niae
719 4535 827 4576 seu
858 4517 1059 4592 potius
1080 4516 1313 4574 fabulae
1344 4516 1409 4574 in
1440 4534 1574 4573 eum
1608 4515 1835 4574 fuerint
1890 4507 2170 4560 Amulfuss
2190 4509 2237 4559 [l
2263 4508 2564 4588 episcopus
2589 4504 3003 4561 aurefiflnenssis
3029 4509 3180 4586 (939²

552 4605 893 4681 divulgatae
925 4605 1084 4681 apud
1105 4607 1389 4680 posteros.
1437 4604 1528 4662 Ab
1551 4604 1768 4663 Ottone
1789 4605 1833 4664 Ι.
1890 4582 2194 4703 ἒὶῃῖὲὲᾓῗ)’
2264 4581 2513 4704 ugufftffi
2548 4576 3181 4703 ἓξὲἳὲῖἰὲὲῗξὲξέζ

553 4693 711 4768 imp„
759 4693 853 4751 cui
903 4693 967 4751 in
1012 4694 1226 4752 itinere
1270 4711 1511 4751 romano
1544 4693 1830 4763 innotuit,
2131 4689 2143 4702 '

598 4779 610 4791 ,
657 4782 663 4790 ,
1199 4781 1211 4792 ,
1330 4782 1340 4792 ,
1889 4721 2161 4776 adversus
2205 4720 2393 4774 sedem
2445 4719 2838 4791 apostolicam.
2892 4718 2977 4774 cf.
3027 4717 3180 4772 Hist.

554 4779 747 4837 dictus
765 4783 858 4838 est
875 4781 1057 4839 abbas
1077 4780 1407 4839 bobiensis:
1442 4781 1602 4857 quod
1634 4786 1831 4840 tamen
1890 4790 1974 4848 lit,
2002 4792 2100 4856 Vl,
2128 4799 2426 4854 521—528,
2473 4795 2530 4845 et
2554 4790 2623 4843 de
2651 4806 2716 4844 ea
2743 4790 2979 4858 synodo,
3006 4805 3072 4844 cu
3071 4791 3179 4858 jus
