3505 5161
394 209 419 259 1
437 207 514 260 73
1173 191 1476 247 Marcellus
1500 208 1713 261 ancyr„
1740 192 2022 261 Didymus
2046 190 2193 245 alex.
2877 210 2903 261 1
2921 208 3000 263 74

373 377 612 451 Joetione
656 376 897 436 Domini
944 376 1182 454 Christi,
1242 381 1414 455 cujus
1460 379 1669 455 scripti
1720 383 1948 458 negant
2036 379 2498 449 Tillemont,
2591 378 3004 450 Petavius,

387 467 624 524 tantum
656 467 894 524 exstant
935 465 1267 545 fragmenta
1313 468 1377 527 in
1421 487 1513 545 op.
1545 467 1666 528 Eu·
1712 468 2218 529 Schelstrate
2238 470 2366 538 etc„
2394 484 2523 525 eam
2541 469 2793 526 tuentur
2813 468 3003 528 Meh-

388 553 535 614 sebii
555 554 841 614 adversus
859 555 1056 631 ipsum
1087 559 1150 616 et
1179 556 1252 616 de
1271 557 1669 618 ecclesiastica
1719 561 1868 631 ler,
1905 559 2040 621 Nat.
2073 556 2490 627 Alexander,
2544 557 3004 616 Montfaucon

387 642 698 721 theologia.
763 643 988 704 Verum
1031 645 1096 704 in
1140 646 1216 704 iis
1248 647 1665 724 oppugnandis
1721 646 1991 707 Diatriba
2049 647 2115 706 in
2173 645 2321 709 bibl.
2370 664 2524 706 nova
2571 646 2682 704 ΡΡ.
2731 648 2795 704 et
2841 644 3002 722 apud

387 733 623 792 videtur
652 732 977 793 excessisse
1019 737 1082 793 et
1125 735 1408 795 incidisse
1450 736 1513 795 in
1560 735 1662 795 Sa·
1720 737 1818 796 Mi
1832 755 1976 814 gne
2007 735 2218 806 XVIII,
2272 744 2434 798 1277
2459 768 2516 778 -
2540 743 2725 805 1299,
2775 734 2839 792 in
2883 753 3004 811 qua

386 822 855 881 bellianismum:
932 824 1144 882 saltem
1206 826 1388 901 hujus
1448 824 1664 884 erroris
1718 827 2001 903 provocat
2030 824 2106 883 ad
2134 826 2465 902 leqationem
2494 823 2740 902 Enyeuii
2769 824 3003 883 diaconi

388 911 504 971 fuit
546 912 621 970 ab
665 911 788 971 illis
834 916 1149 972 accusatus
1198 916 1261 972 et
1307 913 1373 973 in
1416 913 1665 974 concilio
1709 934 1829 991 pro
1892 933 2072 975 causa
2132 914 2396 973 Marcelli
2454 915 2516 973 et
2575 913 3000 972 confessionem

387 1000 1032 1077 constantinopolitano
1087 1023 1122 1062 a
1174 1012 1298 1066 336
1350 1003 1665 1063 damnatus
1718 1004 1857 1064 fidei
1888 1004 2168 1064 ecclesiae
2204 1020 2547 1080 ancyranae,
2582 1020 2761 1077 quam
2789 1003 3004 1061 Atha·

389 1089 645 1167 sedeque
676 1089 962 1165 dejectus.
1010 1091 1081 1149 In
1112 1093 1243 1168 ejus
1275 1092 1473 1152 locum
1503 1092 1664 1151 ordi·
1717 1094 1994 1153 nasius
2039 1111 2174 1153 cum
2221 1093 2355 1152 aliis
2388 1092 2685 1168 episcopis
2718 1091 3005 1169 suffragio

386 1181 562 1239 natus
611 1182 706 1238 est
752 1179 1045 1239 Basilius:
1107 1180 1366 1240 Eusebio
1416 1182 1666 1258 insuper
1720 1200 1831 1242 suo
1863 1186 1926 1241 et
1957 1182 2391 1258 subscriptione
2411 1180 2872 1256 comprobarunt
2891 1182 3002 1239 etc.

388 1268 736 1328 caesariensi
787 1286 1010 1328 munus
1058 1268 1285 1341 datum,
1342 1273 1413 1329 ut
1460 1275 1665 1330 contra
1719 1271 1873 1331 Aliis
1906 1270 2145 1330 videtur
2187 1290 2309 1331 non
2350 1275 2474 1329 tam
2519 1270 2675 1328 circa
2703 1269 2880 1328 fidem
2910 1287 3002 1329 er-

386 1376 519 1417 eum
553 1358 856 1422 scriberet.
899 1359 1121 1427 »Porro
1153 1360 1256 1418 ille
1276 1354 1665 1441 (Marcellus),
1718 1378 1896 1432 rasse,
1945 1379 2124 1435 quam
2161 1360 2336 1420 modo
2367 1356 2654 1434 loquendi
2688 1376 2872 1434 seque
2904 1376 3002 1417 ex·

386 1446 564 1506 refert
598 1446 1121 1523 Hieronymus
1153 1458 1305 1512 0.Βὸ
1341 1449 1412 1508 de
1432 1450 1541 1509 vir.
1560 1449 1663 1519 ill,
1718 1445 2060 1531 plicandi1).

387 1535 652 1596 defendit
683 1531 774 1616 (in
805 1536 1055 1611 epistola
1083 1538 1152 1595 de
1181 1539 1293 1612 fide
1322 1557 1373 1597 a.
1411 1547 1531 1602 337
1570 1539 1664 1597 vel

390 1633 533 1694 338,
585 1624 747 1701 apud
794 1624 1319 1701 Epiphanium
1368 1628 1528 1693 haer,
1581 1636 1660 1691 72

1814 1638 1913 1690 91.
1945 1628 2016 1686 Iu
2039 1627 2314 1705 Aegypto
2344 1626 2628 1686 inclaruit
2657 1625 3003 1702 Didymus

385 1732 442 1777 n.
478 1714 539 1789 2)
585 1732 648 1772 se
676 1731 802 1773 non
831 1732 961 1773 esse
992 1714 1305 1792 dogmatis,
1350 1717 1524 1792 cujus
1568 1734 1663 1776 ac·
1719 1716 2153 1787 alexandrinus,
2223 1734 2270 1775 c.
2334 1735 2382 1773 a.
2449 1725 2574 1780 310
2638 1717 2833 1787 natus,
2896 1716 3004 1791 qui

386 1805 642 1873 cusatur,
666 1802 769 1862 sed
788 1805 1203 1864 communione
1222 1805 1262 1863 J
1265 1805 1377 1864 ulii
1396 1809 1457 1864 et
1477 1806 1662 1864 Atha-

386 1891 554 1961 nasii,
612 1909 888 1951 romanae
932 1895 995 1951 et
1038 1894 1452 1953 alexandrinae
1496 1894 1664 1953 urbis

387 1981 752 2057 pontificum,
784 1998 846 2039 se
878 1999 1008 2041 esse
1026 1982 1389 2046 munitum.‘
1424 1983 1496 2043 In
1524 2001 1663 2042 con-

387 2069 518 2130 cilio
551 2088 791 2145 quoque
825 2070 1150 2130 sardicensi
1195 2071 1528 2133 declaratus
1574 2076 1669 2133 est

388 2158 747 2218 orthodoxus
791 2161 855 2217 et
898 2179 948 2220 a.
984 2169 1107 2224 345
1160 2160 1289 2220 sedi
1326 2161 1667 2225 restitutus.

388 2248 634 2307 Interim
663 2247 875 2307 Ariani
905 2249 971 2308 in
1014 2248 1196 2308 variis
1227 2250 1500 2310 conciliis
1529 2269 1668 2310 eum

386 2338 603 2397 iterum
648 2336 1010 2396 damnarunt
1051 2341 1115 2396 et
1158 2358 1209 2401 a.
1259 2349 1383 2401 349
1430 2342 1666 2400 coactus

386 2428 478 2486 est
522 2425 723 2485 sedem
769 2444 940 2485 suam
973 2426 1331 2503 relinquere.
1395 2428 1669 2488 Ceterum

386 2515 563 2574 etiam
595 2514 983 2587 Basilius,
1017 2516 1412 2590 Hilarius,
1446 2518 1668 2596 Chry-

389 2607 811 2676 sostomus,
857 2604 1350 2682 Epiphanius
1382 2626 1518 2667 eum
1550 2626 1670 2666 noa

390 2695 729 2753 habuerunt
746 2712 854 2769 pro
873 2695 1214 2766 orthodoxo,
1245 2714 1454 2756 verum
1473 2698 1671 2756 tamen

386 2801 505 2842 non
565 2801 695 2842 esse
741 2782 999 2855 videtur,
1051 2802 1098 2846 s.
1149 2785 1668 2846 Athanasium

386 2872 857 2932 communionem
912 2890 1049 2932 cum
1112 2892 1181 2932 eo
1226 2893 1434 2934 revera
1492 2873 1668 2934 abru-

387 2961 558 3036 pisse.
606 2961 781 3021 Forte
814 2961 886 3020 de
917 2979 986 3021 eo
1018 2961 1286 3022 obtinuit
1305 2963 1465 3037 quod
1498 2964 1535 3022 S
1554 2983 1596 3022 u
1612 2965 1667 3022 l-

386 3049 645 3126 picius
686 3050 936 3110 Severus
980 3050 1055 3110 de
1098 3070 1167 3110 eo
1214 3051 1366 3111 dixit
1396 3052 1668 3113 chronici

385 3140 458 3211 ΙΙ,
507 3150 609 3202 37:
678 3141 916 3207 ,Antea
959 3139 1261 3213 innocens,
1322 3144 1524 3216 postea
1567 3142 1667 3203 de-

388 3232 731 3304 pravatus.‘
794 3227 961 3287 Obiit
988 3247 1039 3296 a,
1076 3238 1220 3291 374.
1287 3229 1416 3289 Viri
1447 3232 1664 3291 eruditi

387 3317 884 3393 subsequentium
905 3318 1241 3377 seculorum
1260 3319 1418 3378 inter
1448 3338 1511 3379 se
1544 3320 1666 3379 dis-

387 3407 658 3465 sentiunt
704 3406 781 3464 de
835 3407 963 3482 ejus
1012 3405 1436 3487 orthodoxial).
1500 3410 1667 3469 Hanc

384 3609 732 3737 professione
744 3612 1016 3682 magister
1026 3613 1340 3668 rhetoricae
1350 3613 1665 3684 (sophista).

428 3683 581 3736 idem
598 3682 971 3738 christianam
988 3688 1075 3738 est
1086 3687 1398 3755 amplexus,
1414 3685 1510 3738 sed
1532 3687 1666 3739 tem·

386 3754 1391 3895 ffississeffiufflffnluanffiiffl
1399 3756 1665 3896 ¹325ss

385 3899 495 3950 tem
524 3896 967 3951 ecclesiasticam
997 3897 1112 3951 fuit
1137 3900 1450 3968 promotus.
1506 3899 1667 3952 Vixit

384 3968 582 4024 saltem
609 3969 684 4022 ad
710 3985 761 4020 a.
789 3975 909 4026 341.

462 4042 498 4110 ¹)
525 4037 611 4092 Cf.
637 4040 707 4094 de
735 4040 843 4092 hac
869 4039 1253 4095 controversia
1280 4040 1328 4092 R
1345 4057 1375 4094 e
1392 4043 1416 4094 t
1431 4043 1455 4092 t
1472 4042 1507 4094 b
1522 4057 1551 4093 e
1567 4058 1596 4093 r
1610 4061 1664 4110 g,

384 4109 769 4176 maeniana,
814 4110 915 4165 ubi
959 4111 1135 4165 habes
1174 4111 1497 4180 fragmenta
1537 4129 1664 4181 ope-

384 4199 510 4235 rum
538 4181 694 4235 Gott'
783 4198 848 4235 ae
882 4185 1046 4242 1794;
1075 4182 1209 4237 Klo
1227 4199 1297 4234 se
1326 4182 1665 4236 Geschichte

383 4253 501 4307 und
519 4252 702 4308 Lehre
769 4269 827 4306 es
847 4252 1017 4309 Marc.
1047 4253 1164 4308 und
1182 4253 1480 4317 Photinus,
1498 4254 1664 4306 Ham-

383 4323 460 4378 bu
562 4327 730 4385 1837;
771 4323 1215 4395 Wilenborg
1240 4324 1424 4379 Ueber
1451 4325 1543 4378 die
1572 4326 1666 4378 Or·

384 4396 482 4450 tho
526 4395 655 4449 oxie
680 4396 779 4450 des
807 4396 880 4450 M.
902 4413 953 4450 v.
976 4398 1061 4460 A„
1090 4397 1353 4469 Munsterv
1370 4403 1535 4457 1859:
1563 4395 1665 4450 Th.

382 4466 420 4520 Z
434 4483 469 4521 a
483 4469 523 4522 h
539 4487 580 4521 n
597 4467 741 4528 Mar.
758 4470 825 4521 A.
844 4468 952 4523 Ein
968 4467 1095 4521 Beit
1215 4484 1315 4521 zur
1328 4467 1666 4522 Geschichte

382 4538 481 4593 der
508 4538 721 4604 Theol.,
751 4538 941 4594 Gotha
970 4543 1123 4596 1867.
1220 4555 1249 4591 e
1278 4538 1532 4594 Marcelli
1558 4557 1666 4610 op„

383 4626 629 4678 quorum
656 4613 882 4666 exstant
925 4613 1153 4664 tantum
1197 4610 1475 4679 quaedam
1520 4611 1667 4680 frag·

1720 1808 1976 1882 ,captus
2008 1824 2043 1863 a
2086 1824 2267 1881 parva
2296 1807 2490 1865 aetate
2521 1803 2709 1863 oculis
2740 1807 2803 1863 et
2832 1804 2908 1863 ob
2941 1804 3007 1867 id

1720 1895 2148 1954 elementorum
2180 1912 2418 1970 quoque
2448 1893 2713 1970 ignarus,
2765 1895 3003 1952 tantum

1722 1983 2079 2042 miraculum
2124 1982 2222 2042 sui
2268 1983 2547 2042 omnibus
2593 1982 2887 2058 praebuit,
2931 1985 3008 2042 ut

1722 2071 2090 2132 dialecticam
2106 2091 2344 2149 quoque
2359 2074 2420 2130 et
2434 2071 2833 2149 geometriam,
2852 2090 3004 2147 quae

1722 2161 1819 2221 vel
1838 2161 2091 2220 maxime
2113 2161 2248 2220 visu
2267 2161 2514 2238 indiget,
2549 2179 2742 2235 usque
2773 2160 2848 2219 ad
2867 2178 3004 2237 per⁴

1723 2250 1942 2309 fectum
1974 2249 2251 2310 didicerit
2282 2250 2352 2328 (s.
2373 2250 2898 2326 Hieronymus
2931 2248 3007 2308 de

1722 2339 1833 2398 vir.
1866 2338 1950 2398 ill.
1982 2358 2030 2397 c.
2062 2336 2271 2418 109).‘
2309 2339 2651 2409 ²„Miscebat
2670 2338 2839 2398 addit
2867 2338 3003 2396 Ru-

1724 2428 1940 2487 finus
1972 2428 2045 2485 H.
2077 2428 2144 2487 Ε.
2174 2427 2251 2501 11,
2291 2438 2347 2499 7,
2399 2428 2675 2505 precibus
2707 2427 2909 2487 studia
2939 2445 3006 2485 ac

1724 2517 1988 2576 laborem
2026 2519 2088 2576 et
2110 2518 2293 2596 juges
2324 2518 2820 2594 continuatasque
2849 2516 3004 2594 vigi-

1724 2606 1839 2666 lias
1870 2625 1992 2665 non
2022 2607 2097 2666 ad
2127 2607 2464 2685 legendum,
2517 2607 2620 2665 sed
2653 2608 2724 2665 ad
2756 2605 3005 2666 audien-

1724 2695 1870 2754 dum
1888 2695 2225 2768 adhibebat,
2258 2698 2330 2756 ut
2351 2696 2509 2772 quod
2531 2694 2662 2754 aliis
2680 2696 2862 2766 visus,
2895 2695 3006 2754 hoc

1723 2784 1812 2842 illi
1857 2784 2157 2844 conferret
2192 2785 2452 2847 auditus.
2517 2785 2664 2844 Cum
2694 2803 2834 2843 vero
2866 2788 3006 2859 post

1723 2873 2157 2933 lucubrationis
2188 2874 2447 2933 laborem
2480 2890 2744 2941 somnne,
2776 2875 2849 2931 ut
2879 2871 3008 2930 fieri

1722 2962 1875 3021 solet
1922 2962 2263 3039 legentibus
2308 2961 2664 3031 advenisset,
2717 2960 3004 3036 Didymus

1723 3050 2030 3110 silentium
2080 3050 2234 3110 illud
2281 3069 2402 3110 non
2467 3050 2538 3108 ad
2595 3049 2858 3125 quietem
2907 3049 3005 3107 vel

1722 3140 1915 3198 otium
1946 3139 2152 3199 datum
2182 3139 2418 3209 ducens,
2451 3141 2756 3215 tamquam
2786 3137 3002 3196 animal

1720 3228 2029 3287 ruminans
2062 3228 2278 3299 cibum,
2313 3246 2489 3303 quem
2522 3230 2775 3302 ceperat,
2808 3245 2877 3285 ex
2908 3226 3004 3284 in·

1720 3320 1892 3394 tegro
1912 3319 2227 3377 revocabat
2243 3320 2305 3376 et
2334 3336 2417 3388 ea,
2453 3334 2604 3392 quae
2623 3315 2849 3375 dudum
2869 3334 3006 3391 per-

1722 3460 1802 3468 .-

1799 3546 1838 3613 ¹)
1867 3540 2003 3596 Plus
2021 3543 2143 3611 jam
2159 3541 2368 3595 erravit
2395 3541 2437 3593 P
2455 3542 2493 3594 h
2511 3559 2542 3593 o
2560 3543 2585 3592 t
2599 3541 2618 3593 i
2633 3560 2671 3595 n
2688 3558 2725 3593 u
2744 3558 2768 3593 s
2789 3540 2858 3592 de
2877 3539 3006 3592 Gal-

1721 3613 2023 3694 lograecia,
2087 3613 2340 3667 Marcelli
2403 3612 2736 3682 discipuluS,
2811 3611 3004 3664 Sirmii

1722 3702 2042 3754 episcopus,
2095 3685 2197 3752 qui
2252 3684 2560 3745 „Hebionis
2598 3683 2878 3736 haeresim
2923 3681 3004 3735 in-

1722 3759 1978 3808 staurare
2029 3759 2266 3808 conatus
2317 3758 2417 3808 est.
2470 3755 2674 3808 Postea
2722 3771 2757 3806 a.
2801 3753 3006 3808 Valen-

1722 3826 1946 3879 tiniano
1993 3827 2250 3908 princ-ipe
2296 3826 2497 3895 pulsus
2543 3825 2795 3887 ecclesia,
2837 3825 3000 3894 plura

1721 3897 1950 3966 scripsit
1975 3899 2288 3959 volumina,
2333 3896 2393 3950 in
2439 3897 2650 3965 quibus
2677 3897 2764 3948 vel
2793 3895 3003 3964 praeci-

1721 3985 1837 4038 pua
1864 3971 1999 4020 sunt
2024 3973 2221 4021 contra
2248 3971 2446 4037 gentes
2471 3971 2529 4021 et
2553 3969 2626 4021 ad
2655 3966 3003 4022 Valentinia-

1722 4057 1860 4092 num
1877 4038 2012 4092 libri
2029 4039 2221 4102 ‹Hiero
2235 4057 2428 4106 .1ymus
2441 4056 2487 4091 c.
2507 4041 2678 4102 107)“,
2695 4037 3003 4106 quit-umen

1722 4110 2032 4181 perierunt.
2060 4110 2211 4163 Haec
2238 4127 2492 4163 errorum
2522 4113 2662 4162 teste
2691 4108 2741 4160 V
2760 4109 2779 4159 i
2797 4126 2833 4159 n
2851 4126 2878 4160 c
2896 4125 2924 4159 e
2943 4126 3000 4159 n-

1720 4181 1829 4234 tio
1881 4180 2140 4235 lirinensi
2192 4180 2527 4235 Commonit.
2581 4199 2625 4233 e.
2683 4184 2743 4233 12
2796 4178 2870 4246 (jul
2919 4180 3002 4250 17)

1721 4270 1970 4307 summa:
2025 4251 2211 4315 „Dicit
2233 4251 2414 4304 Deum
2458 4251 2749 4318 singulum
2790 4264 2905 4300 esse
2947 4251 3005 4300 et

1721 4324 2043 4378 solitarium
2071 4328 2130 4377 et
2155 4339 2309 4376 more
2331 4322 2567 4390 judaico
2595 4320 3000 4374 confitendum.

1722 4395 2020 4451 Trinitatis
2040 4394 2456 4466 plenitudinem
2479 4397 2667 4462 negat,
2695 4407 2796 4446 nec
2825 4389 3001 4445 ullam

1721 4468 1827 4521 Dei
1875 4466 2047 4520 Verbi
2096 4470 2200 4520 aut
2249 4465 2424 4518 ullam
2463 4463 2710 4531 Spiritus
2751 4481 2791 4513 s.
2833 4463 3006 4530 putat

1724 4554 1841 4593 esse
1868 4555 2183 4607 personam.
2235 4535 2524 4591 Christum
2551 4551 2682 4587 vero
2710 4532 3001 4587 homiuem

1724 4609 2121 4663 tantummodo
2150 4607 2471 4663 solitarium
2499 4605 2716 4667 asserit,
2737 4604 2831 4656 cui
2849 4601 3003 4673 prin-

384 4684 592 4745 menta,
638 4680 700 4733 cf
756 4681 1311 4737 Bardenhewer
1351 4691 1378 4747 ξ
1407 4688 1468 4738 61
1522 4699 1574 4734 n.
1604 4689 1667 4740 3:
1723 4680 1938 4749 cipium
1968 4680 2244 4736 adscribit
2287 4695 2353 4731 ex
2383 4677 2612 4733 Maria-⁶
2667 4675 2827 4729 Obiit
2851 4673 3004 4729 circa

379 4751 675 4809 Kaulen
702 4752 814 4806 KL.
851 4753 995 4817 vlu,
1021 4758 1144 4809 660.

1692 4812 1701 4825 ,
1722 4771 1777 4809 a.
1801 4755 1922 4808 376.
