<?xml version="1.0" encoding="UTF-8"?>
<!DOCTYPE html PUBLIC "-//W3C//DTD XHTML 1.0 Transitional//EN"
    "http://www.w3.org/TR/xhtml1/DTD/xhtml1-transitional.dtd">
<html xmlns="http://www.w3.org/1999/xhtml" xml:lang="en" lang="en">
 <head>
  <title>
</title>
<meta http-equiv="Content-Type" content="text/html;charset=utf-8" />
  <meta name='ocr-system' content='tesseract 3.04.00' />
  <meta name='ocr-capabilities' content='ocr_page ocr_carea ocr_par ocr_line ocrx_word'/>
</head>
<body>
  <div class='ocr_page' id='page_1' title='image "./nomenclatorlite09hurtgoog_0443.png"; bbox 0 0 3505 5161; ppageno 0'>
   <div class='ocr_carea' id='block_1_1' title="bbox 375 223 495 274">
    <p class='ocr_par' dir='ltr' id='par_1_1' title="bbox 375 223 495 274">
     <span class='ocr_line' id='line_1_1' title="bbox 375 223 495 274; baseline 0.008 -1"><span class='ocrx_word' id='word_1_1' title='bbox 375 223 495 274; x_wconf 69' lang='lat'>845</span> 
     </span>
    </p>
   </div>
   <div class='ocr_carea' id='block_1_2' title="bbox 1042 202 2304 271">
    <p class='ocr_par' dir='ltr' id='par_1_2' title="bbox 1042 202 2304 271">
     <span class='ocr_line' id='line_1_2' title="bbox 1042 202 2304 271; baseline 0.002 -17"><span class='ocrx_word' id='word_1_2' title='bbox 1042 203 1466 271; x_wconf 76' lang='lat' dir='ltr'>Martyrologia.</span> <span class='ocrx_word' id='word_1_3' title='bbox 1496 202 1964 266; x_wconf 70' lang='lat' dir='ltr'>W&#39;andalbertuS,</span> <span class='ocrx_word' id='word_1_4' title='bbox 1995 203 2304 257; x_wconf 77' lang='lat' dir='ltr'>Usuardus.</span> 
     </span>
    </p>
   </div>
   <div class='ocr_carea' id='block_1_3' title="bbox 2860 224 2982 277">
    <p class='ocr_par' dir='ltr' id='par_1_3' title="bbox 2860 224 2982 277">
     <span class='ocr_line' id='line_1_3' title="bbox 2860 224 2982 277; baseline -0.016 0"><span class='ocrx_word' id='word_1_5' title='bbox 2860 224 2982 277; x_wconf 75' lang='lat'>846</span> 
     </span>
    </p>
   </div>
   <div class='ocr_carea' id='block_1_4' title="bbox 371 390 2987 556">
    <p class='ocr_par' dir='ltr' id='par_1_4' title="bbox 371 390 2987 556">
     <span class='ocr_line' id='line_1_4' title="bbox 460 390 2985 469; baseline -0.001 -17"><span class='ocrx_word' id='word_1_6' title='bbox 460 401 606 454; x_wconf 77' lang='lat'>463.</span> <span class='ocrx_word' id='word_1_7' title='bbox 658 390 1157 467; x_wconf 83' lang='lat' dir='ltr'>Hagiograpb</span> <span class='ocrx_word' id='word_1_8' title='bbox 1178 408 1393 449; x_wconf 85' lang='lat' dir='ltr'>orum</span> <span class='ocrx_word' id='word_1_9' title='bbox 1443 391 1652 469; x_wconf 88' lang='lat' dir='ltr'>ingens</span> <span class='ocrx_word' id='word_1_10' title='bbox 1708 392 2007 452; x_wconf 89' lang='lat' dir='ltr'>Vincentii</span> <span class='ocrx_word' id='word_1_11' title='bbox 2068 392 2305 468; x_wconf 87' lang='lat' dir='ltr'>patroni</span> <span class='ocrx_word' id='word_1_12' title='bbox 2375 391 2724 467; x_wconf 87' lang='lat' dir='ltr'>principalis</span> <span class='ocrx_word' id='word_1_13' title='bbox 2785 411 2985 450; x_wconf 88' lang='lat' dir='ltr'>mona-</span> 
     </span>
     <span class='ocr_line' id='line_1_5' title="bbox 371 480 2987 556; baseline -0 -18"><span class='ocrx_word' id='word_1_14' title='bbox 371 485 463 539; x_wconf 87' lang='lat' dir='ltr'>est</span> <span class='ocrx_word' id='word_1_15' title='bbox 507 498 812 548; x_wconf 89' lang='lat' dir='ltr'>numerus,</span> <span class='ocrx_word' id='word_1_16' title='bbox 860 498 1116 554; x_wconf 87' lang='lat' dir='ltr'>quorum</span> <span class='ocrx_word' id='word_1_17' title='bbox 1148 480 1500 556; x_wconf 90' lang='lat' dir='ltr'>plerumque</span> <span class='ocrx_word' id='word_1_18' title='bbox 1531 499 1651 539; x_wconf 90' lang='lat' dir='ltr'>non</span> <span class='ocrx_word' id='word_1_19' title='bbox 1707 482 1895 540; x_wconf 86' lang='lat' dir='ltr'>sterii.</span> <span class='ocrx_word' id='word_1_20' title='bbox 1961 482 2050 542; x_wconf 91' lang='lat' dir='ltr'>Ob</span> <span class='ocrx_word' id='word_1_21' title='bbox 2096 481 2308 540; x_wconf 86' lang='lat' dir='ltr'>nimias</span> <span class='ocrx_word' id='word_1_22' title='bbox 2353 480 2737 539; x_wconf 82' lang='lat' dir='ltr'>difficultates</span> <span class='ocrx_word' id='word_1_23' title='bbox 2788 482 2987 541; x_wconf 85' lang='lat' dir='ltr'>missio</span> 
     </span>
    </p>
   </div>
   <div class='ocr_carea' id='block_1_5' title="bbox 366 568 1651 1357">
    <p class='ocr_par' dir='ltr' id='par_1_5' title="bbox 366 568 1651 1357">
     <span class='ocr_line' id='line_1_6' title="bbox 371 568 1649 646; baseline -0.001 -19"><span class='ocrx_word' id='word_1_24' title='bbox 371 587 652 646; x_wconf 89' lang='lat' dir='ltr'>magnum</span> <span class='ocrx_word' id='word_1_25' title='bbox 686 571 778 626; x_wconf 91' lang='lat' dir='ltr'>est</span> <span class='ocrx_word' id='word_1_26' title='bbox 807 569 1087 644; x_wconf 87' lang='lat' dir='ltr'>pretium.</span> <span class='ocrx_word' id='word_1_27' title='bbox 1153 568 1330 628; x_wconf 88' lang='lat' dir='ltr'>Plura</span> <span class='ocrx_word' id='word_1_28' title='bbox 1360 570 1478 645; x_wconf 86' lang='lat' dir='ltr'>jam</span> <span class='ocrx_word' id='word_1_29' title='bbox 1512 588 1649 645; x_wconf 88' lang='lat' dir='ltr'>pro-</span> 
     </span>
     <span class='ocr_line' id='line_1_7' title="bbox 369 658 1651 735; baseline 0.002 -20"><span class='ocrx_word' id='word_1_30' title='bbox 369 659 613 717; x_wconf 87' lang='lat' dir='ltr'>dierunt</span> <span class='ocrx_word' id='word_1_31' title='bbox 672 659 1102 735; x_wconf 74' lang='lat' dir='ltr'>martyroloyia.</span> <span class='ocrx_word' id='word_1_32' title='bbox 1200 658 1436 717; x_wconf 87' lang='lat' dir='ltr'>Praeter</span> <span class='ocrx_word' id='word_1_33' title='bbox 1508 658 1651 717; x_wconf 88' lang='lat' dir='ltr'>Rab.</span> 
     </span>
     <span class='ocr_line' id='line_1_8' title="bbox 369 747 1647 817; baseline 0.001 -12"><span class='ocrx_word' id='word_1_34' title='bbox 369 747 661 816; x_wconf 74' lang='lat' dir='ltr'>Maurum,</span> <span class='ocrx_word' id='word_1_35' title='bbox 711 747 999 816; x_wconf 85' lang='lat' dir='ltr'><strong>Adonem,</strong></span> <span class='ocrx_word' id='word_1_36' title='bbox 1050 747 1309 817; x_wconf 88' lang='lat' dir='ltr'>Florum,</span> <span class='ocrx_word' id='word_1_37' title='bbox 1374 748 1647 806; x_wconf 87' lang='lat' dir='ltr'>Erchem—</span> 
     </span>
     <span class='ocr_line' id='line_1_9' title="bbox 369 835 1644 913; baseline 0.001 -19"><span class='ocrx_word' id='word_1_38' title='bbox 369 839 622 912; x_wconf 89' lang='lat' dir='ltr'>pertum,</span> <span class='ocrx_word' id='word_1_39' title='bbox 658 836 729 894; x_wconf 88' lang='lat' dir='ltr'>de</span> <span class='ocrx_word' id='word_1_40' title='bbox 752 835 972 910; x_wconf 86' lang='lat' dir='ltr'>quibus</span> <span class='ocrx_word' id='word_1_41' title='bbox 996 838 1122 911; x_wconf 81' lang='lat' dir='ltr'>jam</span> <span class='ocrx_word' id='word_1_42' title='bbox 1143 837 1393 913; x_wconf 89' lang='lat' dir='ltr'>egimus,</span> <span class='ocrx_word' id='word_1_43' title='bbox 1430 836 1644 896; x_wconf 87' lang='lat' dir='ltr'>Wan-</span> 
     </span>
     <span class='ocr_line' id='line_1_10' title="bbox 369 925 1644 988; baseline 0.002 -5"><span class='ocrx_word' id='word_1_44' title='bbox 369 926 788 983; x_wconf 86' lang='lat' dir='ltr'>dalbertus</span> <span class='ocrx_word' id='word_1_45' title='bbox 840 945 895 984; x_wconf 91' lang='lat' dir='ltr'>n.</span> <span class='ocrx_word' id='word_1_46' title='bbox 946 946 995 984; x_wconf 87' lang='lat' dir='ltr'>a.</span> <span class='ocrx_word' id='word_1_47' title='bbox 1050 935 1174 988; x_wconf 73' lang='lat'>813</span> <span class='ocrx_word' id='word_1_48' title='bbox 1241 925 1525 985; x_wconf 87' lang='lat' dir='ltr'>diaconus</span> <span class='ocrx_word' id='word_1_49' title='bbox 1588 929 1644 985; x_wconf 82' lang='lat' dir='ltr'>et</span> 
     </span>
     <span class='ocr_line' id='line_1_11' title="bbox 368 1014 1646 1088; baseline 0 -16"><span class='ocrx_word' id='word_1_50' title='bbox 368 1017 688 1073; x_wconf 85' lang='lat' dir='ltr'>monachus</span> <span class='ocrx_word' id='word_1_51' title='bbox 722 1014 1086 1088; x_wconf 78' lang='lat' dir='ltr'>prumiensis</span> <span class='ocrx_word' id='word_1_52' title='bbox 1119 1016 1467 1074; x_wconf 87' lang='lat' dir='ltr'>monasterii</span> <span class='ocrx_word' id='word_1_53' title='bbox 1510 1034 1556 1074; x_wconf 90' lang='lat' dir='ltr'>c.</span> <span class='ocrx_word' id='word_1_54' title='bbox 1596 1036 1646 1073; x_wconf 87' lang='lat' dir='ltr'>a.</span> 
     </span>
     <span class='ocr_line' id='line_1_12' title="bbox 371 1099 1646 1185; baseline -0.002 -20"><span class='ocrx_word' id='word_1_55' title='bbox 371 1114 515 1172; x_wconf 78' lang='lat'>850,</span> <span class='ocrx_word' id='word_1_56' title='bbox 567 1109 629 1162; x_wconf 89' lang='lat' dir='ltr'>et</span> <span class='ocrx_word' id='word_1_57' title='bbox 678 1104 1005 1162; x_wconf 88' lang='lat' dir='ltr'>scholarum</span> <span class='ocrx_word' id='word_1_58' title='bbox 1060 1107 1255 1163; x_wconf 89' lang='lat' dir='ltr'>rector</span> <span class='ocrx_word' id='word_1_59' title='bbox 1303 1099 1366 1185; x_wconf 87' lang='lat'>(†</span> <span class='ocrx_word' id='word_1_60' title='bbox 1411 1124 1457 1163; x_wconf 90' lang='lat' dir='ltr'>c.</span> <span class='ocrx_word' id='word_1_61' title='bbox 1495 1105 1646 1183; x_wconf 83' lang='lat'>870)</span> 
     </span>
     <span class='ocr_line' id='line_1_13' title="bbox 368 1193 1645 1271; baseline -0.001 -19"><span class='ocrx_word' id='word_1_62' title='bbox 368 1193 743 1252; x_wconf 77' lang='lat' dir='ltr'>concinnavit</span> <span class='ocrx_word' id='word_1_63' title='bbox 790 1211 839 1253; x_wconf 90' lang='lat' dir='ltr'>c.</span> <span class='ocrx_word' id='word_1_64' title='bbox 889 1212 939 1251; x_wconf 88' lang='lat' dir='ltr'>a.</span> <span class='ocrx_word' id='word_1_65' title='bbox 992 1201 1115 1256; x_wconf 80' lang='grc'>848</span> <span class='ocrx_word' id='word_1_66' title='bbox 1169 1196 1645 1271; x_wconf 75' lang='lat' dir='ltr'>martyroloyium</span> 
     </span>
     <span class='ocr_line' id='line_1_14' title="bbox 366 1281 1647 1357; baseline 0.001 -17"><span class='ocrx_word' id='word_1_67' title='bbox 366 1282 714 1357; x_wconf 84' lang='lat' dir='ltr'>praesertim</span> <span class='ocrx_word' id='word_1_68' title='bbox 761 1301 830 1341; x_wconf 85' lang='lat' dir='ltr'>ex</span> <span class='ocrx_word' id='word_1_69' title='bbox 863 1281 1023 1340; x_wconf 83' lang='lat' dir='ltr'><strong>Beda</strong></span> <span class='ocrx_word' id='word_1_70' title='bbox 1067 1285 1130 1340; x_wconf 87' lang='lat' dir='ltr'>et</span> <span class='ocrx_word' id='word_1_71' title='bbox 1172 1282 1343 1341; x_wconf 85' lang='lat' dir='ltr'>Floro</span> <span class='ocrx_word' id='word_1_72' title='bbox 1389 1283 1647 1342; x_wconf 80' lang='lat' dir='ltr'>carmine</span> 
     </span>
    </p>
   </div>
   <div class='ocr_carea' id='block_1_6' title="bbox 1704 569 2988 1361">
    <p class='ocr_par' dir='ltr' id='par_1_6' title="bbox 1704 569 2988 1361">
     <span class='ocr_line' id='line_1_15' title="bbox 1706 569 2986 645; baseline -0.001 -16"><span class='ocrx_word' id='word_1_73' title='bbox 1706 572 1901 629; x_wconf 86' lang='lat' dir='ltr'>caruit</span> <span class='ocrx_word' id='word_1_74' title='bbox 1943 572 2143 629; x_wconf 86' lang='lat' dir='ltr'>fructu</span> <span class='ocrx_word' id='word_1_75' title='bbox 2194 573 2427 645; x_wconf 77' lang='lat' dir='ltr'>optato:</span> <span class='ocrx_word' id='word_1_76' title='bbox 2494 569 2732 629; x_wconf 89' lang='lat' dir='ltr'>illarum</span> <span class='ocrx_word' id='word_1_77' title='bbox 2785 573 2986 629; x_wconf 80' lang='lat' dir='ltr'>tamen</span> 
     </span>
     <span class='ocr_line' id='line_1_16' title="bbox 1704 646 2987 736; baseline -0.001 -18"><span class='ocrx_word' id='word_1_78' title='bbox 1704 646 1834 719; x_wconf 81' lang='lat' dir='ltr'>loco</span> <span class='ocrx_word' id='word_1_79' title='bbox 1865 660 2074 719; x_wconf 87' lang='lat' dir='ltr'>attulit</span> <span class='ocrx_word' id='word_1_80' title='bbox 2105 678 2346 736; x_wconf 88' lang='lat' dir='ltr'>corpora</span> <span class='ocrx_word' id='word_1_81' title='bbox 2389 678 2466 718; x_wconf 89' lang='lat' dir='ltr'>ss.</span> <span class='ocrx_word' id='word_1_82' title='bbox 2500 660 2738 735; x_wconf 86' lang='lat' dir='ltr'>Georgii</span> <span class='ocrx_word' id='word_1_83' title='bbox 2771 662 2832 717; x_wconf 88' lang='lat' dir='ltr'>et</span> <span class='ocrx_word' id='word_1_84' title='bbox 2864 661 2987 718; x_wconf 88' lang='lat' dir='ltr'>Au-</span> 
     </span>
     <span class='ocr_line' id='line_1_17' title="bbox 1704 745 2988 826; baseline -0.002 -18"><span class='ocrx_word' id='word_1_85' title='bbox 1704 749 1833 808; x_wconf 89' lang='lat' dir='ltr'>relii</span> <span class='ocrx_word' id='word_1_86' title='bbox 1915 754 1976 808; x_wconf 90' lang='lat' dir='ltr'>et</span> <span class='ocrx_word' id='word_1_87' title='bbox 2038 753 2217 825; x_wconf 89' lang='lat' dir='ltr'>caput</span> <span class='ocrx_word' id='word_1_88' title='bbox 2283 768 2328 808; x_wconf 89' lang='grc'>3.</span> <span class='ocrx_word' id='word_1_89' title='bbox 2380 745 2725 826; x_wconf 77' lang='lat' dir='ltr'>Nataliael).</span> <span class='ocrx_word' id='word_1_90' title='bbox 2801 749 2838 807; x_wconf 88' lang='lat' dir='ltr'>J</span> <span class='ocrx_word' id='word_1_91' title='bbox 2845 765 2988 809; x_wconf 83' lang='lat' dir='ltr'>ussu</span> 
     </span>
     <span class='ocr_line' id='line_1_18' title="bbox 1704 838 2985 914; baseline -0.003 -16"><span class='ocrx_word' id='word_1_92' title='bbox 1704 839 1895 898; x_wconf 88' lang='lat' dir='ltr'>Caroli</span> <span class='ocrx_word' id='word_1_93' title='bbox 1942 839 2099 899; x_wconf 86' lang='lat' dir='ltr'>Calvi</span> <span class='ocrx_word' id='word_1_94' title='bbox 2146 858 2365 897; x_wconf 89' lang='lat' dir='ltr'>novum</span> <span class='ocrx_word' id='word_1_95' title='bbox 2415 838 2654 914; x_wconf 90' lang='lat' dir='ltr'>collegit</span> <span class='ocrx_word' id='word_1_96' title='bbox 2699 844 2985 909; x_wconf 79' lang='lat' dir='ltr'>martyro-</span> 
     </span>
     <span class='ocr_line' id='line_1_19' title="bbox 1704 927 2986 1006; baseline -0.002 -20"><span class='ocrx_word' id='word_1_97' title='bbox 1704 930 1917 1006; x_wconf 75' lang='lat' dir='ltr'>loyium</span> <span class='ocrx_word' id='word_1_98' title='bbox 1966 932 2089 987; x_wconf 87' lang='lat' dir='ltr'>tam</span> <span class='ocrx_word' id='word_1_99' title='bbox 2139 927 2297 987; x_wconf 86' lang='lat' dir='ltr'>felici</span> <span class='ocrx_word' id='word_1_100' title='bbox 2329 944 2625 995; x_wconf 86' lang='lat' dir='ltr'>successu,</span> <span class='ocrx_word' id='word_1_101' title='bbox 2677 929 2749 985; x_wconf 89' lang='lat' dir='ltr'>ut</span> <span class='ocrx_word' id='word_1_102' title='bbox 2794 927 2986 984; x_wconf 89' lang='lat' dir='ltr'>elimi-</span> 
     </span>
     <span class='ocr_line' id='line_1_20' title="bbox 1706 1016 2985 1093; baseline -0.002 -17"><span class='ocrx_word' id='word_1_103' title='bbox 1706 1020 1878 1077; x_wconf 90' lang='lat' dir='ltr'>naret</span> <span class='ocrx_word' id='word_1_104' title='bbox 1907 1017 2024 1076; x_wconf 89' lang='lat' dir='ltr'>alia</span> <span class='ocrx_word' id='word_1_105' title='bbox 2043 1016 2480 1093; x_wconf 80' lang='lat' dir='ltr'>martyrologia,</span> <span class='ocrx_word' id='word_1_106' title='bbox 2515 1016 2826 1074; x_wconf 88' lang='lat' dir='ltr'>inductum</span> <span class='ocrx_word' id='word_1_107' title='bbox 2859 1016 2985 1074; x_wconf 82' lang='lat' dir='ltr'>sue—</span> 
     </span>
     <span class='ocr_line' id='line_1_21' title="bbox 1706 1104 2988 1183; baseline -0.003 -18"><span class='ocrx_word' id='word_1_108' title='bbox 1706 1106 1787 1165; x_wconf 88' lang='lat' dir='ltr'>rit</span> <span class='ocrx_word' id='word_1_109' title='bbox 1819 1106 2110 1183; x_wconf 78' lang='lat' dir='ltr'>gradatim</span> <span class='ocrx_word' id='word_1_110' title='bbox 2158 1106 2219 1163; x_wconf 88' lang='lat' dir='ltr'>in</span> <span class='ocrx_word' id='word_1_111' title='bbox 2267 1106 2622 1164; x_wconf 87' lang='lat' dir='ltr'>monasteria</span> <span class='ocrx_word' id='word_1_112' title='bbox 2657 1104 2721 1165; x_wconf 89' lang='lat'>0.</span> <span class='ocrx_word' id='word_1_113' title='bbox 2756 1104 2811 1165; x_wconf 89' lang='lat' dir='ltr'>S.</span> <span class='ocrx_word' id='word_1_114' title='bbox 2850 1106 2988 1162; x_wconf 87' lang='lat' dir='ltr'>Ben.</span> 
     </span>
     <span class='ocr_line' id='line_1_22' title="bbox 1705 1194 2988 1269; baseline -0.003 -15"><span class='ocrx_word' id='word_1_115' title='bbox 1705 1201 1768 1254; x_wconf 89' lang='lat' dir='ltr'>et</span> <span class='ocrx_word' id='word_1_116' title='bbox 1813 1196 2089 1254; x_wconf 87' lang='lat' dir='ltr'>ecclesias</span> <span class='ocrx_word' id='word_1_117' title='bbox 2137 1195 2485 1269; x_wconf 83' lang='lat' dir='ltr'>dictumque</span> <span class='ocrx_word' id='word_1_118' title='bbox 2533 1194 2612 1252; x_wconf 89' lang='lat' dir='ltr'>sit</span> <span class='ocrx_word' id='word_1_119' title='bbox 2642 1194 2988 1269; x_wconf 80' lang='lat' dir='ltr'>Martyrolo—</span> 
     </span>
     <span class='ocr_line' id='line_1_23' title="bbox 1707 1284 2988 1361; baseline -0.002 -18"><span class='ocrx_word' id='word_1_120' title='bbox 1707 1285 1872 1361; x_wconf 88' lang='lat' dir='ltr'>gium</span> <span class='ocrx_word' id='word_1_121' title='bbox 1921 1284 2249 1343; x_wconf 86' lang='lat' dir='ltr'>secundum</span> <span class='ocrx_word' id='word_1_122' title='bbox 2297 1302 2517 1343; x_wconf 88' lang='lat' dir='ltr'>morem</span> <span class='ocrx_word' id='word_1_123' title='bbox 2565 1300 2840 1341; x_wconf 88' lang='lat' dir='ltr'>romanae</span> <span class='ocrx_word' id='word_1_124' title='bbox 2886 1301 2988 1340; x_wconf 89' lang='lat' dir='ltr'>cu-</span> 
     </span>
    </p>
   </div>
   <div class='ocr_carea' id='block_1_7' title="bbox 360 1371 2988 2874">
    <p class='ocr_par' dir='ltr' id='par_1_7' title="bbox 360 1371 2988 2874">
     <span class='ocr_line' id='line_1_24' title="bbox 368 1371 2985 1448; baseline -0.001 -18"><span class='ocrx_word' id='word_1_125' title='bbox 368 1371 600 1431; x_wconf 87' lang='lat' dir='ltr'>heroico</span> <span class='ocrx_word' id='word_1_126' title='bbox 633 1374 911 1430; x_wconf 79' lang='lat' dir='ltr'>constans</span> <span class='ocrx_word' id='word_1_127' title='bbox 942 1390 995 1429; x_wconf 80' lang='lat' dir='ltr'>v.</span> <span class='ocrx_word' id='word_1_128' title='bbox 1023 1381 1171 1442; x_wconf 75' lang='grc'>840,</span> <span class='ocrx_word' id='word_1_129' title='bbox 1206 1371 1308 1430; x_wconf 92' lang='lat' dir='ltr'>sed</span> <span class='ocrx_word' id='word_1_130' title='bbox 1341 1390 1477 1430; x_wconf 88' lang='lat' dir='ltr'>cum</span> <span class='ocrx_word' id='word_1_131' title='bbox 1510 1390 1645 1447; x_wconf 89' lang='lat' dir='ltr'>pro·</span> <span class='ocrx_word' id='word_1_132' title='bbox 1704 1374 1842 1432; x_wconf 89' lang='lat' dir='ltr'>riae.</span> <span class='ocrx_word' id='word_1_133' title='bbox 1912 1372 2216 1448; x_wconf 88' lang='lat' dir='ltr'>Duplicem</span> <span class='ocrx_word' id='word_1_134' title='bbox 2253 1373 2490 1431; x_wconf 89' lang='lat' dir='ltr'>videtur</span> <span class='ocrx_word' id='word_1_135' title='bbox 2521 1372 2852 1431; x_wconf 78' lang='lat' dir='ltr'>elaborasse</span> <span class='ocrx_word' id='word_1_136' title='bbox 2892 1390 2985 1428; x_wconf 91' lang='lat' dir='ltr'>re—</span> 
     </span>
     <span class='ocr_line' id='line_1_25' title="bbox 366 1459 2987 1537; baseline -0.001 -18"><span class='ocrx_word' id='word_1_137' title='bbox 366 1461 576 1532; x_wconf 87' lang='lat' dir='ltr'>oemi0,</span> <span class='ocrx_word' id='word_1_138' title='bbox 600 1460 977 1519; x_wconf 84' lang='lat' dir='ltr'>conclusione</span> <span class='ocrx_word' id='word_1_139' title='bbox 997 1462 1060 1518; x_wconf 90' lang='lat' dir='ltr'>et</span> <span class='ocrx_word' id='word_1_140' title='bbox 1078 1459 1302 1534; x_wconf 87' lang='lat' dir='ltr'>duplici</span> <span class='ocrx_word' id='word_1_141' title='bbox 1328 1460 1646 1536; x_wconf 81' lang='lat' dir='ltr'>appendice</span> <span class='ocrx_word' id='word_1_142' title='bbox 1702 1462 2055 1522; x_wconf 87' lang='lat' dir='ltr'>censionem.</span> <span class='ocrx_word' id='word_1_143' title='bbox 2104 1462 2362 1537; x_wconf 89' lang='lat' dir='ltr'>Scopum</span> <span class='ocrx_word' id='word_1_144' title='bbox 2394 1462 2456 1520; x_wconf 90' lang='lat' dir='ltr'>in</span> <span class='ocrx_word' id='word_1_145' title='bbox 2487 1480 2556 1520; x_wconf 93' lang='lat' dir='ltr'>eo</span> <span class='ocrx_word' id='word_1_146' title='bbox 2586 1460 2987 1535; x_wconf 84' lang='lat' dir='ltr'>componendo</span> 
     </span>
     <span class='ocr_line' id='line_1_26' title="bbox 366 1548 2988 1627; baseline 0 -21"><span class='ocrx_word' id='word_1_147' title='bbox 366 1550 611 1625; x_wconf 83' lang='lat' dir='ltr'>prolixa,</span> <span class='ocrx_word' id='word_1_148' title='bbox 645 1568 899 1625; x_wconf 88' lang='lat' dir='ltr'>quarum</span> <span class='ocrx_word' id='word_1_149' title='bbox 930 1566 1051 1607; x_wconf 91' lang='lat' dir='ltr'>una</span> <span class='ocrx_word' id='word_1_150' title='bbox 1079 1548 1205 1625; x_wconf 88' lang='lat' dir='ltr'>agit</span> <span class='ocrx_word' id='word_1_151' title='bbox 1234 1550 1305 1607; x_wconf 93' lang='lat' dir='ltr'>de</span> <span class='ocrx_word' id='word_1_152' title='bbox 1329 1568 1646 1626; x_wconf 84' lang='lat' dir='ltr'>argumen-</span> <span class='ocrx_word' id='word_1_153' title='bbox 1704 1552 1792 1610; x_wconf 81' lang='lat' dir='ltr'>ita</span> <span class='ocrx_word' id='word_1_154' title='bbox 1830 1553 2126 1626; x_wconf 75' lang='lat' dir='ltr'>expressit</span> <span class='ocrx_word' id='word_1_155' title='bbox 2170 1552 2232 1609; x_wconf 89' lang='lat' dir='ltr'>in</span> <span class='ocrx_word' id='word_1_156' title='bbox 2276 1552 2454 1627; x_wconf 88' lang='lat' dir='ltr'>praef.</span> <span class='ocrx_word' id='word_1_157' title='bbox 2506 1549 2988 1618; x_wconf 68' lang='lat' dir='ltr'>„Venerabilium</span> 
     </span>
     <span class='ocr_line' id='line_1_27' title="bbox 365 1637 2986 1717; baseline 0 -21"><span class='ocrx_word' id='word_1_158' title='bbox 365 1640 446 1697; x_wconf 87' lang='lat' dir='ltr'>tis</span> <span class='ocrx_word' id='word_1_159' title='bbox 479 1639 757 1714; x_wconf 81' lang='lat' dir='ltr'>profanis,</span> <span class='ocrx_word' id='word_1_160' title='bbox 790 1638 977 1697; x_wconf 86' lang='lat' dir='ltr'>altera</span> <span class='ocrx_word' id='word_1_161' title='bbox 1008 1637 1081 1696; x_wconf 93' lang='lat' dir='ltr'>de</span> <span class='ocrx_word' id='word_1_162' title='bbox 1100 1638 1395 1697; x_wconf 78' lang='lat' dir='ltr'>creatione</span> <span class='ocrx_word' id='word_1_163' title='bbox 1416 1639 1644 1709; x_wconf 87' lang='lat' dir='ltr'>mundi,</span> <span class='ocrx_word' id='word_1_164' title='bbox 1706 1641 2056 1717; x_wconf 82' lang='lat' dir='ltr'>Hieronymi</span> <span class='ocrx_word' id='word_1_165' title='bbox 2118 1659 2185 1700; x_wconf 86' lang='lat' dir='ltr'>ac</span> <span class='ocrx_word' id='word_1_166' title='bbox 2245 1640 2440 1699; x_wconf 87' lang='lat' dir='ltr'>Bedae</span> <span class='ocrx_word' id='word_1_167' title='bbox 2497 1639 2986 1715; x_wconf 81' lang='lat' dir='ltr'>Presbyterorum</span> 
     </span>
     <span class='ocr_line' id='line_1_28' title="bbox 365 1727 2986 1805; baseline -0 -19"><span class='ocrx_word' id='word_1_168' title='bbox 365 1728 509 1786; x_wconf 90' lang='lat' dir='ltr'>adeo</span> <span class='ocrx_word' id='word_1_169' title='bbox 555 1729 625 1785; x_wconf 89' lang='lat' dir='ltr'>ut</span> <span class='ocrx_word' id='word_1_170' title='bbox 668 1730 863 1785; x_wconf 89' lang='lat' dir='ltr'>totum</span> <span class='ocrx_word' id='word_1_171' title='bbox 909 1744 1060 1802; x_wconf 86' lang='lat' dir='ltr'>opus</span> <span class='ocrx_word' id='word_1_172' title='bbox 1104 1730 1336 1786; x_wconf 82' lang='lat' dir='ltr'>constet</span> <span class='ocrx_word' id='word_1_173' title='bbox 1366 1746 1419 1785; x_wconf 87' lang='lat' dir='ltr'>v.</span> <span class='ocrx_word' id='word_1_174' title='bbox 1463 1738 1647 1789; x_wconf 82' lang='lat'>1919.</span> <span class='ocrx_word' id='word_1_175' title='bbox 1703 1730 1819 1805; x_wconf 88' lang='lat' dir='ltr'>piis</span> <span class='ocrx_word' id='word_1_176' title='bbox 1899 1731 2171 1805; x_wconf 79' lang='lat' dir='ltr'>quamvis</span> <span class='ocrx_word' id='word_1_177' title='bbox 2251 1729 2570 1788; x_wconf 85' lang='lat' dir='ltr'>succinctis</span> <span class='ocrx_word' id='word_1_178' title='bbox 2638 1746 2818 1804; x_wconf 82' lang='lat' dir='ltr'>super</span> <span class='ocrx_word' id='word_1_179' title='bbox 2879 1727 2986 1786; x_wconf 87' lang='lat' dir='ltr'>hoc</span> 
     </span>
     <span class='ocr_line' id='line_1_29' title="bbox 366 1816 2988 1894; baseline -0.001 -19"><span class='ocrx_word' id='word_1_180' title='bbox 366 1816 594 1875; x_wconf 89' lang='lat' dir='ltr'>Prodiit</span> <span class='ocrx_word' id='word_1_181' title='bbox 655 1816 812 1875; x_wconf 76' lang='lat' dir='ltr'>inter</span> <span class='ocrx_word' id='word_1_182' title='bbox 872 1835 925 1873; x_wconf 83' lang='lat' dir='ltr'>v.</span> <span class='ocrx_word' id='word_1_183' title='bbox 987 1816 1179 1874; x_wconf 86' lang='lat' dir='ltr'>Bedae</span> <span class='ocrx_word' id='word_1_184' title='bbox 1241 1834 1435 1892; x_wconf 85' lang='lat' dir='ltr'>opera,</span> <span class='ocrx_word' id='word_1_185' title='bbox 1510 1834 1645 1875; x_wconf 89' lang='lat' dir='ltr'>cum</span> <span class='ocrx_word' id='word_1_186' title='bbox 1704 1819 2062 1893; x_wconf 87' lang='lat' dir='ltr'>provocabar</span> <span class='ocrx_word' id='word_1_187' title='bbox 2122 1818 2452 1894; x_wconf 85' lang='lat' dir='ltr'>descriptis.</span> <span class='ocrx_word' id='word_1_188' title='bbox 2501 1817 2763 1887; x_wconf 83' lang='lat' dir='ltr'>Quorum</span> <span class='ocrx_word' id='word_1_189' title='bbox 2825 1816 2988 1892; x_wconf 86' lang='lat' dir='ltr'>prior</span> 
     </span>
     <span class='ocr_line' id='line_1_30' title="bbox 366 1903 2986 1981; baseline 0 -19"><span class='ocrx_word' id='word_1_190' title='bbox 366 1905 615 1964; x_wconf 82' lang='lat' dir='ltr'>Usuardi</span> <span class='ocrx_word' id='word_1_191' title='bbox 661 1903 1101 1980; x_wconf 79' lang='lat' dir='ltr'>martyrologiO,</span> <span class='ocrx_word' id='word_1_192' title='bbox 1148 1905 1392 1965; x_wconf 79' lang='lat' dir='ltr'>Lovanii</span> <span class='ocrx_word' id='word_1_193' title='bbox 1447 1916 1645 1975; x_wconf 80' lang='lat'>1568;</span> <span class='ocrx_word' id='word_1_194' title='bbox 1702 1908 1986 1967; x_wconf 83' lang='lat' dir='ltr'>brevitati</span> <span class='ocrx_word' id='word_1_195' title='bbox 2047 1908 2312 1980; x_wconf 71' lang='lat' dir='ltr'>stadem,</span> <span class='ocrx_word' id='word_1_196' title='bbox 2379 1907 2530 1966; x_wconf 91' lang='lat' dir='ltr'>alter</span> <span class='ocrx_word' id='word_1_197' title='bbox 2588 1924 2727 1964; x_wconf 81' lang='lat' dir='ltr'>vero</span> <span class='ocrx_word' id='word_1_198' title='bbox 2779 1924 2986 1981; x_wconf 88' lang='lat' dir='ltr'>quam·-</span> 
     </span>
     <span class='ocr_line' id='line_1_31' title="bbox 366 1994 2987 2073; baseline -0 -21"><span class='ocrx_word' id='word_1_199' title='bbox 366 1996 429 2052; x_wconf 92' lang='lat' dir='ltr'>in</span> <span class='ocrx_word' id='word_1_200' title='bbox 462 1995 525 2057; x_wconf 92' lang='lat' dir='ltr'>P.</span> <span class='ocrx_word' id='word_1_201' title='bbox 557 1995 617 2053; x_wconf 92' lang='lat' dir='ltr'>L.</span> <span class='ocrx_word' id='word_1_202' title='bbox 665 1994 757 2052; x_wconf 87' lang='lat' dir='ltr'>Mi</span> <span class='ocrx_word' id='word_1_203' title='bbox 772 2013 915 2070; x_wconf 89' lang='lat' dir='ltr'>gne</span> <span class='ocrx_word' id='word_1_204' title='bbox 947 1994 1138 2064; x_wconf 84' lang='lat' dir='ltr'>CXXI,</span> <span class='ocrx_word' id='word_1_205' title='bbox 1190 2005 1263 2057; x_wconf 82' lang='lat'>57</span> <span class='ocrx_word' id='word_1_206' title='bbox 1281 2004 1539 2058; x_wconf 74' lang='grc' dir='ltr'>ἰ’-624</span> <span class='ocrx_word' id='word_1_207' title='bbox 1588 1999 1650 2053; x_wconf 87' lang='lat' dir='ltr'>et</span> <span class='ocrx_word' id='word_1_208' title='bbox 1704 1997 1906 2073; x_wconf 86' lang='lat' dir='ltr'>plures</span> <span class='ocrx_word' id='word_1_209' title='bbox 1970 1998 2096 2055; x_wconf 89' lang='lat' dir='ltr'>dies</span> <span class='ocrx_word' id='word_1_210' title='bbox 2147 1997 2400 2055; x_wconf 86' lang='lat' dir='ltr'>intactos</span> <span class='ocrx_word' id='word_1_211' title='bbox 2439 1995 2798 2071; x_wconf 84' lang='lat' dir='ltr'>relinquens,</span> <span class='ocrx_word' id='word_1_212' title='bbox 2831 1994 2987 2052; x_wconf 88' lang='lat' dir='ltr'>mul-</span> 
     </span>
     <span class='ocr_line' id='line_1_32' title="bbox 366 2084 2988 2161; baseline -0 -20"><span class='ocrx_word' id='word_1_213' title='bbox 366 2102 487 2141; x_wconf 89' lang='lat' dir='ltr'>cur.</span> <span class='ocrx_word' id='word_1_214' title='bbox 523 2084 908 2142; x_wconf 82' lang='lat' dir='ltr'>Diimmler</span> <span class='ocrx_word' id='word_1_215' title='bbox 938 2084 1003 2142; x_wconf 90' lang='lat' dir='ltr'>in</span> <span class='ocrx_word' id='word_1_216' title='bbox 1037 2085 1189 2142; x_wconf 86' lang='lat' dir='ltr'>Mon.</span> <span class='ocrx_word' id='word_1_217' title='bbox 1224 2084 1289 2142; x_wconf 89' lang='lat' dir='ltr'>G.</span> <span class='ocrx_word' id='word_1_218' title='bbox 1323 2084 1460 2146; x_wconf 79' lang='lat' dir='ltr'>hist.</span> <span class='ocrx_word' id='word_1_219' title='bbox 1493 2088 1649 2160; x_wconf 69' lang='lat' dir='ltr'>poet.</span> <span class='ocrx_word' id='word_1_220' title='bbox 1703 2091 1768 2144; x_wconf 88' lang='lat' dir='ltr'>ta</span> <span class='ocrx_word' id='word_1_221' title='bbox 1845 2086 2237 2145; x_wconf 83' lang='lat' dir='ltr'>inveniuntur</span> <span class='ocrx_word' id='word_1_222' title='bbox 2311 2086 2493 2161; x_wconf 86' lang='lat' dir='ltr'>hujus</span> <span class='ocrx_word' id='word_1_223' title='bbox 2563 2084 2776 2159; x_wconf 87' lang='lat' dir='ltr'>operis·</span> <span class='ocrx_word' id='word_1_224' title='bbox 2819 2101 2988 2159; x_wconf 86' lang='lat' dir='ltr'>prae-</span> 
     </span>
     <span class='ocr_line' id='line_1_33' title="bbox 366 2169 2987 2254; baseline 0 -25"><span class='ocrx_word' id='word_1_225' title='bbox 366 2173 465 2235; x_wconf 87' lang='lat' dir='ltr'>lat.</span> <span class='ocrx_word' id='word_1_226' title='bbox 497 2172 627 2230; x_wconf 85' lang='lat' dir='ltr'>aevi</span> <span class='ocrx_word' id='word_1_227' title='bbox 649 2172 771 2232; x_wconf 82' lang='lat' dir='ltr'>Car.</span> <span class='ocrx_word' id='word_1_228' title='bbox 793 2173 867 2241; x_wconf 89' lang='lat'>11,</span> <span class='ocrx_word' id='word_1_229' title='bbox 905 2183 1272 2235; x_wconf 78' lang='lat'>569——604.</span> <span class='ocrx_word' id='word_1_230' title='bbox 1315 2169 1644 2254; x_wconf 71' lang='lat' dir='ltr'>Reliquitl)</span> <span class='ocrx_word' id='word_1_231' title='bbox 1702 2175 1916 2233; x_wconf 88' lang='lat' dir='ltr'>terisse</span> <span class='ocrx_word' id='word_1_232' title='bbox 1960 2175 2319 2234; x_wconf 88' lang='lat' dir='ltr'>necessaria:</span> <span class='ocrx_word' id='word_1_233' title='bbox 2370 2192 2522 2249; x_wconf 88' lang='lat' dir='ltr'>quos</span> <span class='ocrx_word' id='word_1_234' title='bbox 2571 2177 2770 2232; x_wconf 86' lang='lat' dir='ltr'>tamen</span> <span class='ocrx_word' id='word_1_235' title='bbox 2817 2191 2987 2232; x_wconf 88' lang='lat' dir='ltr'>secu-</span> 
     </span>
     <span class='ocr_line' id='line_1_34' title="bbox 366 2261 2985 2338; baseline -0 -18"><span class='ocrx_word' id='word_1_236' title='bbox 366 2264 667 2337; x_wconf 87' lang='lat' dir='ltr'>praeterea</span> <span class='ocrx_word' id='word_1_237' title='bbox 684 2264 969 2337; x_wconf 83' lang='lat' dir='ltr'>carmina,</span> <span class='ocrx_word' id='word_1_238' title='bbox 993 2280 1249 2337; x_wconf 88' lang='lat' dir='ltr'>quornm</span> <span class='ocrx_word' id='word_1_239' title='bbox 1269 2263 1442 2338; x_wconf 86' lang='lat' dir='ltr'>plura</span> <span class='ocrx_word' id='word_1_240' title='bbox 1458 2263 1646 2321; x_wconf 86' lang='lat' dir='ltr'>inter·</span> <span class='ocrx_word' id='word_1_241' title='bbox 1702 2271 1821 2333; x_wconf 74' lang='lat' dir='ltr'>tue,</span> <span class='ocrx_word' id='word_1_242' title='bbox 1874 2264 2079 2323; x_wconf 77' lang='lat' dir='ltr'>censui</span> <span class='ocrx_word' id='word_1_243' title='bbox 2126 2268 2187 2323; x_wconf 92' lang='lat' dir='ltr'>et</span> <span class='ocrx_word' id='word_1_244' title='bbox 2231 2264 2390 2321; x_wconf 87' lang='lat' dir='ltr'>Flori</span> <span class='ocrx_word' id='word_1_245' title='bbox 2423 2262 2824 2322; x_wconf 86' lang='lat' dir='ltr'>memorabilis</span> <span class='ocrx_word' id='word_1_246' title='bbox 2871 2261 2985 2319; x_wconf 83' lang='lat' dir='ltr'>viri</span> 
     </span>
     <span class='ocr_line' id='line_1_35' title="bbox 364 2347 2987 2433; baseline 0 -25"><span class='ocrx_word' id='word_1_247' title='bbox 364 2350 671 2408; x_wconf 86' lang='lat' dir='ltr'>ciderunt:</span> <span class='ocrx_word' id='word_1_248' title='bbox 704 2351 905 2425; x_wconf 88' lang='lat' dir='ltr'>aliqua</span> <span class='ocrx_word' id='word_1_249' title='bbox 935 2350 1116 2409; x_wconf 87' lang='lat' dir='ltr'>habes</span> <span class='ocrx_word' id='word_1_250' title='bbox 1136 2350 1360 2410; x_wconf 87' lang='lat' dir='ltr'>ibidem</span> <span class='ocrx_word' id='word_1_251' title='bbox 1383 2347 1463 2433; x_wconf 88' lang='lat' dir='ltr'>(p.</span> <span class='ocrx_word' id='word_1_252' title='bbox 1489 2362 1644 2413; x_wconf 76' lang='lat'><strong>604·</strong></span> <span class='ocrx_word' id='word_1_253' title='bbox 1701 2353 1914 2412; x_wconf 86' lang='lat' dir='ltr'>latiora</span> <span class='ocrx_word' id='word_1_254' title='bbox 1953 2355 2078 2428; x_wconf 87' lang='lat' dir='ltr'>jam</span> <span class='ocrx_word' id='word_1_255' title='bbox 2129 2354 2192 2412; x_wconf 91' lang='lat' dir='ltr'>in</span> <span class='ocrx_word' id='word_1_256' title='bbox 2242 2372 2310 2411; x_wconf 93' lang='lat' dir='ltr'>eo</span> <span class='ocrx_word' id='word_1_257' title='bbox 2356 2353 2485 2428; x_wconf 88' lang='lat' dir='ltr'>ipso</span> <span class='ocrx_word' id='word_1_258' title='bbox 2531 2351 2768 2429; x_wconf 79' lang='lat' dir='ltr'>negotio</span> <span class='ocrx_word' id='word_1_259' title='bbox 2816 2351 2987 2426; x_wconf 90' lang='lat' dir='ltr'>sequi</span> 
     </span>
     <span class='ocr_line' id='line_1_36' title="bbox 367 2439 2986 2518; baseline 0 -21"><span class='ocrx_word' id='word_1_260' title='bbox 367 2444 548 2513; x_wconf 44' lang='lat'>822„</span> <span class='ocrx_word' id='word_1_261' title='bbox 596 2443 656 2497; x_wconf 90' lang='lat' dir='ltr'>et</span> <span class='ocrx_word' id='word_1_262' title='bbox 701 2439 763 2496; x_wconf 92' lang='lat'>11.</span> <span class='ocrx_word' id='word_1_263' title='bbox 802 2448 836 2501; x_wconf 89' lang='lat'><strong>2</strong></span> <span class='ocrx_word' id='word_1_264' title='bbox 884 2440 952 2497; x_wconf 82' lang='lat' dir='ltr'>de</span> <span class='ocrx_word' id='word_1_265' title='bbox 983 2442 1116 2514; x_wconf 71' lang='lat' dir='ltr'>vita,</span> <span class='ocrx_word' id='word_1_266' title='bbox 1166 2442 1549 2499; x_wconf 77' lang='lat' dir='ltr'>translatione</span> <span class='ocrx_word' id='word_1_267' title='bbox 1600 2449 1648 2499; x_wconf 82' lang='lat' dir='ltr'>et</span> <span class='ocrx_word' id='word_1_268' title='bbox 1705 2442 1972 2518; x_wconf 80' lang='lat' dir='ltr'>vestigia,</span> <span class='ocrx_word' id='word_1_269' title='bbox 2023 2441 2376 2518; x_wconf 81' lang='lat' dir='ltr'>praesertim</span> <span class='ocrx_word' id='word_1_270' title='bbox 2427 2442 2489 2500; x_wconf 90' lang='lat' dir='ltr'>in</span> <span class='ocrx_word' id='word_1_271' title='bbox 2546 2451 2601 2503; x_wconf 88' lang='lat'>2.</span> <span class='ocrx_word' id='word_1_272' title='bbox 2652 2442 2782 2514; x_wconf 78' lang='lat' dir='ltr'>eius</span> <span class='ocrx_word' id='word_1_273' title='bbox 2833 2439 2986 2498; x_wconf 91' lang='lat' dir='ltr'>libro</span> 
     </span>
     <span class='ocr_line' id='line_1_37' title="bbox 363 2527 2986 2612; baseline 0.001 -26"><span class='ocrx_word' id='word_1_274' title='bbox 363 2529 664 2588; x_wconf 71' lang='lat' dir='ltr'>miraculis</span> <span class='ocrx_word' id='word_1_275' title='bbox 703 2547 751 2587; x_wconf 81' lang='lat'>8.</span> <span class='ocrx_word' id='word_1_276' title='bbox 790 2528 1006 2588; x_wconf 77' lang='lat' dir='ltr'>Goaris</span> <span class='ocrx_word' id='word_1_277' title='bbox 1051 2529 1245 2605; x_wconf 87' lang='lat' dir='ltr'>presb.</span> <span class='ocrx_word' id='word_1_278' title='bbox 1294 2530 1646 2590; x_wconf 78' lang='lat' dir='ltr'>confessoris</span> <span class='ocrx_word' id='word_1_279' title='bbox 1705 2527 1840 2612; x_wconf 84' lang='lat' dir='ltr'>(qui</span> <span class='ocrx_word' id='word_1_280' title='bbox 1890 2531 2125 2591; x_wconf 88' lang='lat' dir='ltr'>videtur</span> <span class='ocrx_word' id='word_1_281' title='bbox 2183 2549 2313 2592; x_wconf 88' lang='lat' dir='ltr'>esse</span> <span class='ocrx_word' id='word_1_282' title='bbox 2361 2530 2587 2591; x_wconf 82' lang='lat' dir='ltr'>Adonis</span> <span class='ocrx_word' id='word_1_283' title='bbox 2638 2529 2986 2606; x_wconf 80' lang='lat' dir='ltr'>martyrolo-</span> 
     </span>
     <span class='ocr_line' id='line_1_38' title="bbox 363 2614 2985 2699; baseline 0 -23"><span class='ocrx_word' id='word_1_284' title='bbox 363 2616 511 2699; x_wconf 86' lang='lat' dir='ltr'>(flor.</span> <span class='ocrx_word' id='word_1_285' title='bbox 564 2636 675 2680; x_wconf 90' lang='lat' dir='ltr'>sec.</span> <span class='ocrx_word' id='word_1_286' title='bbox 729 2614 847 2697; x_wconf 90' lang='lat' dir='ltr'>Vl),</span> <span class='ocrx_word' id='word_1_287' title='bbox 913 2619 1070 2694; x_wconf 88' lang='lat' dir='ltr'>apud</span> <span class='ocrx_word' id='word_1_288' title='bbox 1134 2620 1520 2678; x_wconf 85' lang='lat' dir='ltr'>Mabillon</span> <span class='ocrx_word' id='word_1_289' title='bbox 1583 2620 1645 2679; x_wconf 90' lang='lat' dir='ltr'>in</span> <span class='ocrx_word' id='word_1_290' title='bbox 1701 2621 1925 2699; x_wconf 86' lang='lat' dir='ltr'>gium):</span> <span class='ocrx_word' id='word_1_291' title='bbox 1969 2622 2055 2679; x_wconf 91' lang='lat' dir='ltr'>ibi</span> <span class='ocrx_word' id='word_1_292' title='bbox 2087 2622 2246 2681; x_wconf 88' lang='lat' dir='ltr'>enim</span> <span class='ocrx_word' id='word_1_293' title='bbox 2279 2621 2487 2692; x_wconf 87' lang='lat' dir='ltr'>multa,</span> <span class='ocrx_word' id='word_1_294' title='bbox 2523 2619 2768 2695; x_wconf 88' lang='lat' dir='ltr'>quaein</span> <span class='ocrx_word' id='word_1_295' title='bbox 2799 2619 2985 2694; x_wconf 86' lang='lat' dir='ltr'>priori</span> 
     </span>
     <span class='ocr_line' id='line_1_39' title="bbox 360 2707 2981 2780; baseline -0 -15"><span class='ocrx_word' id='word_1_296' title='bbox 360 2709 506 2766; x_wconf 83' lang='lat' dir='ltr'>actis</span> <span class='ocrx_word' id='word_1_297' title='bbox 541 2708 638 2766; x_wconf 88' lang='lat' dir='ltr'>SS.</span> <span class='ocrx_word' id='word_1_298' title='bbox 673 2708 745 2776; x_wconf 92' lang='grc' dir='ltr'>ΙΙ,</span> <span class='ocrx_word' id='word_1_299' title='bbox 784 2716 1130 2771; x_wconf 79' lang='grc'><strong>281-299</strong></span> <span class='ocrx_word' id='word_1_300' title='bbox 1165 2711 1226 2767; x_wconf 90' lang='lat' dir='ltr'>et</span> <span class='ocrx_word' id='word_1_301' title='bbox 1256 2709 1351 2777; x_wconf 90' lang='lat' dir='ltr'>IV,</span> <span class='ocrx_word' id='word_1_302' title='bbox 1398 2720 1446 2776; x_wconf 88' lang='lat' dir='ltr'>l,</span> <span class='ocrx_word' id='word_1_303' title='bbox 1486 2720 1557 2772; x_wconf 89' lang='grc'>61</span> <span class='ocrx_word' id='word_1_304' title='bbox 1585 2721 1601 2770; x_wconf 90' lang='grc'>1</span> <span class='ocrx_word' id='word_1_305' title='bbox 1631 2728 1645 2777; x_wconf 76' lang='lat'>3</span> <span class='ocrx_word' id='word_1_306' title='bbox 1702 2710 1997 2780; x_wconf 87' lang='lat' dir='ltr'>omiserat,</span> <span class='ocrx_word' id='word_1_307' title='bbox 2030 2714 2091 2769; x_wconf 92' lang='lat' dir='ltr'>et</span> <span class='ocrx_word' id='word_1_308' title='bbox 2122 2711 2377 2769; x_wconf 85' lang='lat' dir='ltr'>correxit</span> <span class='ocrx_word' id='word_1_309' title='bbox 2406 2713 2467 2769; x_wconf 91' lang='lat' dir='ltr'>et</span> <span class='ocrx_word' id='word_1_310' title='bbox 2498 2708 2788 2769; x_wconf 58' lang='lat' dir='ltr'>addidit«</span> <span class='ocrx_word' id='word_1_311' title='bbox 2837 2707 2981 2765; x_wconf 87' lang='lat' dir='ltr'>Cum</span> 
     </span>
     <span class='ocr_line' id='line_1_40' title="bbox 361 2796 2985 2874; baseline -0.001 -19"><span class='ocrx_word' id='word_1_312' title='bbox 361 2797 496 2855; x_wconf 84' lang='lat' dir='ltr'>inde</span> <span class='ocrx_word' id='word_1_313' title='bbox 547 2797 611 2856; x_wconf 89' lang='lat' dir='ltr'>in</span> <span class='ocrx_word' id='word_1_314' title='bbox 659 2796 916 2872; x_wconf 87' lang='lat' dir='ltr'>Migne</span> <span class='ocrx_word' id='word_1_315' title='bbox 961 2798 1023 2859; x_wconf 90' lang='lat' dir='ltr'>P.</span> <span class='ocrx_word' id='word_1_316' title='bbox 1071 2797 1133 2856; x_wconf 90' lang='lat' dir='ltr'>L.</span> <span class='ocrx_word' id='word_1_317' title='bbox 1182 2797 1375 2866; x_wconf 83' lang='lat' dir='ltr'>CXXI,</span> <span class='ocrx_word' id='word_1_318' title='bbox 1430 2807 1645 2860; x_wconf 77' lang='grc'>639-</span> <span class='ocrx_word' id='word_1_319' title='bbox 1703 2799 1929 2874; x_wconf 89' lang='lat' dir='ltr'>ubique</span> <span class='ocrx_word' id='word_1_320' title='bbox 1962 2803 2121 2858; x_wconf 84' lang='lat' dir='ltr'>esset</span> <span class='ocrx_word' id='word_1_321' title='bbox 2151 2800 2216 2858; x_wconf 91' lang='lat' dir='ltr'>in</span> <span class='ocrx_word' id='word_1_322' title='bbox 2248 2817 2382 2868; x_wconf 89' lang='lat' dir='ltr'>usu,</span> <span class='ocrx_word' id='word_1_323' title='bbox 2414 2798 2635 2857; x_wconf 87' lang='lat' dir='ltr'>mirum</span> <span class='ocrx_word' id='word_1_324' title='bbox 2658 2796 2845 2855; x_wconf 86' lang='lat' dir='ltr'>videri</span> <span class='ocrx_word' id='word_1_325' title='bbox 2865 2813 2985 2854; x_wconf 92' lang='lat' dir='ltr'>non</span> 
     </span>
    </p>
   </div>
   <div class='ocr_carea' id='block_1_8' title="bbox 357 2885 1650 3675">
    <p class='ocr_par' dir='ltr' id='par_1_8' title="bbox 357 2885 1650 3675">
     <span class='ocr_line' id='line_1_41' title="bbox 365 2885 1644 2956; baseline -0.003 -8"><span class='ocrx_word' id='word_1_326' title='bbox 365 2896 522 2952; x_wconf 52' lang='lat' dir='ltr'>(37ss</span> <span class='ocrx_word' id='word_1_327' title='bbox 569 2885 857 2945; x_wconf 87' lang='lat' dir='ltr'>miracula</span> <span class='ocrx_word' id='word_1_328' title='bbox 902 2885 964 2944; x_wconf 88' lang='lat' dir='ltr'>in</span> <span class='ocrx_word' id='word_1_329' title='bbox 1012 2888 1139 2948; x_wconf 89' lang='lat' dir='ltr'>Act.</span> <span class='ocrx_word' id='word_1_330' title='bbox 1192 2887 1287 2948; x_wconf 89' lang='grc'>88.</span> <span class='ocrx_word' id='word_1_331' title='bbox 1323 2897 1379 2946; x_wconf 70' lang='grc' dir='ltr'><strong>Γ».</strong></span> <span class='ocrx_word' id='word_1_332' title='bbox 1413 2887 1538 2948; x_wconf 82' lang='lat' dir='ltr'>Jul.</span> <span class='ocrx_word' id='word_1_333' title='bbox 1568 2888 1644 2956; x_wconf 87' lang='grc' dir='ltr'>ΙΙ,</span> 
     </span>
     <span class='ocr_line' id='line_1_42' title="bbox 363 2974 1646 3045; baseline 0 -8"><span class='ocrx_word' id='word_1_334' title='bbox 363 2985 748 3044; x_wconf 74' lang='grc' dir='ltr'><strong>337-346ς</strong></span> <span class='ocrx_word' id='word_1_335' title='bbox 789 2974 852 3032; x_wconf 90' lang='lat' dir='ltr'>in</span> <span class='ocrx_word' id='word_1_336' title='bbox 885 2975 1010 3038; x_wconf 80' lang='lat' dir='ltr'>MG.</span> <span class='ocrx_word' id='word_1_337' title='bbox 1045 2976 1141 3036; x_wconf 91' lang='lat' dir='ltr'>SS.</span> <span class='ocrx_word' id='word_1_338' title='bbox 1178 2976 1297 3045; x_wconf 85' lang='lat' dir='ltr'>XV,</span> <span class='ocrx_word' id='word_1_339' title='bbox 1341 2988 1391 3044; x_wconf 86' lang='lat'>1,</span> <span class='ocrx_word' id='word_1_340' title='bbox 1430 2985 1646 3039; x_wconf 88' lang='grc'><strong>362-</strong></span> 
     </span>
     <span class='ocr_line' id='line_1_43' title="bbox 362 3064 1644 3141; baseline -0.002 -15"><span class='ocrx_word' id='word_1_341' title='bbox 362 3074 397 3126; x_wconf 89' lang='grc'><strong>3</strong></span> <span class='ocrx_word' id='word_1_342' title='bbox 408 3077 438 3127; x_wconf 86' lang='grc'>7</span> <span class='ocrx_word' id='word_1_343' title='bbox 451 3074 507 3127; x_wconf 88' lang='grc'>3.</span> <span class='ocrx_word' id='word_1_344' title='bbox 519 3098 608 3107; x_wconf 90' lang='grc'>--</span> <span class='ocrx_word' id='word_1_345' title='bbox 627 3064 1117 3140; x_wconf 81' lang='lat' dir='ltr'>Vulgatissimum</span> <span class='ocrx_word' id='word_1_346' title='bbox 1133 3068 1331 3123; x_wconf 87' lang='lat' dir='ltr'>tamen</span> <span class='ocrx_word' id='word_1_347' title='bbox 1351 3067 1644 3141; x_wconf 83' lang='lat' dir='ltr'>martyro·</span> 
     </span>
     <span class='ocr_line' id='line_1_44' title="bbox 359 3154 1647 3231; baseline 0 -19"><span class='ocrx_word' id='word_1_348' title='bbox 359 3154 587 3231; x_wconf 91' lang='lat' dir='ltr'>logium</span> <span class='ocrx_word' id='word_1_349' title='bbox 634 3154 968 3228; x_wconf 88' lang='lat' dir='ltr'>composuit</span> <span class='ocrx_word' id='word_1_350' title='bbox 1014 3154 1414 3213; x_wconf 87' lang='lat' dir='ltr'>Usuardus</span> <span class='ocrx_word' id='word_1_351' title='bbox 1462 3154 1647 3219; x_wconf 79' lang='lat' dir='ltr'>(Hus-</span> 
     </span>
     <span class='ocr_line' id='line_1_45' title="bbox 357 3238 1646 3324; baseline 0.001 -25"><span class='ocrx_word' id='word_1_352' title='bbox 357 3238 548 3324; x_wconf 87' lang='lat' dir='ltr'>ward)</span> <span class='ocrx_word' id='word_1_353' title='bbox 584 3241 810 3311; x_wconf 82' lang='lat' dir='ltr'>Gallus,</span> <span class='ocrx_word' id='word_1_354' title='bbox 861 3244 1183 3302; x_wconf 85' lang='lat' dir='ltr'>monachus</span> <span class='ocrx_word' id='word_1_355' title='bbox 1231 3242 1297 3304; x_wconf 92' lang='grc' dir='ltr'>Ο.</span> <span class='ocrx_word' id='word_1_356' title='bbox 1336 3244 1390 3306; x_wconf 92' lang='lat' dir='ltr'>S.</span> <span class='ocrx_word' id='word_1_357' title='bbox 1425 3244 1566 3302; x_wconf 91' lang='lat' dir='ltr'>Ben.</span> <span class='ocrx_word' id='word_1_358' title='bbox 1601 3262 1646 3301; x_wconf 90' lang='lat' dir='ltr'>s.</span> 
     </span>
     <span class='ocr_line' id='line_1_46' title="bbox 361 3331 1647 3409; baseline 0.001 -20"><span class='ocrx_word' id='word_1_359' title='bbox 361 3331 637 3390; x_wconf 86' lang='lat' dir='ltr'>Germani</span> <span class='ocrx_word' id='word_1_360' title='bbox 682 3331 1001 3401; x_wconf 87' lang='lat' dir='ltr'>Pratensis,</span> <span class='ocrx_word' id='word_1_361' title='bbox 1053 3334 1226 3409; x_wconf 86' lang='lat' dir='ltr'>cujus</span> <span class='ocrx_word' id='word_1_362' title='bbox 1277 3351 1394 3408; x_wconf 89' lang='lat' dir='ltr'>quo</span> <span class='ocrx_word' id='word_1_363' title='bbox 1446 3333 1647 3391; x_wconf 83' lang='lat' dir='ltr'>notius</span> 
     </span>
     <span class='ocr_line' id='line_1_47' title="bbox 358 3419 1649 3496; baseline 0.001 -18"><span class='ocrx_word' id='word_1_364' title='bbox 358 3419 867 3496; x_wconf 81' lang='lat' dir='ltr'>martyrologium,</span> <span class='ocrx_word' id='word_1_365' title='bbox 931 3439 1000 3480; x_wconf 91' lang='lat' dir='ltr'>eo</span> <span class='ocrx_word' id='word_1_366' title='bbox 1061 3423 1261 3481; x_wconf 87' lang='lat' dir='ltr'>minus</span> <span class='ocrx_word' id='word_1_367' title='bbox 1312 3424 1454 3480; x_wconf 87' lang='lat' dir='ltr'>nota</span> <span class='ocrx_word' id='word_1_368' title='bbox 1503 3421 1649 3480; x_wconf 80' lang='lat' dir='ltr'>vita.</span> 
     </span>
     <span class='ocr_line' id='line_1_48' title="bbox 360 3509 1650 3586; baseline 0.001 -19"><span class='ocrx_word' id='word_1_369' title='bbox 360 3509 744 3586; x_wconf 87' lang='lat' dir='ltr'>Rogantibus</span> <span class='ocrx_word' id='word_1_370' title='bbox 771 3510 1075 3569; x_wconf 86' lang='lat' dir='ltr'>sodalibus</span> <span class='ocrx_word' id='word_1_371' title='bbox 1108 3512 1174 3569; x_wconf 90' lang='lat' dir='ltr'>in</span> <span class='ocrx_word' id='word_1_372' title='bbox 1205 3510 1552 3586; x_wconf 87' lang='lat' dir='ltr'>Hispaniam</span> <span class='ocrx_word' id='word_1_373' title='bbox 1587 3528 1650 3568; x_wconf 90' lang='lat' dir='ltr'>se</span> 
     </span>
     <span class='ocr_line' id='line_1_49' title="bbox 358 3598 1648 3675; baseline 0 -18"><span class='ocrx_word' id='word_1_374' title='bbox 358 3599 636 3666; x_wconf 83' lang='lat' dir='ltr'>contulit,</span> <span class='ocrx_word' id='word_1_375' title='bbox 692 3600 763 3656; x_wconf 86' lang='lat' dir='ltr'>ut</span> <span class='ocrx_word' id='word_1_376' title='bbox 810 3598 947 3658; x_wconf 90' lang='lat' dir='ltr'>inde</span> <span class='ocrx_word' id='word_1_377' title='bbox 997 3600 1280 3675; x_wconf 88' lang='lat' dir='ltr'>reliquias</span> <span class='ocrx_word' id='word_1_378' title='bbox 1314 3600 1553 3658; x_wconf 85' lang='lat' dir='ltr'>afferret</span> <span class='ocrx_word' id='word_1_379' title='bbox 1604 3618 1648 3657; x_wconf 85' lang='grc'>3.</span> 
     </span>
    </p>
   </div>
   <div class='ocr_carea' id='block_1_9' title="bbox 358 3720 677 3729">
    <p class='ocr_par' dir='ltr' id='par_1_9' title="bbox 358 3720 677 3729">
     <span class='ocr_line' id='line_1_50' title="bbox 358 3720 677 3729; baseline 0 1432"><span class='ocrx_word' id='word_1_380' title='bbox 358 3720 677 3729; x_wconf 95' lang='lat' dir='ltr'> </span> 
     </span>
    </p>
   </div>
   <div class='ocr_carea' id='block_1_10' title="bbox 350 3767 1648 4050">
    <p class='ocr_par' dir='ltr' id='par_1_10' title="bbox 350 3767 1648 4050">
     <span class='ocr_line' id='line_1_51' title="bbox 359 3767 1648 3839; baseline 0.002 -19"><span class='ocrx_word' id='word_1_381' title='bbox 359 3767 491 3820; x_wconf 86' lang='lat' dir='ltr'>titia</span> <span class='ocrx_word' id='word_1_382' title='bbox 517 3767 650 3820; x_wconf 85' lang='lat' dir='ltr'>hist.</span> <span class='ocrx_word' id='word_1_383' title='bbox 677 3784 813 3821; x_wconf 82' lang='lat' dir='ltr'>suae</span> <span class='ocrx_word' id='word_1_384' title='bbox 835 3768 922 3821; x_wconf 83' lang='lat' dir='ltr'>ed.</span> <span class='ocrx_word' id='word_1_385' title='bbox 945 3770 1270 3839; x_wconf 84' lang='lat' dir='ltr'>praemissa.</span> <span class='ocrx_word' id='word_1_386' title='bbox 1301 3803 1368 3811; x_wconf 82' lang='lat'><em>-</em></span> <span class='ocrx_word' id='word_1_387' title='bbox 1397 3770 1529 3823; x_wconf 87' lang='lat' dir='ltr'>Fini</span> <span class='ocrx_word' id='word_1_388' title='bbox 1547 3771 1648 3824; x_wconf 87' lang='lat' dir='ltr'>hu-</span> 
     </span>
     <span class='ocr_line' id='line_1_52' title="bbox 350 3837 1644 3912; baseline 0.002 -21"><span class='ocrx_word' id='word_1_389' title='bbox 350 3839 448 3907; x_wconf 82' lang='lat' dir='ltr'>jus</span> <span class='ocrx_word' id='word_1_390' title='bbox 476 3837 653 3894; x_wconf 86' lang='lat' dir='ltr'>seculi</span> <span class='ocrx_word' id='word_1_391' title='bbox 693 3838 783 3892; x_wconf 88' lang='lat' dir='ltr'>vel</span> <span class='ocrx_word' id='word_1_392' title='bbox 824 3841 1115 3908; x_wconf 86' lang='lat' dir='ltr'>sequentis</span> <span class='ocrx_word' id='word_1_393' title='bbox 1162 3841 1333 3896; x_wconf 91' lang='lat' dir='ltr'>initio</span> <span class='ocrx_word' id='word_1_394' title='bbox 1359 3841 1644 3912; x_wconf 86' lang='lat' dir='ltr'>assignari</span> 
     </span>
     <span class='ocr_line' id='line_1_53' title="bbox 357 3909 1645 3982; baseline 0.005 -21"><span class='ocrx_word' id='word_1_395' title='bbox 357 3910 503 3964; x_wconf 81' lang='lat' dir='ltr'>solet</span> <span class='ocrx_word' id='word_1_396' title='bbox 529 3909 766 3977; x_wconf 86' lang='lat' dir='ltr'>quidam</span> <span class='ocrx_word' id='word_1_397' title='bbox 808 3909 852 3962; x_wconf 84' lang='lat' dir='ltr'>E</span> <span class='ocrx_word' id='word_1_398' title='bbox 870 3929 906 3963; x_wconf 98' lang='grc' dir='ltr'>ιι</span> <span class='ocrx_word' id='word_1_399' title='bbox 926 3915 950 3964; x_wconf 93' lang='lat' dir='ltr'>t</span> <span class='ocrx_word' id='word_1_400' title='bbox 965 3930 992 3965; x_wconf 89' lang='lat' dir='ltr'>r</span> <span class='ocrx_word' id='word_1_401' title='bbox 1009 3929 1040 3966; x_wconf 95' lang='lat' dir='ltr'>o</span> <span class='ocrx_word' id='word_1_402' title='bbox 1060 3931 1095 3982; x_wconf 86' lang='lat' dir='ltr'>p</span> <span class='ocrx_word' id='word_1_403' title='bbox 1115 3912 1135 3966; x_wconf 90' lang='lat' dir='ltr'>i</span> <span class='ocrx_word' id='word_1_404' title='bbox 1154 3932 1189 3966; x_wconf 89' lang='grc' dir='ltr'>ιι</span> <span class='ocrx_word' id='word_1_405' title='bbox 1207 3931 1248 3976; x_wconf 88' lang='grc'>3,</span> <span class='ocrx_word' id='word_1_406' title='bbox 1291 3929 1461 3981; x_wconf 87' lang='lat' dir='ltr'>quem</span> <span class='ocrx_word' id='word_1_407' title='bbox 1503 3913 1645 3967; x_wconf 90' lang='lat' dir='ltr'>Lon·</span> 
     </span>
     <span class='ocr_line' id='line_1_54' title="bbox 356 3981 1645 4050; baseline 0.002 -17"><span class='ocrx_word' id='word_1_408' title='bbox 356 3981 675 4050; x_wconf 86' lang='lat' dir='ltr'>gobardum</span> <span class='ocrx_word' id='word_1_409' title='bbox 728 3982 903 4035; x_wconf 85' lang='lat' dir='ltr'>fuisse</span> <span class='ocrx_word' id='word_1_410' title='bbox 949 3983 1168 4047; x_wconf 88' lang='lat' dir='ltr'>dicunt,</span> <span class='ocrx_word' id='word_1_411' title='bbox 1213 3983 1329 4037; x_wconf 89' lang='lat' dir='ltr'>imo</span> <span class='ocrx_word' id='word_1_412' title='bbox 1376 3982 1645 4037; x_wconf 88' lang='lat' dir='ltr'>nonnulli</span> 
     </span>
    </p>
   </div>
   <div class='ocr_carea' id='block_1_11' title="bbox 1702 2886 2985 4031">
    <p class='ocr_par' dir='ltr' id='par_1_11' title="bbox 1702 2886 2985 4031">
     <span class='ocr_line' id='line_1_55' title="bbox 1702 2886 2985 2964; baseline -0.002 -19"><span class='ocrx_word' id='word_1_413' title='bbox 1702 2888 1880 2946; x_wconf 89' lang='lat' dir='ltr'>debet</span> <span class='ocrx_word' id='word_1_414' title='bbox 1925 2888 2017 2945; x_wconf 92' lang='lat' dir='ltr'>illi</span> <span class='ocrx_word' id='word_1_415' title='bbox 2062 2889 2350 2964; x_wconf 86' lang='lat' dir='ltr'>temporis</span> <span class='ocrx_word' id='word_1_416' title='bbox 2396 2888 2568 2962; x_wconf 88' lang='lat' dir='ltr'>lapsu</span> <span class='ocrx_word' id='word_1_417' title='bbox 2610 2886 2759 2944; x_wconf 88' lang='lat' dir='ltr'>alias</span> <span class='ocrx_word' id='word_1_418' title='bbox 2805 2889 2985 2960; x_wconf 83' lang='lat' dir='ltr'>atque</span> 
     </span>
     <span class='ocr_line' id='line_1_56' title="bbox 1702 2975 2982 3050; baseline -0.003 -15"><span class='ocrx_word' id='word_1_419' title='bbox 1702 2977 1850 3035; x_wconf 86' lang='lat' dir='ltr'>alias</span> <span class='ocrx_word' id='word_1_420' title='bbox 1871 2975 2054 3035; x_wconf 83' lang='lat' dir='ltr'>factas</span> <span class='ocrx_word' id='word_1_421' title='bbox 2074 2995 2204 3035; x_wconf 87' lang='grc'><strong>6336</strong></span> <span class='ocrx_word' id='word_1_422' title='bbox 2225 2976 2575 3044; x_wconf 78' lang='lat' dir='ltr'>additioneS,</span> <span class='ocrx_word' id='word_1_423' title='bbox 2610 2975 2810 3050; x_wconf 88' lang='lat' dir='ltr'>aliqua</span> <span class='ocrx_word' id='word_1_424' title='bbox 2834 2993 2982 3049; x_wconf 89' lang='lat' dir='ltr'>quo—</span> 
     </span>
     <span class='ocr_line' id='line_1_57' title="bbox 1704 3062 2983 3142; baseline -0.004 -19"><span class='ocrx_word' id='word_1_425' title='bbox 1704 3084 1821 3140; x_wconf 90' lang='lat' dir='ltr'>que</span> <span class='ocrx_word' id='word_1_426' title='bbox 1838 3064 2023 3124; x_wconf 85' lang='lat' dir='ltr'>fuisse</span> <span class='ocrx_word' id='word_1_427' title='bbox 2034 3069 2288 3124; x_wconf 86' lang='lat' dir='ltr'>mutata:</span> <span class='ocrx_word' id='word_1_428' title='bbox 2307 3083 2488 3141; x_wconf 90' lang='lat' dir='ltr'>quare</span> <span class='ocrx_word' id='word_1_429' title='bbox 2501 3062 2983 3142; x_wconf 85' lang='lat' dir='ltr'>GregoriusXIII‚</span> 
     </span>
     <span class='ocr_line' id='line_1_58' title="bbox 1703 3152 2985 3231; baseline -0.002 -18"><span class='ocrx_word' id='word_1_430' title='bbox 1703 3154 1858 3214; x_wconf 89' lang='lat' dir='ltr'>card.</span> <span class='ocrx_word' id='word_1_431' title='bbox 1912 3154 2192 3213; x_wconf 89' lang='lat' dir='ltr'>Sirletum</span> <span class='ocrx_word' id='word_1_432' title='bbox 2236 3155 2423 3231; x_wconf 86' lang='lat' dir='ltr'>jussit</span> <span class='ocrx_word' id='word_1_433' title='bbox 2472 3153 2620 3212; x_wconf 87' lang='lat' dir='ltr'>illud</span> <span class='ocrx_word' id='word_1_434' title='bbox 2677 3152 2985 3211; x_wconf 86' lang='lat' dir='ltr'>emendare</span> 
     </span>
     <span class='ocr_line' id='line_1_59' title="bbox 1703 3242 2983 3319; baseline -0.002 -18"><span class='ocrx_word' id='word_1_435' title='bbox 1703 3247 1883 3319; x_wconf 87' lang='lat' dir='ltr'>atque</span> <span class='ocrx_word' id='word_1_436' title='bbox 1903 3246 2236 3312; x_wconf 72' lang='lat' dir='ltr'>retractare,</span> <span class='ocrx_word' id='word_1_437' title='bbox 2266 3247 2328 3302; x_wconf 89' lang='lat' dir='ltr'>et</span> <span class='ocrx_word' id='word_1_438' title='bbox 2347 3245 2430 3301; x_wconf 88' lang='lat' dir='ltr'>ita</span> <span class='ocrx_word' id='word_1_439' title='bbox 2447 3242 2825 3301; x_wconf 88' lang='lat' dir='ltr'>emendatum</span> <span class='ocrx_word' id='word_1_440' title='bbox 2849 3259 2983 3316; x_wconf 87' lang='lat' dir='ltr'>pro-</span> 
     </span>
     <span class='ocr_line' id='line_1_60' title="bbox 1704 3331 2982 3407; baseline -0.002 -18"><span class='ocrx_word' id='word_1_441' title='bbox 1704 3332 1820 3390; x_wconf 90' lang='lat' dir='ltr'>diit</span> <span class='ocrx_word' id='word_1_442' title='bbox 1851 3333 2066 3391; x_wconf 87' lang='lat' dir='ltr'>Romae</span> <span class='ocrx_word' id='word_1_443' title='bbox 2109 3342 2270 3395; x_wconf 77' lang='lat'>1583</span> <span class='ocrx_word' id='word_1_444' title='bbox 2307 3333 2660 3407; x_wconf 86' lang='lat' dir='ltr'>inscriptum</span> <span class='ocrx_word' id='word_1_445' title='bbox 2690 3331 2982 3405; x_wconf 77' lang='lat' dir='ltr'>Martyro—</span> 
     </span>
     <span class='ocr_line' id='line_1_61' title="bbox 1704 3419 2983 3498; baseline -0.002 -20"><span class='ocrx_word' id='word_1_446' title='bbox 1704 3423 1918 3498; x_wconf 76' lang='lat' dir='ltr'>loqium</span> <span class='ocrx_word' id='word_1_447' title='bbox 1950 3440 2274 3496; x_wconf 81' lang='lat' dir='ltr'>romanum,</span> <span class='ocrx_word' id='word_1_448' title='bbox 2326 3421 2485 3496; x_wconf 86' lang='lat' dir='ltr'>quod</span> <span class='ocrx_word' id='word_1_449' title='bbox 2526 3420 2738 3478; x_wconf 87' lang='lat' dir='ltr'>deinde</span> <span class='ocrx_word' id='word_1_450' title='bbox 2769 3419 2983 3478; x_wconf 85' lang='lat' dir='ltr'>funda-</span> 
     </span>
     <span class='ocr_line' id='line_1_62' title="bbox 1705 3507 2984 3585; baseline -0.002 -18"><span class='ocrx_word' id='word_1_451' title='bbox 1705 3510 1889 3569; x_wconf 90' lang='lat' dir='ltr'>menti</span> <span class='ocrx_word' id='word_1_452' title='bbox 1951 3510 2143 3568; x_wconf 81' lang='lat' dir='ltr'>instar</span> <span class='ocrx_word' id='word_1_453' title='bbox 2203 3510 2322 3569; x_wconf 87' lang='lat' dir='ltr'>fuit</span> <span class='ocrx_word' id='word_1_454' title='bbox 2381 3510 2521 3569; x_wconf 89' lang='lat' dir='ltr'>novi</span> <span class='ocrx_word' id='word_1_455' title='bbox 2573 3507 2984 3585; x_wconf 84' lang='lat' dir='ltr'>Martyrologii</span> 
     </span>
     <span class='ocr_line' id='line_1_63' title="bbox 1704 3598 2984 3674; baseline -0.002 -17"><span class='ocrx_word' id='word_1_456' title='bbox 1704 3600 1932 3658; x_wconf 89' lang='lat' dir='ltr'>romani</span> <span class='ocrx_word' id='word_1_457' title='bbox 1964 3619 1996 3657; x_wconf 87' lang='lat' dir='ltr'>a</span> <span class='ocrx_word' id='word_1_458' title='bbox 2016 3599 2266 3658; x_wconf 89' lang='lat' dir='ltr'>Baronio</span> <span class='ocrx_word' id='word_1_459' title='bbox 2287 3599 2586 3659; x_wconf 78' lang='lat' dir='ltr'>elaborati.</span> <span class='ocrx_word' id='word_1_460' title='bbox 2639 3598 2984 3674; x_wconf 85' lang='lat' dir='ltr'>Saepissime</span> 
     </span>
     <span class='ocr_line' id='line_1_64' title="bbox 1709 3684 2982 3769; baseline -0.002 -23"><span class='ocrx_word' id='word_1_461' title='bbox 1709 3684 2027 3769; x_wconf 81' lang='lat' dir='ltr'>prodiit2);</span> <span class='ocrx_word' id='word_1_462' title='bbox 2075 3707 2207 3747; x_wconf 89' lang='lat' dir='ltr'>cum</span> <span class='ocrx_word' id='word_1_463' title='bbox 2255 3688 2659 3747; x_wconf 87' lang='lat' dir='ltr'>additionibus</span> <span class='ocrx_word' id='word_1_464' title='bbox 2707 3691 2769 3745; x_wconf 91' lang='lat' dir='ltr'>et</span> <span class='ocrx_word' id='word_1_465' title='bbox 2800 3705 2982 3745; x_wconf 89' lang='lat' dir='ltr'>anno—</span> 
     </span>
     <span class='ocr_line' id='line_1_65' title="bbox 1704 3776 2984 3854; baseline -0.002 -20"><span class='ocrx_word' id='word_1_466' title='bbox 1704 3777 2033 3836; x_wconf 76' lang='lat' dir='ltr'>tationibus</span> <span class='ocrx_word' id='word_1_467' title='bbox 2077 3796 2293 3854; x_wconf 88' lang='lat' dir='ltr'>magna</span> <span class='ocrx_word' id='word_1_468' title='bbox 2337 3776 2652 3854; x_wconf 87' lang='lat' dir='ltr'>diligentia</span> <span class='ocrx_word' id='word_1_469' title='bbox 2696 3777 2787 3838; x_wconf 87' lang='lat' dir='ltr'>J0.</span> <span class='ocrx_word' id='word_1_470' title='bbox 2833 3776 2984 3833; x_wconf 83' lang='lat' dir='ltr'>Mo-</span> 
     </span>
     <span class='ocr_line' id='line_1_66' title="bbox 1704 3865 2981 3937; baseline 0.002 -14"><span class='ocrx_word' id='word_1_471' title='bbox 1704 3865 1897 3936; x_wconf 89' lang='lat' dir='ltr'>lani‚</span> <span class='ocrx_word' id='word_1_472' title='bbox 1936 3867 2179 3924; x_wconf 84' lang='lat' dir='ltr'>Lovanii</span> <span class='ocrx_word' id='word_1_473' title='bbox 2220 3876 2416 3937; x_wconf 80' lang='lat'>15683</span> <span class='ocrx_word' id='word_1_474' title='bbox 2474 3876 2670 3936; x_wconf 77' lang='lat'>15733</span> <span class='ocrx_word' id='word_1_475' title='bbox 2718 3884 2860 3923; x_wconf 87' lang='lat' dir='ltr'>cura</span> <span class='ocrx_word' id='word_1_476' title='bbox 2891 3865 2981 3926; x_wconf 83' lang='lat' dir='ltr'>J0.</span> 
     </span>
     <span class='ocr_line' id='line_1_67' title="bbox 1706 3955 2982 4031; baseline -0.001 -19"><span class='ocrx_word' id='word_1_477' title='bbox 1706 3955 2051 4026; x_wconf 78' lang='lat' dir='ltr'>HesseIS,</span> <span class='ocrx_word' id='word_1_478' title='bbox 2102 3956 2207 4031; x_wconf 90' lang='lat' dir='ltr'>qui</span> <span class='ocrx_word' id='word_1_479' title='bbox 2245 3956 2425 4030; x_wconf 88' lang='lat' dir='ltr'>jussu</span> <span class='ocrx_word' id='word_1_480' title='bbox 2471 3955 2666 4013; x_wconf 88' lang='lat' dir='ltr'>curiae</span> <span class='ocrx_word' id='word_1_481' title='bbox 2707 3973 2982 4012; x_wconf 88' lang='lat' dir='ltr'>romanae</span> 
     </span>
    </p>
   </div>
   <div class='ocr_carea' id='block_1_12' title="bbox 358 4051 1715 4124">
    <p class='ocr_par' dir='ltr' id='par_1_12' title="bbox 358 4051 1715 4124">
     <span class='ocr_line' id='line_1_68' title="bbox 358 4051 1715 4124; baseline 0.001 -19"><span class='ocrx_word' id='word_1_482' title='bbox 358 4051 675 4121; x_wconf 81' lang='lat' dir='ltr'>presbyteri</span> <span class='ocrx_word' id='word_1_483' title='bbox 701 4051 873 4106; x_wconf 86' lang='lat' dir='ltr'>titulo</span> <span class='ocrx_word' id='word_1_484' title='bbox 890 4058 1113 4118; x_wconf 86' lang='lat' dir='ltr'>ornant,</span> <span class='ocrx_word' id='word_1_485' title='bbox 1141 4055 1244 4123; x_wconf 86' lang='lat' dir='ltr'>qui</span> <span class='ocrx_word' id='word_1_486' title='bbox 1261 4055 1556 4124; x_wconf 81' lang='lat' dir='ltr'>scripserit</span> <span class='ocrx_word' id='word_1_487' title='bbox 1573 4058 1643 4108; x_wconf 89' lang='lat' dir='ltr'>tr.</span> <span class='ocrx_word' id='word_1_488' title='bbox 1707 4081 1715 4085; x_wconf 62' lang='lat'>&gt;</span> 
     </span>
    </p>
   </div>
   <div class='ocr_carea' id='block_1_13' title="bbox 352 4126 1644 4834">
    <p class='ocr_par' dir='ltr' id='par_1_13' title="bbox 353 4126 1644 4550">
     <span class='ocr_line' id='line_1_69' title="bbox 354 4126 1644 4194; baseline 0.003 -17"><span class='ocrx_word' id='word_1_489' title='bbox 354 4127 421 4178; x_wconf 77' lang='lat' dir='ltr'>de</span> <span class='ocrx_word' id='word_1_490' title='bbox 429 4127 654 4191; x_wconf 74' lang='lat' dir='ltr'>juribus</span> <span class='ocrx_word' id='word_1_491' title='bbox 679 4133 726 4178; x_wconf 76' lang='lat' dir='ltr'>et</span> <span class='ocrx_word' id='word_1_492' title='bbox 746 4129 1039 4193; x_wconf 73' lang='lat' dir='ltr'>prim&#39;leyia&#39;s</span> <span class='ocrx_word' id='word_1_493' title='bbox 1056 4131 1441 4194; x_wconf 75' lang='lat' dir='ltr'>imperatorum</span> <span class='ocrx_word' id='word_1_494' title='bbox 1462 4126 1522 4182; x_wconf 90' lang='lat' dir='ltr'>in</span> <span class='ocrx_word' id='word_1_495' title='bbox 1545 4127 1644 4181; x_wconf 89' lang='lat' dir='ltr'>im-</span> 
     </span>
     <span class='ocr_line' id='line_1_70' title="bbox 356 4194 1643 4268; baseline 0.001 -20"><span class='ocrx_word' id='word_1_496' title='bbox 356 4194 515 4263; x_wconf 88' lang='lat' dir='ltr'>perio</span> <span class='ocrx_word' id='word_1_497' title='bbox 543 4211 778 4248; x_wconf 81' lang='lat' dir='ltr'>romano</span> <span class='ocrx_word' id='word_1_498' title='bbox 806 4195 882 4266; x_wconf 85' lang='lat' dir='ltr'>(M</span> <span class='ocrx_word' id='word_1_499' title='bbox 900 4196 919 4248; x_wconf 90' lang='lat' dir='ltr'>i</span> <span class='ocrx_word' id='word_1_500' title='bbox 937 4217 974 4264; x_wconf 79' lang='lat' dir='ltr'>g</span> <span class='ocrx_word' id='word_1_501' title='bbox 992 4214 1074 4251; x_wconf 86' lang='lat' dir='ltr'>ne</span> <span class='ocrx_word' id='word_1_502' title='bbox 1103 4197 1343 4261; x_wconf 81' lang='lat' dir='ltr'>CXXIX,</span> <span class='ocrx_word' id='word_1_503' title='bbox 1370 4203 1643 4268; x_wconf 83' lang='grc'><strong>961-968).</strong></span> 
     </span>
     <span class='ocr_line' id='line_1_71' title="bbox 356 4265 1640 4324; baseline 0.002 -6"><span class='ocrx_word' id='word_1_504' title='bbox 356 4265 464 4319; x_wconf 79' lang='lat' dir='ltr'>Sed</span> <span class='ocrx_word' id='word_1_505' title='bbox 492 4268 692 4319; x_wconf 83' lang='lat' dir='ltr'>auctor</span> <span class='ocrx_word' id='word_1_506' title='bbox 738 4266 827 4318; x_wconf 83' lang='lat' dir='ltr'>vel</span> <span class='ocrx_word' id='word_1_507' title='bbox 874 4267 1112 4321; x_wconf 88' lang='lat' dir='ltr'>fictitius</span> <span class='ocrx_word' id='word_1_508' title='bbox 1156 4271 1244 4322; x_wconf 88' lang='lat' dir='ltr'>est</span> <span class='ocrx_word' id='word_1_509' title='bbox 1288 4270 1376 4321; x_wconf 79' lang='lat' dir='ltr'>vel</span> <span class='ocrx_word' id='word_1_510' title='bbox 1424 4268 1640 4324; x_wconf 85' lang='lat' dir='ltr'>nullius</span> 
     </span>
     <span class='ocr_line' id='line_1_72' title="bbox 353 4337 1640 4407; baseline 0.002 -18"><span class='ocrx_word' id='word_1_511' title='bbox 353 4337 717 4390; x_wconf 82' lang='lat' dir='ltr'>auctoritatis</span> <span class='ocrx_word' id='word_1_512' title='bbox 743 4338 1143 4407; x_wconf 84' lang='lat' dir='ltr'>sublestaeque</span> <span class='ocrx_word' id='word_1_513' title='bbox 1172 4339 1323 4398; x_wconf 83' lang='lat' dir='ltr'>fidei,</span> <span class='ocrx_word' id='word_1_514' title='bbox 1365 4342 1431 4392; x_wconf 84' lang='lat' dir='ltr'>ut</span> <span class='ocrx_word' id='word_1_515' title='bbox 1457 4342 1640 4393; x_wconf 87' lang='lat' dir='ltr'>osten·</span> 
     </span>
     <span class='ocr_line' id='line_1_73' title="bbox 354 4406 1642 4480; baseline 0.002 -20"><span class='ocrx_word' id='word_1_516' title='bbox 354 4406 443 4461; x_wconf 86' lang='lat' dir='ltr'>dit</span> <span class='ocrx_word' id='word_1_517' title='bbox 466 4409 600 4462; x_wconf 83' lang='lat' dir='ltr'>Sch</span> <span class='ocrx_word' id='word_1_518' title='bbox 618 4415 654 4462; x_wconf 76' lang='grc' dir='ltr'>ίὶ</span> <span class='ocrx_word' id='word_1_519' title='bbox 672 4427 699 4461; x_wconf 88' lang='lat' dir='ltr'>z</span> <span class='ocrx_word' id='word_1_520' title='bbox 746 4409 805 4462; x_wconf 91' lang='lat' dir='ltr'>in</span> <span class='ocrx_word' id='word_1_521' title='bbox 834 4427 936 4463; x_wconf 89' lang='lat' dir='ltr'>suo</span> <span class='ocrx_word' id='word_1_522' title='bbox 964 4414 1266 4465; x_wconf 84' lang='lat' dir='ltr'>comment.</span> <span class='ocrx_word' id='word_1_523' title='bbox 1307 4411 1375 4463; x_wconf 89' lang='lat' dir='ltr'>de</span> <span class='ocrx_word' id='word_1_524' title='bbox 1413 4411 1642 4480; x_wconf 84' lang='lat' dir='ltr'>scriptis</span> 
     </span>
     <span class='ocr_line' id='line_1_74' title="bbox 353 4480 1207 4550; baseline 0.001 -17"><span class='ocrx_word' id='word_1_525' title='bbox 353 4481 413 4533; x_wconf 87' lang='lat' dir='ltr'>et</span> <span class='ocrx_word' id='word_1_526' title='bbox 437 4480 631 4550; x_wconf 83' lang='lat' dir='ltr'>script.</span> <span class='ocrx_word' id='word_1_527' title='bbox 659 4480 791 4534; x_wconf 77' lang='lat' dir='ltr'>hist.</span> <span class='ocrx_word' id='word_1_528' title='bbox 820 4498 876 4549; x_wconf 89' lang='lat' dir='ltr'>p.</span> <span class='ocrx_word' id='word_1_529' title='bbox 910 4487 1207 4538; x_wconf 81' lang='lat'>189—191.</span> 
     </span>
    </p>

    <p class='ocr_par' dir='ltr' id='par_1_14' title="bbox 352 4549 1640 4834">
     <span class='ocr_line' id='line_1_75' title="bbox 434 4549 1639 4621; baseline 0.002 -19"><span class='ocrx_word' id='word_1_530' title='bbox 434 4557 469 4621; x_wconf 87' lang='lat'>¹)</span> <span class='ocrx_word' id='word_1_531' title='bbox 498 4549 580 4603; x_wconf 89' lang='lat' dir='ltr'>Cf.</span> <span class='ocrx_word' id='word_1_532' title='bbox 626 4551 768 4606; x_wconf 82' lang='lat' dir='ltr'>Hist.</span> <span class='ocrx_word' id='word_1_533' title='bbox 819 4551 905 4605; x_wconf 91' lang='lat' dir='ltr'>lit.</span> <span class='ocrx_word' id='word_1_534' title='bbox 956 4552 1021 4616; x_wconf 81' lang='lat' dir='ltr'>V,</span> <span class='ocrx_word' id='word_1_535' title='bbox 1067 4556 1383 4610; x_wconf 68' lang='lat'>377—383:</span> <span class='ocrx_word' id='word_1_536' title='bbox 1430 4553 1639 4606; x_wconf 81' lang='lat' dir='ltr'>Marx</span> 
     </span>
     <span class='ocr_line' id='line_1_76' title="bbox 353 4621 1639 4693; baseline 0.006 -19"><span class='ocrx_word' id='word_1_537' title='bbox 353 4621 466 4674; x_wconf 81' lang='lat' dir='ltr'>KL.</span> <span class='ocrx_word' id='word_1_538' title='bbox 493 4622 930 4686; x_wconf 78' lang='lat' dir='ltr'>x11‚1211:P0</span> <span class='ocrx_word' id='word_1_539' title='bbox 949 4624 1194 4677; x_wconf 76' lang='lat' dir='ltr'>tthast</span> <span class='ocrx_word' id='word_1_540' title='bbox 1214 4630 1639 4693; x_wconf 68' lang='lat' dir='ltr'>p.1106.1343:</span> 
     </span>
     <span class='ocr_line' id='line_1_77' title="bbox 352 4693 1640 4765; baseline 0.002 -20"><span class='ocrx_word' id='word_1_541' title='bbox 352 4693 397 4745; x_wconf 76' lang='lat' dir='ltr'>E</span> <span class='ocrx_word' id='word_1_542' title='bbox 419 4694 542 4747; x_wconf 90' lang='lat' dir='ltr'>ber</span> <span class='ocrx_word' id='word_1_543' title='bbox 561 4697 599 4752; x_wconf 82' lang='lat' dir='ltr'>t,</span> <span class='ocrx_word' id='word_1_544' title='bbox 641 4693 742 4761; x_wconf 86' lang='lat' dir='ltr'>qui</span> <span class='ocrx_word' id='word_1_545' title='bbox 783 4697 1045 4748; x_wconf 85' lang='lat' dir='ltr'>accurate</span> <span class='ocrx_word' id='word_1_546' title='bbox 1086 4695 1155 4748; x_wconf 89' lang='lat' dir='ltr'>de</span> <span class='ocrx_word' id='word_1_547' title='bbox 1197 4697 1321 4764; x_wconf 80' lang='lat' dir='ltr'>ejus</span> <span class='ocrx_word' id='word_1_548' title='bbox 1347 4695 1472 4765; x_wconf 82' lang='lat' dir='ltr'>agit</span> <span class='ocrx_word' id='word_1_549' title='bbox 1499 4713 1640 4749; x_wconf 89' lang='lat' dir='ltr'>mar·</span> 
     </span>
     <span class='ocr_line' id='line_1_78' title="bbox 353 4765 1070 4834; baseline 0.001 -17"><span class='ocrx_word' id='word_1_550' title='bbox 353 4765 643 4834; x_wconf 78' lang='lat' dir='ltr'>tyrologio</span> <span class='ocrx_word' id='word_1_551' title='bbox 675 4766 740 4828; x_wconf 89' lang='lat'>11,</span> <span class='ocrx_word' id='word_1_552' title='bbox 775 4771 1070 4822; x_wconf 81' lang='lat'>185-191.</span> 
     </span>
    </p>
   </div>
   <div class='ocr_carea' id='block_1_14' title="bbox 1698 4123 2984 4822">
    <p class='ocr_par' dir='ltr' id='par_1_15' title="bbox 1699 4123 2984 4551">
     <span class='ocr_line' id='line_1_79' title="bbox 1785 4123 2984 4195; baseline -0.002 -17"><span class='ocrx_word' id='word_1_553' title='bbox 1785 4130 1819 4195; x_wconf 90' lang='lat'>¹)</span> <span class='ocrx_word' id='word_1_554' title='bbox 1853 4126 2011 4179; x_wconf 86' lang='lat' dir='ltr'>Hanc</span> <span class='ocrx_word' id='word_1_555' title='bbox 2061 4129 2460 4180; x_wconf 73' lang='lat' dir='ltr'>translationem</span> <span class='ocrx_word' id='word_1_556' title='bbox 2510 4142 2637 4179; x_wconf 83' lang='lat' dir='ltr'>cum</span> <span class='ocrx_word' id='word_1_557' title='bbox 2691 4123 2984 4177; x_wconf 84' lang='lat' dir='ltr'>miraculis</span> 
     </span>
     <span class='ocr_line' id='line_1_80' title="bbox 1701 4195 2983 4250; baseline -0.002 0"><span class='ocrx_word' id='word_1_558' title='bbox 1701 4196 1973 4250; x_wconf 84' lang='lat' dir='ltr'>describit</span> <span class='ocrx_word' id='word_1_559' title='bbox 2006 4198 2052 4249; x_wconf 86' lang='grc' dir='ltr'>Α</span> <span class='ocrx_word' id='word_1_560' title='bbox 2071 4196 2088 4249; x_wconf 90' lang='lat' dir='ltr'>i</span> <span class='ocrx_word' id='word_1_561' title='bbox 2108 4215 2161 4249; x_wconf 90' lang='lat' dir='ltr'>m</span> <span class='ocrx_word' id='word_1_562' title='bbox 2180 4213 2212 4249; x_wconf 94' lang='lat' dir='ltr'>o</span> <span class='ocrx_word' id='word_1_563' title='bbox 2231 4215 2264 4248; x_wconf 89' lang='lat' dir='ltr'>n</span> <span class='ocrx_word' id='word_1_564' title='bbox 2284 4196 2304 4248; x_wconf 89' lang='lat' dir='ltr'>i</span> <span class='ocrx_word' id='word_1_565' title='bbox 2322 4214 2357 4248; x_wconf 89' lang='lat' dir='ltr'><strong>u</strong></span> <span class='ocrx_word' id='word_1_566' title='bbox 2376 4215 2401 4249; x_wconf 89' lang='grc'><strong>3</strong></span> <span class='ocrx_word' id='word_1_567' title='bbox 2445 4195 2758 4249; x_wconf 84' lang='lat' dir='ltr'>monachus</span> <span class='ocrx_word' id='word_1_568' title='bbox 2793 4212 2834 4247; x_wconf 88' lang='grc'>3.</span> <span class='ocrx_word' id='word_1_569' title='bbox 2853 4195 2983 4248; x_wconf 81' lang='lat' dir='ltr'>Ger·</span> 
     </span>
     <span class='ocr_line' id='line_1_81' title="bbox 1702 4265 2980 4336; baseline -0.002 -15"><span class='ocrx_word' id='word_1_570' title='bbox 1702 4268 1858 4321; x_wconf 85' lang='lat' dir='ltr'>mani</span> <span class='ocrx_word' id='word_1_571' title='bbox 1883 4286 1917 4321; x_wconf 90' lang='lat' dir='ltr'>a</span> <span class='ocrx_word' id='word_1_572' title='bbox 1943 4267 2129 4321; x_wconf 82' lang='lat' dir='ltr'>Pratis</span> <span class='ocrx_word' id='word_1_573' title='bbox 2156 4271 2201 4336; x_wconf 83' lang='lat'>(†</span> <span class='ocrx_word' id='word_1_574' title='bbox 2222 4271 2376 4334; x_wconf 85' lang='grc'><strong>889);</strong></span> <span class='ocrx_word' id='word_1_575' title='bbox 2406 4284 2580 4334; x_wconf 85' lang='lat' dir='ltr'>quam</span> <span class='ocrx_word' id='word_1_576' title='bbox 2597 4265 2980 4319; x_wconf 86' lang='lat' dir='ltr'>narrationem</span> 
     </span>
     <span class='ocr_line' id='line_1_82' title="bbox 1702 4336 2981 4402; baseline 0.002 -11"><span class='ocrx_word' id='word_1_577' title='bbox 1702 4339 1876 4393; x_wconf 84' lang='lat' dir='ltr'>habes</span> <span class='ocrx_word' id='word_1_578' title='bbox 1922 4338 1983 4392; x_wconf 90' lang='lat' dir='ltr'>in</span> <span class='ocrx_word' id='word_1_579' title='bbox 2012 4341 2137 4392; x_wconf 87' lang='lat' dir='ltr'>Act.</span> <span class='ocrx_word' id='word_1_580' title='bbox 2165 4339 2257 4392; x_wconf 74' lang='lat' dir='ltr'>SS.</span> <span class='ocrx_word' id='word_1_581' title='bbox 2287 4345 2375 4396; x_wconf 81' lang='lat'>27.</span> <span class='ocrx_word' id='word_1_582' title='bbox 2400 4338 2516 4391; x_wconf 82' lang='lat' dir='ltr'>Jul.</span> <span class='ocrx_word' id='word_1_583' title='bbox 2547 4336 2638 4402; x_wconf 88' lang='lat' dir='ltr'>Vl,</span> <span class='ocrx_word' id='word_1_584' title='bbox 2667 4343 2981 4394; x_wconf 79' lang='lat'>459—469:</span> 
     </span>
     <span class='ocr_line' id='line_1_83' title="bbox 1699 4408 2982 4472; baseline 0 -10"><span class='ocrx_word' id='word_1_585' title='bbox 1699 4411 1761 4462; x_wconf 87' lang='lat' dir='ltr'>in</span> <span class='ocrx_word' id='word_1_586' title='bbox 1809 4411 1966 4464; x_wconf 81' lang='lat' dir='ltr'>Actis</span> <span class='ocrx_word' id='word_1_587' title='bbox 2013 4408 2461 4465; x_wconf 83' lang='lat' dir='ltr'>Mabillonii</span> <span class='ocrx_word' id='word_1_588' title='bbox 2510 4411 2598 4468; x_wconf 82' lang='lat' dir='ltr'>IV,</span> <span class='ocrx_word' id='word_1_589' title='bbox 2643 4417 2691 4472; x_wconf 75' lang='lat'>2,</span> <span class='ocrx_word' id='word_1_590' title='bbox 2739 4419 2860 4464; x_wconf 75' lang='lat'>45—-</span> <span class='ocrx_word' id='word_1_591' title='bbox 2884 4419 2982 4463; x_wconf 74' lang='lat'>58:</span> 
     </span>
     <span class='ocr_line' id='line_1_84' title="bbox 1699 4481 2469 4551; baseline 0 -18"><span class='ocrx_word' id='word_1_592' title='bbox 1699 4481 1756 4533; x_wconf 82' lang='lat' dir='ltr'>M</span> <span class='ocrx_word' id='word_1_593' title='bbox 1776 4482 1849 4551; x_wconf 84' lang='lat' dir='ltr'>ig</span> <span class='ocrx_word' id='word_1_594' title='bbox 1867 4500 1903 4533; x_wconf 83' lang='lat' dir='ltr'>n</span> <span class='ocrx_word' id='word_1_595' title='bbox 1920 4498 1949 4534; x_wconf 78' lang='lat' dir='ltr'>e</span> <span class='ocrx_word' id='word_1_596' title='bbox 1977 4481 2140 4544; x_wconf 72' lang='lat' dir='ltr'>CXV,</span> <span class='ocrx_word' id='word_1_597' title='bbox 2168 4486 2272 4537; x_wconf 85' lang='lat'>939</span> <span class='ocrx_word' id='word_1_598' title='bbox 2288 4489 2469 4537; x_wconf 79' lang='lat'>-960.</span> 
     </span>
    </p>

    <p class='ocr_par' dir='ltr' id='par_1_16' title="bbox 1698 4551 2984 4822">
     <span class='ocr_line' id='line_1_85' title="bbox 1774 4551 2984 4623; baseline -0.002 -16"><span class='ocrx_word' id='word_1_599' title='bbox 1774 4563 1814 4622; x_wconf 49' lang='grc' dir='ltr'>ἦ)</span> <span class='ocrx_word' id='word_1_600' title='bbox 1844 4553 2058 4607; x_wconf 86' lang='lat' dir='ltr'>Harum</span> <span class='ocrx_word' id='word_1_601' title='bbox 2110 4553 2198 4606; x_wconf 87' lang='lat' dir='ltr'>ed.</span> <span class='ocrx_word' id='word_1_602' title='bbox 2249 4555 2358 4623; x_wconf 76' lang='lat'>(41)</span> <span class='ocrx_word' id='word_1_603' title='bbox 2409 4553 2709 4606; x_wconf 84' lang='lat' dir='ltr'>elenchum</span> <span class='ocrx_word' id='word_1_604' title='bbox 2750 4551 2984 4605; x_wconf 86' lang='lat' dir='ltr'>exhibet</span> 
     </span>
     <span class='ocr_line' id='line_1_86' title="bbox 1701 4623 2981 4694; baseline 0 -19"><span class='ocrx_word' id='word_1_605' title='bbox 1701 4624 1804 4683; x_wconf 87' lang='lat' dir='ltr'>lld.</span> <span class='ocrx_word' id='word_1_606' title='bbox 1837 4624 2064 4678; x_wconf 88' lang='lat' dir='ltr'>Veith</span> <span class='ocrx_word' id='word_1_607' title='bbox 2113 4623 2385 4694; x_wconf 67' lang='lat' dir='ltr'>hist-pol.</span> <span class='ocrx_word' id='word_1_608' title='bbox 2430 4624 2515 4677; x_wconf 92' lang='lat' dir='ltr'>Bl.</span> <span class='ocrx_word' id='word_1_609' title='bbox 2565 4628 2714 4680; x_wconf 80' lang='lat'>1896.</span> <span class='ocrx_word' id='word_1_610' title='bbox 2761 4623 2981 4686; x_wconf 84' lang='lat' dir='ltr'>CXVII,</span> 
     </span>
     <span class='ocr_line' id='line_1_87' title="bbox 1704 4695 2982 4764; baseline -0.002 -14"><span class='ocrx_word' id='word_1_611' title='bbox 1704 4703 1820 4750; x_wconf 84' lang='grc'><strong>181.</strong></span> <span class='ocrx_word' id='word_1_612' title='bbox 1884 4712 2053 4763; x_wconf 82' lang='lat' dir='ltr'>quern</span> <span class='ocrx_word' id='word_1_613' title='bbox 2081 4697 2149 4749; x_wconf 84' lang='lat' dir='ltr'>ef.</span> <span class='ocrx_word' id='word_1_614' title='bbox 2204 4715 2258 4764; x_wconf 81' lang='lat' dir='ltr'>p.</span> <span class='ocrx_word' id='word_1_615' title='bbox 2311 4702 2414 4752; x_wconf 75' lang='lat'>469</span> <span class='ocrx_word' id='word_1_616' title='bbox 2479 4715 2546 4751; x_wconf 81' lang='grc'>33.</span> <span class='ocrx_word' id='word_1_617' title='bbox 2598 4696 2667 4748; x_wconf 87' lang='lat' dir='ltr'>de</span> <span class='ocrx_word' id='word_1_618' title='bbox 2731 4695 2982 4748; x_wconf 86' lang='lat' dir='ltr'>editione</span> 
     </span>
     <span class='ocr_line' id='line_1_88' title="bbox 1698 4766 1989 4822; baseline 0.01 -4"><span class='ocrx_word' id='word_1_619' title='bbox 1698 4766 1989 4822; x_wconf 59' lang='lat' dir='ltr'>SirletL</span> 
     </span>
    </p>
   </div>
  </div>
 </body>
</html>
