3505 5161
559 239 675 292 811

556 406 920 484 aggreditur,
954 407 1154 465 citatis
1188 423 1420 481 semper
1439 404 1596 465 Scoti
1617 402 1834 474 verbis,

555 496 621 554 in
665 514 757 571 op.
803 496 871 554 de
920 495 1445 575 praedestinatione
1494 496 1698 552 contra
1741 491 1836 551 Jo.

556 589 640 646 Sc
659 587 870 643 otum
900 587 1289 662 cognomento
1319 583 1635 660 Erigonam
1667 581 1834 642 seul.

553 674 644 737 J0.
679 673 839 732 Scoti
869 677 1165 733 correctus
1210 692 1245 731 a
1284 671 1612 731 Prudentio
1645 670 1770 729 sive
1802 688 1836 728 a

554 763 765 822 ceteris
799 762 1070 839 patribus
1104 757 1505 842 (praesertim)
1555 760 1836 819 videlicet

554 872 588 909 a
619 851 917 930 GregoriO,
963 852 1341 927 HieronymO,
1385 850 1707 928 Fulgentio
1743 851 1833 907 at-

552 960 669 1017 que
702 941 1056 1017 AugustinO,
1104 940 1193 999 ed.
1238 960 1274 999 a
1316 939 1691 1016 Mauguin
1740 956 1833 1013 op.

552 1031 651 1089 cit.
683 1029 729 1100 I,
775 1039 1149 1100 191—5623
1183 1029 1246 1088 in
1265 1029 1410 1090 bibl.
1432 1029 1543 1091 ΡΡ.
1564 1029 1687 1105 lug.
1708 1027 1830 1096 XV,

554 1128 923 1183 467—592.
1016 1117 1343 1193 Subjicitur
1415 1118 1482 1176 in
1542 1119 1830 1176 lectorum

551 1208 879 1267 utilitatem
912 1208 1213 1267 succincta
1242 1207 1438 1284 operis
1471 1206 1829 1282 recapitula-

553 1297 657 1368 ti0,
691 1297 755 1355 iu
789 1315 907 1372 qua
936 1300 1171 1357 revocat
1200 1296 1361 1357 Scoti
1391 1314 1618 1356 errores
1651 1295 1724 1354 ad
1750 1305 1827 1357 77

554 1386 830 1462 capitula.
865 1386 1144 1461 Epistola,
1182 1405 1332 1461 quae
1353 1386 1514 1445 dicta
1532 1388 1626 1443 est
1652 1386 1831 1444 Trac-

552 1477 708 1534 toria
738 1474 812 1535 ad
834 1475 1200 1545 Venilonem,
1224 1494 1403 1550 quam
1422 1493 1527 1550 per
1544 1474 1831 1533 vicarium

551 1564 717 1622 misit
767 1559 951 1647 (856)
1002 1565 1072 1622 ad
1122 1565 1553 1624 ordinationem
1600 1566 1832 1623 Aeneae

551 1653 907 1729 parisiensis,
942 1671 1076 1711 cum
1097 1654 1227 1729 ipse
1245 1653 1447 1712 adesse
1467 1670 1587 1710 non
1606 1654 1825 1727 posset,

550 1762 671 1818 qua
699 1741 980 1819 proponit
1008 1746 1268 1817 quatuor
1300 1742 1574 1818 capitula,
1607 1741 1830 1816 quibus

550 1832 918 1908 exprimatur
948 1831 1215 1891 doctrina
1234 1831 1525 1890 catholica
1542 1830 1829 1889 adversus

550 1920 875 1997 Pelagium,
910 1923 1118 1979 contra
1148 1920 1408 1996 capitula
1437 1919 1518 1978 IV
1552 1938 1707 1980 conc.
1733 1937 1828 1978 ca-

550 2008 747 2068 risiaci
776 2029 826 2071 a.
861 2018 1006 2079 853,
1054 2028 1206 2085 quae
1251 2010 1381 2085 ipse
1431 2009 1646 2068 timore
1677 2009 1829 2067 forte

549 2098 922 2157 reverentiali
958 2098 1315 2171 perterritus
1373 2098 1827 2174 subscripserat.

550 2219 634 2229 --
671 2188 873 2245 Sermo
935 2187 1005 2244 de
1066 2189 1180 2245 vita
1226 2194 1276 2244 et
1321 2194 1498 2247 morte
1537 2187 1829 2264 gloriosae

551 2274 803 2351 virginis
854 2275 1121 2346 Maurae,
1185 2294 1337 2350 quae
1384 2280 1623 2336 mortua
1682 2278 1829 2334 tunc

549 2367 677 2422 erat
707 2384 756 2426 a.
788 2365 997 2424 aetatis
1021 2373 1120 2434 23,
1154 2364 1218 2423 in
1238 2384 1355 2441 quo
1375 2366 1599 2424 mentio
1620 2382 1826 2424 occur-

548 2454 629 2511 rit
659 2453 1062 2524 confessionis,
1109 2458 1400 2513 extremae
1435 2454 1736 2513 unctionis
1767 2455 1830 2511 et

547 2542 954 2606 eucharistiae.
1017 2545 1276 2603 Annales
1337 2543 1462 2602 sive
1516 2542 1824 2603 annalium

545 2633 1029 2692 Bertinianorum
1048 2652 1184 2709 pars
1206 2633 1462 2692 secunda
1491 2632 1566 2692 ab
1597 2653 1646 2693 a.
1669 2642 1825 2696 835-

549 2731 697 2793 861,
750 2722 907 2798 apud
957 2723 1181 2781 Pertz
1226 2723 1486 2781 Monum.
1534 2723 1728 2784 Germ.
1776 2722 1822 2790 I,

547 2820 916 2874 429—452.
978 2811 1115 2871 Non
1158 2811 1379 2870 desunt
1422 2811 1681 2886 quidem,
1715 2809 1824 2886 qui

543 2899 869 2960 concedant
934 2900 1328 2959 Prudentium
1404 2900 1824 2975 conscripsisse

544 2990 821 3058 AnnaleS,
857 2989 962 3048 hos
994 2995 1212 3055 tamen,
1266 2990 1372 3064 qui
1418 2990 1471 3047 ei
1504 2989 1693 3047 tribui
1727 3007 1820 3047 so-

543 3077 686 3147 lent,
734 3096 856 3136 non
901 3097 1026 3137 esse
1071 3079 1278 3152 ipsius,
1325 3111 1410 3122 —
1443 3078 1824 3154 Florileqium

543 3185 612 3225 ex
646 3185 691 3228 s,
725 3167 1030 3242 Scriptura
1061 3167 1127 3229 V.
1161 3171 1222 3225 et
1252 3166 1326 3229 N.
1346 3167 1406 3229 Τ.
1440 3167 1512 3225 ad
1545 3167 1821 3225 imbuen-

542 3256 645 3314 dos
678 3256 741 3313 in
772 3255 888 3313 fide
933 3259 994 3315 et
1040 3256 1304 3315 moribus
1352 3274 1470 3326 ece,
1518 3256 1623 3331 qui
1665 3255 1820 3314 ordi·

541 3344 723 3403 nandi
748 3348 892 3403 sunt
911 3345 1198 3415 homineS,
1220 3344 1726 3403 accommodatum
1746 3344 1819 3402 ad

539 3435 729 3491 instar
759 3434 972 3492 florum
990 3435 1353 3509 psalmorum
1385 3433 1474 3492 ed.
1508 3453 1542 3491 a
1574 3433 1713 3491 Tro
1732 3453 1820 3491 m-

540 3522 740 3580 belli
798 3523 958 3580 inter
1018 3526 1134 3580 vet.
1198 3523 1307 3581 PP.
1372 3541 1466 3597 op.
1518 3522 1820 3582 Bononiae

552 3619 732 3673 1755.
794 3611 953 3669 Haec
997 3611 1198 3670 omnia
1242 3630 1378 3670 cum
1422 3611 1714 3686 excerptis
1748 3629 1819 3668 ex

539 3699 864 3776 pontificali
895 3703 956 3758 et
987 3701 1342 3775 quibusdam
1390 3700 1522 3759 aliis
1556 3699 1818 3774 reperies

539 3789 602 3846 in
652 3787 901 3864 Migne
952 3789 1013 3847 P.
1047 3789 1109 3849 L.
1174 3789 1335 3858 CXV,
1404 3799 1816 3853 965—1458.

540 3877 706 3935 Obiit
736 3878 986 3936 illustris
1018 3878 1114 3936 hic
1145 3878 1384 3954 praesul
1421 3889 1476 3940 6.
1502 3880 1643 3952 Apr.
1667 3889 1815 3947 861,

538 3967 601 4024 in
632 3966 850 4027 diocesi
883 3968 1138 4026 trecensi
1171 3967 1498 4026 honoratus
1545 3970 1617 4025 ut
1648 3985 1816 4024 sanc-

537 4060 641 4115 tus
656 4056 719 4135 ¹).

625 4174 772 4226 445.
804 4166 1083 4224 Servatus
1116 4164 1374 4239 Lupus
1417 4163 1483 4224 O.
1516 4163 1573 4225 S.
1604 4164 1670 4224 B.
1716 4181 1817 4221 na-

536 4256 636 4310 tus
671 4252 912 4312 videtur
944 4273 990 4316 c.
1022 4273 1071 4314 a.
1109 4262 1232 4315 805
1279 4252 1371 4311 vel
1406 4262 1550 4316 806.
1612 4252 1817 4310 Mona-

615 4428 649 4493 ι)
679 4425 761 4477 (tf.
808 4422 1053 4477 Histoire
1094 4422 1178 4477 lit.
1222 4423 1287 4486 V,
1330 4426 1642 4478 240—255:
1689 4422 1817 4475 Nic.

537 4494 914 4551 Antonius
959 4493 1107 4548 Bibl.
1150 4492 1298 4563 hisp.
1339 4496 1449 4547 vet.
1491 4492 1528 4546 l.
1570 4493 1808 4549 vic-11

535 4566 709 4654 φρικὶ
752 4565 1000 4636 Migne
1041 4565 1074 4621 l.
1114 4584 1159 4620 c.
1196 4583 1234 4634 p

535 4637 627 4689 bS.
658 4638 792 4706 Apr.
820 4637 862 4700 I,
905 4644 1002 4694 531
1035 4655 1135 4694 ss.;
1186 4635 1450 4690 Hefele
1499 4634 1815 4690 Concilien·
1875 4635 2030 4690 Paris
2062 4641 2196 4691 1862
2222 4635 2387 4700 in‚8;

1092 227 1191 276 851
1208 226 1392 276 -900.
1419 214 1851 273 Controversiae
1877 214 1946 269 de
1973 213 2255 284 praedest.
2283 212 2647 279 Prudentius,

3045 230 3174 281 812

1890 404 2036 462 chus
2086 406 2213 461 erat
2260 401 2608 463 monasterii
2669 420 2714 464 s,
2766 399 2947 468 Petri,
3010 398 3174 474 quod

1890 492 2236 550 Bethlehem
2269 512 2376 552 seu
2392 491 2685 550 Ferrarias
2705 489 2937 559 dicitur,
2958 488 3020 546 in
3041 488 3176 547 dio-

1889 581 2009 640 cesi
2042 583 2376 640 senonensi.
2410 582 2692 639 Servatus
2709 581 2910 637 autem
2929 582 3170 654 propte·

1889 689 1989 729 rea
2019 673 2112 730 est
2143 671 2358 741 dictus,
2380 669 2541 745 quod
2557 669 2707 728 miro
2724 667 3170 726 modoamorbo

1888 760 2225 819 vehementi
2257 760 2440 820 fuerit
2471 758 2777 818 liberatus.
2810 757 2902 815 Ab
2930 755 3170 815 Aldrico

1889 849 2103 907 abbate
2133 850 2352 909 missus
2382 852 2477 908 est
2508 847 2774 917 Fuldam‚
2809 848 2879 904 ut
2911 844 3021 904 sub
3055 846 3169 903 Ra-

1889 937 2041 997 bano
2057 939 2262 998 Mauro
2281 938 2471 1016 magis
2488 937 2552 996 in
2566 937 2758 995 literis
2779 935 3164 1005 excoleretur,

1887 1031 1950 1087 et
1981 1046 2113 1086 cum
2147 1046 2266 1087 non
2297 1029 2559 1088 multum
2589 1026 2840 1085 distaret
2871 1028 3168 1083 monaste-

1888 1117 2046 1176 rium
2108 1116 2690 1194 seligenstadianum,
2756 1113 2854 1173 cui
2900 1119 3168 1190 praeerat

1888 1206 2268 1265 doctissimus
2330 1205 2724 1283 EginharduS,
2789 1204 2969 1278 hujus
3030 1202 3166 1261 iniit

1887 1294 2347 1354 familiaritatem
2411 1296 2660 1370 eiusque
2721 1292 3166 1352 conversatione

1886 1385 2215 1460 plurimum
2246 1384 2525 1461 profecit:
2568 1383 2708 1442 hinc
2738 1387 3064 1457 utrumque
3095 1385 3168 1439 ut

1889 1473 2206 1549 magistros
2238 1492 2376 1533 suos
2409 1491 2641 1549 semper
2671 1472 2879 1540 coluit,
2931 1475 3164 1529 utrum-

1885 1581 2002 1639 que
2035 1562 2106 1620 ad
2142 1562 2452 1621 scribenda
2484 1580 2663 1637 opera
2680 1560 2971 1619 incitavit.
3003 1560 3165 1617 Inter

1885 1652 2042 1711 viros
2085 1651 2354 1711 literatos
2402 1655 2463 1710 et
2507 1651 2702 1709 cultos
2750 1650 2845 1709 sui
2877 1650 3162 1724 temporis

1886 1740 2145 1804 emicuit.
2181 1741 2323 1800 Post
2354 1740 2613 1800 suumin
2634 1739 2888 1798 Galliam
2906 1738 3160 1796 reditum

1885 1831 2083 1888 favore
2131 1829 2481 1906 praesertim
2514 1828 2799 1888 Judithae
2831 1828 2972 1903 imp.
3021 1828 3160 1885 sub-

1885 1919 2142 1979 stitutus
2175 1923 2268 1978 est
2299 1919 2489 1978 Odoni
2521 1917 2741 1986 abbati,
2788 1917 2895 1993 qui
2939 1917 3014 1975 ob
3047 1917 3160 1975 cri-

1884 2008 2045 2067 mina
2076 2007 2194 2067 sibi
2223 2008 2483 2083 impacta
2513 2027 2548 2066 a
2579 2006 2784 2065 Carolo
2817 2006 2991 2065 Calvo
3024 2024 3161 2081 rege

1884 2117 1918 2155 a
1977 2097 2265 2174 regimine
2325 2097 2668 2156 monasterii
2745 2095 2865 2154 fuit
2929 2099 3160 2153 amotus

1885 2181 1959 2267 (a.
2010 2195 2167 2255 8423
2234 2182 2270 2251 †
2301 2205 2348 2245 c.
2400 2182 2574 2268 862).
2634 2185 2923 2243 Interfuit
2982 2183 3160 2241 variis

1884 2275 2166 2344 conciliis,
2184 2294 2334 2351 quae
2350 2276 2530 2334 etiam
2546 2276 2675 2351 ejus
2693 2276 2839 2333 sunt
2849 2292 2958 2332 usa
2969 2292 3158 2348 opera.

1881 2364 1973 2422 Ita
2022 2364 2085 2422 in
2135 2364 2356 2440 synodo
2405 2364 2560 2439 apud
2607 2363 2829 2422 Verum
2874 2362 3158 2438 palatium

1883 2453 2131 2530 regium,
2162 2453 2301 2512 licet
2319 2453 2548 2512 adesset
2561 2454 2936 2521 Hincmarus,
2959 2452 3158 2526 Lupus

1880 2544 2079 2602 tamen
2110 2541 2184 2601 ab
2216 2542 2496 2602 universa
2529 2542 2757 2619 synodo
2781 2544 3026 2619 rogatus
3050 2544 3156 2610 est,

1881 2637 1951 2690 ut
2011 2650 2263 2691 canones
2312 2632 2692 2691 concinnaret
2747 2629 3156 2690 decernendos,

1882 2719 1984 2797 (Cf.
2005 2722 2154 2780 Acta
2184 2740 2340 2781 conc.
2360 2742 2451 2798 ap.
2484 2722 2740 2799 Migne
2775 2720 2966 2790 CXIX,
3004 2730 3155 2782 611·
3215 2735 3224 2740 ‘

1886 2808 2011 2891 20).
2073 2813 2123 2868 A
2185 2811 2389 2870 Carolo
2437 2811 2610 2870 Calvo
2672 2810 3006 2870 destinatus
3066 2811 3158 2866 est

1879 2918 2013 2957 cum
2047 2900 2371 2960 Prudentio
2395 2901 2654 2959 trecensi
2682 2900 2754 2958 ad
2787 2898 3157 2958 reformanda

1878 2988 2260 3064 Burgundiae
2309 2990 2673 3048 monasteria
2722 2991 2784 3047 et
2831 2988 3048 3046 missus
3082 2986 3153 3044 ad

1878 3078 2130 3135 Leonem
2164 3077 2274 3147 IV„
2317 3097 2437 3152 qua
2466 3080 2666 3136 tamen
2688 3078 2760 3135 de
2781 3095 2955 3135 causa
2986 3076 3152 3152 igno-

1877 3169 2061 3223 ratur.
2125 3166 2267 3223 Cum
2314 3167 2591 3241 plurimis
2639 3166 2784 3224 viris
2817 3163 3155 3223 illustribus

1877 3254 1972 3312 sui
2019 3255 2148 3313 aevi
2199 3255 2508 3313 familiaris
2557 3255 2692 3326 fuit,
2739 3258 2812 3313 ut
2857 3255 3156 3312 testantur

1877 3339 2225 3426 (pretiosae)
2275 3345 2541 3419 ejusdem
2602 3344 2876 3419 epistolae
2919 3343 3152 3417 elegan-

1878 3431 2141 3491 tissimae
2157 3429 2223 3510 ¹).
2245 3432 2469 3491 Harum
2485 3435 2720 3492 exstant
2734 3432 2926 3491 adhuc
2946 3430 3151 3498 CXXX,

1877 3521 1940 3578 in
1974 3521 2118 3579 bibl.
2154 3523 2264 3579 ΡΡ.
2297 3541 2445 3580 max.
2477 3522 2640 3599 lugd.
2673 3524 2715 3584 t.
2749 3521 2884 3590 XV3
2935 3539 3053 3579 cur.
3085 3519 3150 3576 G.

1877 3610 2225 3669 Desdevises
2277 3611 2358 3668 du
2408 3611 2633 3680 Dezert,
2686 3609 2931 3669 Parisiis
2972 3617 3151 3672 1888.

1875 3699 2109 3758 Priores
2155 3699 2242 3760 ed.
2289 3701 2419 3764 scil.
2463 3698 2767 3776 Papirii
2817 3699 2874 3757 le
2905 3699 3150 3766 Masson,

1876 3788 2119 3846 Parisiis
2179 3799 2361 3859 1588,
2413 3807 2524 3848 rec.
2568 3789 2632 3847 in
2680 3787 2826 3850 bibl.
2859 3787 2971 3845 ΡΡ.
3003 3786 3151 3845 colo·

1873 3876 2069 3935 niensi
2129 3886 2291 3941 1618
2346 3880 2406 3936 et
2452 3876 2771 3954 parisiensi
2812 3886 2979 3939 1624
3013 3876 3152 3933 sunt

1875 3966 2222 4036 mendosae;
2270 3968 2493 4025 multae
2539 3965 2850 4025 emendate
2897 3970 2958 4023 et
2990 3965 3150 4022 chro-

1874 4054 2142 4131 nologice
2188 4054 2508 4131 dispositae
2567 4055 2956 4131 reperiuntur
2998 4051 3150 4127 apud

1873 4144 2230 4219 Bouquet
2277 4144 2408 4202 Rec.
2459 4144 2585 4214 VII,
2641 4153 2762 4206 480
2814 4161 2894 4201 ss.
2958 4141 3148 4217 Magni

1874 4232 2272 4291 aestimantur
2330 4233 2438 4291 hae
2498 4233 2707 4291 literae
2770 4232 2844 4289 ab
2900 4229 3149 4289 eruditis

1871 4323 2115 4397 propter
2144 4322 2336 4380 varias
2368 4340 2515 4397 quas
2536 4321 3018 4397 complectuntur
3046 4337 3151 4377 no-

1950 4496 1986 4549 ¹1
2016 4491 2099 4547 Cf.
2121 4492 2182 4546 B.
2210 4492 2262 4544 N
2279 4491 2299 4543 i
2316 4507 2345 4543 c
2362 4507 2393 4544 o
2410 4490 2477 4543 la
2494 4507 2519 4543 s
2547 4489 2730 4543 Etude
2751 4507 2850 4543 sur
2867 4489 2944 4543 tes
2961 4489 3151 4542 lettres

1240 4609 1252 4620 .
1281 4568 1583 4634 965—97'2)
1609 4586 1621 4623 ι
1673 4565 1817 4618 Aeta
1872 4564 1942 4618 de
1968 4566 2169 4619 Servat
2188 4564 2366 4632 Loup.
2388 4561 2566 4615 These
2588 4558 3148 4615 Clermont-Ferrand

2436 4630 2772 4702 praesertim
2799 4648 2933 4686 vero
2975 4630 3020 4684 G
3038 4629 3057 4683 i
3075 4646 3149 4696 ry

536 4707 722 4773 gesch.
754 4709 825 4759 IV
854 4717 881 4772 ᾖ
908 4715 1026 4763 446.
1054 4714 1175 4763 449.
1206 4717 1338 4764 454:
1368 4707 1462 4760 Ga
1482 4724 1576 4759 ms
1606 4706 1715 4758 KL.
1746 4708 1812 4768 X,
1873 4707 1934 4760 in
1961 4706 2108 4761 Bibl.
2135 4706 2205 4760 de
2231 4704 2437 4761 l’Ecole
2490 4704 2589 4757 des
2632 4703 2856 4756 chartes
2911 4708 3041 4759 1901
3096 4719 3149 4770 p.

539 4783 659 4829 581.

1873 4783 2185 4834 445—509:
2218 4784 2353 4833 1902
2377 4795 2433 4846 p.
2460 4781 2723 4833 69—118.
