3505 5161
515 192 637 249 783

1117 179 1415 231 851—900.
1448 175 1708 229 Schisma
1736 175 2103 233 Photianum.
2132 176 2323 231 Photii
2354 193 2542 246 opera.

2998 192 3122 248 784

509 362 721 421 deinde
753 362 818 420 iu
848 381 1038 421 unum
1070 362 1259 420 veluti
1279 380 1492 438 corpus
1513 362 1789 421 collectae
1845 361 2238 438 depromptis:
2285 363 2348 422 in
2393 363 2529 421 aliis
2562 382 2654 439 op.
2686 363 2934 422 Photius
2982 382 3122 422 con-

510 456 571 509 et
603 451 675 509 ad
709 450 1167 526 Amphilochium
1206 452 1610 513 transmissae.
1672 451 1789 509 Eae
1843 451 2161 510 troversias
2207 470 2338 510 cum
2385 451 2613 511 Latinis
2660 454 2957 529 attingere
3001 470 3121 511 non

509 540 632 599 fere
663 540 903 615 replent
918 544 962 597 t.
995 540 1061 597 CI
1086 539 1175 598 ed.
1198 540 1414 617 Migne‚
1437 540 1792 615 prodierunt
1844 540 2011 611 solet,
2044 541 2096 599 si
2125 540 2379 616 excipias
2428 543 2783 616 opusculum
2815 542 2888 600 de
2920 542 3124 600 eodem

510 630 688 688 etiam
721 629 973 688 Athenis
1002 639 1165 693 1858
1222 630 1570 704 Sequuntur
1602 629 1666 687 in
1698 629 1788 686 ed.
1846 633 2213 706 argumentO,
2247 629 2405 704 quod
2438 630 2588 689 forte
2620 630 2814 707 ipsius
2846 633 2941 689 est
2971 634 3033 689 et
3049 631 3125 689 ab

509 719 761 796 Migne
792 720 1125 796 fragmenta
1155 721 1694 777 commentariorum
1725 718 1789 777 in
1847 718 2245 778 Euthimio
2293 718 2587 796 Zigabeno
2631 739 2774 779 suae
2805 719 3125 793 Panopliae

510 808 582 866 N.
614 807 675 867 Τ.
709 803 1225 888 (1189—1255).
1258 840 1345 850 —
1376 809 1448 866 In
1478 811 1521 866 t.
1561 816 1615 870 2.
1649 825 1788 866 con·
1844 808 1961 866 fuit
1990 808 2301 868 insertum.
2364 807 2527 884 Opus
2569 807 2643 867 de
2673 827 2793 884 quo
2827 811 3060 885 agimus
3093 828 3127 865 a

509 897 785 955 tinentur
816 896 1149 974 dogmatica
1196 897 1325 954 scil.
1357 904 1557 955 contra
1592 897 1787 954 Mani·

509 987 710 1044 chaeos
742 985 803 1043 ll.
836 985 916 1044 IV
947 982 1028 1067 (p.
1075 982 1356 1065 15-264),
1405 986 1511 1061 qui
1552 984 1788 1061 prodie-

509 1082 654 1133 runt
685 1075 866 1133 etiam
898 1075 961 1133 in
984 1075 1305 1133 Anecdotis
1337 1075 1563 1152 graecis
1582 1074 1639 1136 J.
1660 1075 1790 1132 Chr.

511 1163 796 1234 Wolt'ii,
830 1163 1138 1241 Hamhurg
1176 1173 1361 1228 1722.
1409 1164 1623 1241 Magna
1652 1182 1791 1238 pars

510 1254 548 1315 1.
588 1263 639 1314 1.
691 1253 813 1311 fere
861 1253 933 1311 ad
983 1253 1233 1312 verbum
1294 1253 1593 1328 conspirat
1654 1269 1790 1309 cum

512 1342 752 1416 scriptis
782 1342 1037 1400 aliorum
1070 1346 1399 1410 auctorum,
1440 1341 1791 1417 praesertim

510 1449 646 1488 cum
678 1432 925 1490 historia
939 1432 1413 1489 Manichaeorum
1445 1432 1490 1488 P
1510 1430 1666 1488 etri
1699 1429 1792 1487 Si-

511 1519 632 1578 culi
648 1516 713 1600 ¹),
748 1538 925 1595 quem
959 1520 1339 1595 descripsisse
1372 1520 1658 1578 dicendus
1680 1524 1790 1588 est,

511 1608 656 1684 quin
687 1607 910 1667 fontem
942 1628 1050 1685 pro
1083 1628 1245 1668 more
1263 1607 1694 1667 nominaverit:
1729 1606 1789 1665 ll.

511 1716 649 1756 vero
682 1702 1001 1773 sequentes
1046 1717 1167 1757 non
1211 1699 1357 1756 satis
1401 1699 1553 1756 bene
1585 1696 1790 1755 cohae—

508 1791 646 1845 rent
675 1806 809 1847 cum
840 1788 877 1845 1.
919 1800 969 1851 1.
1003 1820 1091 1830 --
1124 1788 1208 1846 De
1229 1787 1490 1861 Spiritus
1503 1805 1548 1849 s.
1573 1792 1790 1865 mysta-

505 1879 693 1953 909ia,
757 1896 934 1951 quem
984 1877 1022 1935 1.
1053 1876 1318 1952 primum
1368 1877 1516 1934 Her
1529 1880 1796 1952 genre·-

511 1964 744 2043 therl)
790 1966 996 2034 edidit,
1045 1966 1205 2024 notis
1249 1965 1585 2023 illustravit
1614 1968 1794 2038 atque

511 2054 649 2112 crisi
681 2054 936 2129 subjecit
967 2054 1321 2112 Ratisbonae
1354 2063 1533 2123 18573
1558 2053 1647 2111 Mi
1659 2070 1796 2127 gne

511 2142 628 2211 011,
685 2152 1030 2205 263—542
1087 2138 1249 2224 (cum
1317 2142 1579 2218 ejusdem
1633 2159 1795 2199 com·-

510 2226 779 2312 pendio),
795 2249 943 2306 opus
955 2232 1340 2308 praecipuum
1357 2236 1565 2290 contra
1580 2231 1795 2306 dogma

506 2320 1792 2394 fideietdoctrinamEcclesiaeconscriptum,

507 2410 571 2466 in
604 2429 722 2486 quo
754 2410 1005 2470 infirmis
1037 2411 1213 2486 plane
1245 2411 1442 2467 utitur
1472 2427 1791 2485 argumen-

507 2497 591 2556 tis
640 2500 1020 2574 potissimum
1068 2518 1138 2557 ex
1186 2499 1415 2557 ratione
1463 2497 1798 2574 theologica

589 2745 623 2814 ¹)
651 2742 760 2797 Hic
786 2759 819 2794 a
847 2741 1058 2795 Basilio
1093 2741 1231 2811 imp.
1259 2741 1496 2809 ejusque
1526 2738 1659 2792 filiis
1688 2738 1798 2792 Leo

510 2813 777 2885 Sapiente
794 2815 918 2885 (086
932 2820 1057 2869 -91
1075 2816 1117 2883 1)
1135 2815 1195 2866 et
1209 2810 1583 2865 Constantino
1604 2814 1722 2879 (911
1742 2842 1792 2848 --

509 2891 633 2950 959)
662 2885 865 2938 missus
905 2886 1097 2938 fuerat
1133 2883 1195 2936 in
1224 2881 1552 2935 Armeniam
1579 2881 1650 2932 ad
1680 2897 1800 2949 per-

508 2957 816 3009 mutandos
860 2955 1120 3024 captivos
1165 2954 1526 3014 christianos,
1573 2968 1689 3019 qua
1715 2968 1801 3005 oc·

508 3027 736 3081 casione
762 3030 1127 3082 conversatus
1162 3028 1250 3080 est
1273 3043 1403 3080 cum
1431 3022 1798 3085 paulicianis,

508 3115 657 3152 nova
686 3098 1150 3152 Manichaeorum
1178 3096 1381 3167 specie,
1408 3096 1639 3149 auctore
1666 3109 1802 3161 quo·

509 3169 640 3224 dam
704 3169 936 3222 Paulo
998 3185 1247 3228 armeno,
1311 3183 1554 3234 quorum
1609 3165 1804 3235 plures

510 3240 683 3293 etiam
700 3239 1001 3295 convertit.
1032 3238 1255 3293 Prodiit
1274 3239 1397 3306 ejus
1422 3241 1643 3290 historia
1666 3252 1804 3290 cura

510 3311 790 3366 Raderi
853 3311 1190 3380 ingolstadii
1259 3315 1424 3367 16042
1487 3306 1801 3376 Gottingen

514 3389 668 3439 1646.
720 3383 952 3452 Repetit
975 3385 1169 3436 autem
1197 3382 1262 3437 cl.
1289 3379 1429 3432 Mai
1473 3381 1587 3433 tres
1610 3397 1804 3432 sermo·

512 3472 601 3507 nes
627 3457 826 3506 contra
855 3453 1235 3515 Pauliciauos,
1276 3449 1380 3518 qui
1420 3468 1549 3504 cum
1592 3449 1694 3502 illa
1718 3447 1804 3502 hi-

510 3523 688 3577 storia
698 3525 1073 3577 cohaerentet
1087 3523 1281 3577 eodem
1300 3537 1505 3590 genere
1516 3519 1804 3575 scribendi

510 3599 647 3648 sunt
690 3593 1036 3657 concinnati,
1087 3594 1226 3648 hinc
1270 3594 1444 3661 hujus
1486 3590 1640 3644 Petri
1683 3608 1801 3644 esse

514 3665 798 3719 videntur.
830 3665 1015 3720 Habes
1043 3666 1174 3719 illos
1199 3664 1262 3718 in
1293 3668 1329 3717 t.
1356 3664 1425 3716 [V
1455 3662 1594 3717 bibl.
1621 3677 1805 3715 novae

512 3736 621 3790 ΡΡ.
672 3737 734 3790 ln
779 3754 973 3791 eorum
1017 3755 1055 3807 p
1072 3736 1207 3789 rim
1225 3753 1258 3789 o
1303 3733 1518 3788 refellit
1560 3732 1604 3786 Ρ
1618 3751 1652 3786 a
1670 3751 1706 3786 u
1726 3733 1746 3786 l
1763 3732 1804 3785 i-

513 3808 627 3861 cia
646 3826 681 3860 n
701 3824 732 3860 o
750 3827 774 3861 s
819 3809 934 3862 duo
962 3824 1080 3860 esse
1107 3824 1297 3860 rerum
1367 3803 1615 3873 riucipia
1654 3804 1806 3857 affir-

513 3881 763 3936 mantes:
790 3879 851 3931 in
873 3881 984 3932 alt
1000 3896 1028 3931 c
1048 3897 1075 3930 r
1090 3895 1121 3931 o
1150 3882 1307 3931 osten
1353 3876 1401 3929 it
1419 3876 1657 3928 Mariam
1676 3890 1806 3928 vere

513 3966 629 4002 esse
646 3949 748 4002 Dei
758 3966 965 4018 param,
983 3967 1113 4002 eum
1131 3947 1390 4002 Christus
1416 3963 1622 4017 corpus
1639 3964 1805 3999 suum

513 4037 630 4073 non
675 4021 947 4074 detulerit
995 4020 1065 4072 de
1116 4019 1289 4081 coe10,
1341 4021 1515 4084 atque
1567 4017 1804 4072 Mariam

513 4092 785 4146 mansisse
832 4091 1132 4160 virginem.
1189 4092 1248 4143 ln
1295 4092 1363 4142 te
1380 4087 1483 4141 rti
1501 4105 1533 4141 o
1584 4090 1806 4158 probat,

515 4162 802 4216 Christum
836 4179 948 4215 non
976 4162 1230 4215 locutum
1258 4176 1375 4212 esse
1396 4158 1722 4229 parabolice
1743 4159 1806 4211 in

517 4232 723 4286 ultima
750 4249 942 4287 coena.
974 4232 1183 4285 Verum
1209 4232 1385 4285 hu'us
1413 4229 1688 4283 sermonis
1716 4246 1807 4283 ex-

516 4306 630 4356 stat
657 4307 882 4356 tantum
911 4304 1222 4357 exordium.
1320 4300 1502 4368 eliqui
1531 4317 1662 4355 vero
1692 4303 1807 4353 tres

515 4389 815 4436 sermones,
844 4391 987 4442 quos
1005 4374 1353 4443 promiserat,
1377 4371 1806 4426 ine-reiderunt.

518 4444 683 4497 Alius
707 4447 901 4498 autem
928 4461 1046 4498 esse
1092 4444 1321 4496 videtur
1345 4459 1379 4494 a
1408 4442 1574 4496 Petro
1640 4442 1806 4511 Argi·

517 4530 715 4568 vorum
738 4515 1022 4584 episcopo,
1049 4515 1117 4566 de
1146 4531 1260 4582 quo
1287 4513 1447 4567 alias.

591 4587 635 4653 ²)
663 4584 746 4637 Cf.
789 4585 1403 4654 Hergenroether
1446 4583 1515 4636 de
1561 4585 1668 4637 hoc
1714 4601 1803 4654 op.

518 4654 693 4777 ἓίιέοὶ.
721 4655 959 4717 Qtlschr.
988 4655 1292 4722 Tilbingeu
1329 4659 1460 4708 1858
1485 4655 1597 4718 XL,
1630 4663 1802 4710 559—

1847 897 2065 956 celebri
2098 896 2147 955 V
2161 915 2193 954 e
2210 914 2241 954 c
2257 915 2289 955 c
2303 915 2337 955 o
2368 897 2702 972 patriarcha
2719 898 2823 956 ΟΡ.
2847 895 2907 975 (1·
2935 910 2954 960 1
2974 894 3124 975 298)

1847 986 1965 1044 suit
1994 987 2430 1062 impugnatum.

1939 1173 2084 1226 427.
2115 1163 2378 1223 Tertia
2414 1182 2659 1241 operum
2691 1164 2960 1240 ejusdem
2990 1183 3125 1240 pars

1847 1253 2265 1329 complectitur
2275 1258 2508 1329 praeter
2518 1255 2785 1312 carmina
2800 1272 2918 1313 non
2930 1254 3128 1329 magni

1848 1342 2026 1417 pretii
2057 1342 2343 1417 quaedam
2377 1342 2597 1418 scripta
2638 1342 3125 1418 paraenetica,

1848 1431 2117 1489 homilias
2167 1430 2313 1499 scil„
2377 1450 2629 1505 quarum
2678 1437 2878 1490 tamen
2927 1432 3128 1507 plures

1849 1520 2172 1595 perierunt,
2206 1520 2431 1578 multae
2461 1519 2728 1579 nondum
2750 1520 3127 1596 prodierunt:

1849 1627 1952 1667 eae
1983 1611 2128 1667 sunt
2160 1607 2475 1666 admodum
2510 1610 2889 1684 eloquentes;
2929 1628 3128 1668 recen-

1848 1697 2082 1757 tissime
2102 1698 3130 1773 Papadopulos·Kerameus

1849 1787 1997 1844 alias
2019 1785 2166 1844 XLV
2198 1805 2230 1844 e
2261 1785 2425 1844 codd.
2453 1788 2674 1846 montis
2694 1787 2855 1846 Atho
2873 1787 3130 1856 primum

1850 1875 2069 1944 edidit3
2111 1874 2403 1933 LXXXIII
2433 1895 2722 1935 sermones
2764 1880 2826 1935 et
2867 1876 3134 1935 homilias

1851 1964 2355 2023 Aristarches
2391 1984 2643 2040 magnus
2677 1965 3007 2041 logothetes
3039 1982 3133 2024 ec-

1853 2054 2064 2112 clesiae
2097 2053 2200 2113 ΟΡ.
2234 2051 2478 2130 Leipzig
2513 2064 2672 2117 1901
2712 2058 2757 2114 t.
2795 2063 2849 2116 2.
2874 2054 3047 2112 ——ln
3080 2073 3136 2129 p.

1852 2145 2163 2217 quarta,
2213 2160 2334 2216 qua
2377 2142 2763 2201 continentur
2791 2161 2974 2217 opera
3018 2144 3136 2200 hi-

1851 2232 2178 2301 storica,
2227 2230 2586 2289 exhibentur
2628 2233 2900 2305 epistolae
2932 2226 3135 2312 (193),

1853 2324 2086 2395 praeter
2131 2319 2420 2394 plurimas
2461 2313 2618 2403 (71).
2670 2339 2825 2396 quae
2874 2321 3136 2380 insertae

1853 2411 1999 2466 sunt
2035 2408 2480 2484 Amphilochiis,
2528 2408 2894 2468 distributae
2941 2411 3004 2468 in
3048 2409 3140 2466 111

1853 2497 1947 2568 ll.;
1981 2497 2173 2555 editae
2193 2496 2372 2555 etiam
2399 2517 2434 2556 a
2465 2497 2849 2569 Valettas,
2886 2498 3138 2558 Londini

1861 2596 2042 2649 1864.
2082 2620 2154 2631 -
2189 2587 2475 2662 Sequitur
2504 2588 2752 2647 celebris
2784 2588 3135 2662 bibliotheca,

1852 2695 2005 2751 quae
2035 2680 2235 2734 totum
2266 2676 2480 2751 implet
2509 2680 2553 2738 t.
2586 2676 2734 2740 0111.
2766 2676 2856 2735 ed.
2888 2679 2978 2736 Mi
2997 2697 3140 2753 gne

1854 2770 1915 2823 et
1933 2764 2056 2823 CIV
2075 2784 2132 2840 p.
2157 2773 2437 2834 9—346‚
2471 2783 2622 2840 opus
2641 2766 2865 2843 grande
2884 2772 2949 2826 et
2967 2767 3139 2833 utile,

1854 2854 1917 2912 in
1949 2872 2068 2928 quo
2089 2854 2284 2929 sagaci
2308 2849 2601 2935 judicio1)
2634 2855 2705 2912 de
2739 2874 2920 2930 quam
2951 2856 3142 2933 pluri-

1858 2943 1968 3000 mis
2031 2943 2297 3000 omnium
2348 2941 2804 3018 disciplinarum
2854 2945 3144 3021 operibus

1857 3032 1985 3090 sine
2017 3033 2176 3089 certo
2203 3031 2410 3090 ordine
2429 3031 2673 3091 disserit
2703 3035 2766 3091 et
2795 3039 3020 3104 censet,
3053 3037 3145 3093 at-

1856 3139 1972 3195 que
2003 3119 2328 3194 specimina
2341 3138 2407 3177 ex
2425 3120 2549 3178 illis
2581 3122 2752 3180 affert
2781 3124 2847 3182 in
2878 3143 3003 3199 cap.
3036 3141 3147 3182 seu

1857 3208 2158 3267 codicibus
2195 3217 2352 3271 280:
2404 3208 2541 3267 hinc
2583 3211 2846 3285 pretiosa
2893 3216 2988 3272 est
3036 3229 3145 3290 pro

1857 3298 2105 3356 historia
2134 3296 2400 3355 literaria
2448 3303 2510 3355 et
2555 3305 2980 3376 argumentum
3027 3303 3146 3361 lec-

1856 3386 2039 3444 tionis
2085 3385 2513 3462 propemodum
2563 3387 2831 3450 infinitae
2882 3391 3146 3450 auctoris

1859 3474 2062 3537 nostri.
2126 3473 2385 3532 Seorsim
2415 3476 2639 3550 prodiit
2669 3494 2793 3537 cur.
2825 3479 2934 3539 Im.
2966 3479 3148 3539 Bek-

1858 3565 1992 3622 ker
2035 3562 2239 3621 Berlin
2280 3572 2445 3626 1824
2484 3567 2527 3621 t.
2565 3574 2621 3626 2.
2654 3598 2743 3609 —-
2775 3568 3044 3645 Reliquit
3086 3579 3150 3628 et

1861 3671 2039 3728 opera
2069 3652 2459 3710 canonica.
2509 3653 2776 3714 Primum
2809 3659 2939 3718 scil.
2965 3659 3147 3718 colle·

1860 3741 1952 3817 git
2001 3759 2246 3799 canones
2296 3758 2455 3804 conc.
2505 3746 3024 3806 oecumenicorum
3084 3748 3150 3806 in

1861 3849 2041 3888 unam
2074 3829 2346 3905 syllogen
2378 3829 2584 3889 ordine
2615 3832 3150 3913 chronologico.

1861 3919 2098 3977 Eisdem
2143 3918 2360 3992 adjecit
2405 3937 2658 3979 canones
2702 3940 2866 3983 conc.
2906 3926 3152 4002 provin·

1861 4008 2121 4077 cialium,
2166 4006 2271 4081 qui
2301 4005 2419 4064 vim
2452 4007 2602 4083 legis
2632 4009 2696 4067 in
2729 4014 3014 4073 universa
3043 4014 3151 4073 Ec-

1862 4096 2041 4154 clesia
2061 4094 2426 4167 obtinebant,
2460 4099 2522 4155 et
2552 4100 2826 4172 epistolas
2843 4106 3154 4163 canonicas

1862 4202 1936 4242 ss.
1969 4188 2224 4259 patrum,
2270 4203 2421 4259 quae
2452 4185 2525 4243 ad
2558 4186 2940 4265 disciplinam
2971 4212 3153 4270 gene·

1862 4274 2043 4331 ralem
2079 4272 2373 4331 Ecclesiae
2406 4276 2774 4349 spectabant.
2834 4281 3006 4341 Hanc
3036 4282 3154 4341 col·

1940 4445 1975 4511 1)
2004 4440 2345 4494 Ehrhard
2386 4445 2422 4497 1.
2463 4460 2508 4497 c.
2549 4462 2605 4514 p.
2650 4454 2828 4506 2090:
2892 4451 3156 4506 Ueberall

1861 4514 2118 4565 bewahrt
2126 4511 2245 4564 sich
2263 4512 2501 4567 Photius
2516 4518 2600 4570 als
2610 4517 2706 4572 ein
2717 4520 2904 4578 feiner
2915 4524 3158 4578 Literar-

1861 4582 2121 4646 kritiker,
2163 4583 2279 4637 und
2320 4582 2412 4636 die
2441 4585 2483 4637 F
2486 4587 2598 4642 alle
2639 4592 2769 4646 sind
2796 4596 2932 4650 sehr
2958 4597 3158 4659 selten,

1860 4653 1921 4706 in
1965 4653 2148 4708 denen
2191 4653 2284 4707 die
2327 4657 2598 4716 moderno
2638 4663 2836 4719 Kritik
2878 4667 3006 4722 sich
3047 4683 3158 4721 von

1825 4765 1835 4793 ,
1861 4724 2072 4778 seinem
2101 4723 2328 4778 Urtheil
2352 4734 2652 4790 entfernen
2679 4755 2857 4792 muas.
