3505 5161
368 263 498 314 969

987 242 1178 311 Syrna,
1207 242 1576 308 Aldebaldus,
1603 245 1790 309 Odilo,
1817 244 2125 310 Jotsaldus,
2153 247 2392 301 Orestes.

2864 268 2986 320 970

371 431 484 488 viri
531 430 753 488 eruditi
790 429 946 487 Wolf
952 428 1183 487 herium
1231 431 1456 504 partem
1505 448 1651 505 quo·
1708 431 1842 507 Ipse
1893 430 2044 490 sorte
2094 436 2302 491 auctor
2360 433 2518 492 haud
2583 433 2830 492 infimus·
2875 435 2992 493 fuit

364 539 486 596 que
534 518 814 578 habuisse
846 518 908 577 in
953 517 1371 593 componendis
1408 518 1652 578 Annali·
1710 520 1974 597 Treugae
2007 521 2130 581 Dei.
2192 522 2327 580 Alia
2369 523 2653 598 ejusdem,
2700 541 2856 598 quae
2889 542 2989 583 su-

368 610 484 667 bus
505 607 911 667 altahensibus
930 606 1277 683 majoribus,
1301 602 1401 687 (ab
1421 627 1471 666 a.
1499 617 1652 670 708·
1710 612 1985 685 pereunt,
2064 614 2135 669 ut
2204 611 2569 684 praeclarum
2633 612 2992 671 Adalheidae.

378 693 591 781 1032),
642 715 793 773 quos
825 697 1064 755 demum
1095 695 1318 771 reperit
1347 695 1651 771 ediditque
1710 701 1848 774 imp.
1882 700 2240 775 epitaphium
2286 695 2375 780 (in
2407 700 2532 759 Mc.
2566 700 2665 759 SS.
2698 701 2795 770 IV,
2835 710 2987 765 633·

369 787 455 848 W.
478 788 526 846 G
542 789 563 844 i
580 806 610 846 e
627 804 654 845 s
672 786 758 845 eb
774 804 897 844 rec
914 785 953 842 h
969 789 997 843 t
1013 830 1028 856 ,
1051 784 1255 843 Berlin
1287 794 1441 849 1841
1471 807 1484 853 ;
1519 804 1653 843 cum
1716 788 1888 868 649),
1911 807 2201 848 sermones
2222 785 2431 870 (utiles
2454 793 2514 847 et
2536 788 2738 871 solidi)
2759 791 2861 850 XV
2882 795 2990 854 etc.

364 877 445 935 ab
476 876 674 936 Oefele
720 875 784 934 in
817 874 943 933 Mc.
992 873 1090 935 SS.
1130 872 1251 945 XX,
1289 882 1655 937 782—324.
1710 877 1891 936 habes
1920 877 2078 953 apud
2110 879 2361 954 Migne
2392 878 2472 938 ib.
2493 898 2550 953 p.
2574 890 2989 944 961-1048.

466 1028 609 1083 540.
674 1018 732 1075 S.
767 1017 972 1092 Majoli
1018 1015 1389 1075 celeberrimi
1423 1017 1656 1076 abbatis

366 1106 766 1167 cluniacensis
789 1110 849 1165 et
868 1106 941 1165 de
972 1106 1405 1164 restauratione
1436 1106 1654 1183 discip-

372 1199 530 1257 linae
562 1195 920 1255 monasticae
941 1196 1061 1253 tam
1082 1194 1439 1253 benemeriti
1470 1198 1654 1268 (948-

378 1284 528 1368 994)
550 1287 722 1343 vitam
743 1286 971 1360 primus
1009 1283 1249 1359 scripsit
1272 1283 1332 1342 ll.
1364 1292 1400 1346 3
1436 1284 1655 1361 Syrus

368 1375 562 1435 sancti
638 1373 872 1432 abbatis
938 1372 1267 1443 familiaris,
1349 1374 1655 1449 cujusdam

373 1464 722 1523 monasterii
770 1462 971 1533 abbas,
1023 1461 1204 1520 mirae
1250 1461 1655 1538 simplicitatis

1711 1000 1798 1009 ——-
1826 966 2021 1040 Hujus
2043 967 2277 1026 abbatis
2300 969 2472 1026 vitam
2490 964 2537 1050 ¹)
2570 968 2610 1027 J
2626 973 2702 1027 ot
2718 987 2745 1027 s
2763 969 2886 1028 ald
2906 989 2948 1029 u
2965 989 2992 1027 s

1712 1051 2066 1138 (Jostaldus,
2128 1056 2460 1127 Lotsaldus,
2532 1055 2989 1139 Gottscbalcus)‚

1711 1144 2193 1221 sylviniacensis,
2240 1146 2372 1216 eius
2418 1146 2751 1223 discipulus
2798 1151 2860 1205 et
2891 1148 2992 1205 iti·

1711 1252 1922 1293 nerum
1983 1252 2176 1293 comes
2242 1231 2324 1316 (fl.
2398 1232 2591 1316 1052)
2654 1237 2991 1313 descripsit.

1711 1323 1856 1382 Eam
1905 1323 2085 1382 habes
2118 1324 2182 1382 in
2214 1324 2378 1382 Actis
2410 1325 2860 1384 Mabillonii
2892 1326 2990 1396 VI,

1711 1413 1757 1483 Ι,
1797 1422 2091 1475 679-71
2111 1424 2180 1481 0;
2228 1413 2477 1489 Migne
2510 1414 2726 1484 CXLII,
2777 1423 2993 1478 897-

1716 1513 1871 1569 94ος
1910 1503 2035 1561 MG.
2067 1501 2190 1572 XV,
2227 1511 2283 1572 2,
2322 1511 2705 1574 813—8203
2747 1504 2865 1562 duo
2897 1522 2992 1562 ca-

366 1558 433 1612 et
480 1553 859 1612 innocentiae
910 1551 1254 1621 monachus,
1307 1570 1456 1625 quae
1509 1552 1654 1611 satis
1710 1591 1841 1665 pita
1871 1591 2093 1667 reperst
2123 1591 2185 1654 Ε.
2227 1591 2520 1650 Sackur
2564 1592 2871 1668 ediditque
2919 1593 2991 1651 N·

371 1643 748 1721 negligenter
779 1641 939 1699 edita
987 1644 1082 1699 est
1127 1659 1163 1697 a
1194 1639 1655 1701 Mabillonio

372 1733 435 1790 in
454 1735 582 1793 Act.
605 1731 699 1790 SS.
716 1726 784 1799 V,
813 1738 1195 1799 786—8103
1229 1730 1383 1804 apud
1418 1730 1655 1808 Migne

375 1820 700 1889 CXXXVII,
772 1828 1140 1881 745—778.
1224 1818 1368 1876 Eam
1433 1820 1650 1878 Alde-

366 1910 654 1969 baldus
686 1908 968 1984 perficere
1000 1908 1172 1966 nisus
1206 1913 1317 1978 est,
1372 1908 1472 1966 sed
1505 1928 1655 1985 quae

376 1999 691 2075 supplevit,
725 2000 971 2055 ornatus
1004 1996 1190 2054 vicem
1220 2000 1457 2056 tantum
1489 2017 1655 2074 prae·

378 2091 569 2157 stant;
602 2086 855 2163 singulis
893 2086 1063 2143 libris
1093 2084 1402 2161 prologum
1423 2087 1653 2164 adjecit,

381 2177 632 2235 carmina
661 2176 855 2234 multa
899 2175 1172 2243 inseruit,
1228 2174 1333 2233 sed
1367 2175 1486 2235 fere
1519 2177 1655 2234 nul-

380 2267 500 2325 lum
532 2268 751 2325 factum
785 2265 993 2323 retulit
1024 2284 1057 2322 a
1089 2262 1239 2339 Syro
1275 2267 1652 2339 praetermis-

372 2375 523 2425 sum,
556 2355 620 2413 in
654 2358 780 2412 Act.
816 2353 910 2412 SS.
943 2365 1007 2416 ll
1052 2353 1184 2427 Maj.
1206 2353 1282 2423 11,
1320 2364 1654 2419 668-684

375 2445 483 2507 col.
504 2444 629 2513 Vll,
668 2452 1036 2507 683—687.
1069 2476 1157 2487 —-
1188 2442 1450 2503 Eandem
1467 2445 1657 2503 vitam

373 2533 689 2610 descripsit
704 2530 748 2614 ¹)
773 2551 819 2591 s.
853 2532 952 2591 Od
968 2532 1066 2591 ilo
1086 2531 1479 2609 dignissimus
1502 2534 1657 2593 tanti

370 2624 608 2682 abbatis
641 2640 964 2692 successor,
997 2640 1149 2697 quae
1181 2622 1309 2680 vita
1328 2642 1432 2682 seu
1453 2624 1655 2699 potius

372 2715 614 2792 eloqium
635 2713 809 2787 plane
832 2711 1163 2786 pretiosum
1192 2714 1388 2770 exstat
1409 2713 1470 2770 in
1495 2713 1657 2771 Actis

372 2803 473 2861 88.
531 2814 598 2864 11
659 2801 794 2874 maj.
842 2800 916 2871 II,
973 2809 1352 2868 684—690;
1406 2801 1657 2878 Migne

370 2891 592 2961 CXLII,
644 2897 1010 2952 943—962.
1073 2887 1397 2948 Nobilibus
1445 2910 1656 2966 paren-

370 2981 539 3039 tibus
561 2984 728 3039 ortus
751 2982 843 3037 est
861 2976 1028 3036 Odilo
1048 2977 1111 3035 in
1133 2978 1417 3036 Alvernia
1436 3000 1485 3038 a.
1509 2989 1654 3049 962,

376 3072 683 3146 ingressus
716 3067 985 3126 ordinem
1017 3083 1062 3124 s.
1094 3067 1402 3126 Benedicti
1438 3068 1501 3126 in
1533 3089 1657 3128 mo-

374 3158 636 3217 nasterio
683 3154 1045 3214 cluniacensi
1092 3151 1293 3236 (991),
1340 3176 1593 3233 moxque
1625 3178 1659 3216 a

372 3266 419 3306 s.
454 3247 665 3322 Majolo
697 3240 759 3327 (†
796 3240 949 3326 994)
993 3244 1247 3303 selectus
1280 3245 1395 3304 sibi
1428 3247 1491 3305 in
1524 3265 1656 3305 suc-

374 3355 683 3405 cessorem,
733 3334 1035 3393 sodalibus
1067 3334 1296 3393 cunctis
1330 3335 1656 3412 suffragen-

372 3426 559 3484 tibus.
622 3422 1111 3482 Reformationem
1146 3423 1219 3481 ab
1252 3424 1358 3483 illo
1407 3424 1660 3484 feliciter

378 3519 643 3589 coeptam
706 3512 996 3571 latissime
1064 3512 1441 3590 propagavit,
1521 3514 1658 3572 hinc

378 3602 616 3661 maximi
665 3602 854 3660 sactus
899 3605 993 3661 est
1024 3621 1057 3659 a
1102 3602 1501 3678 pontificibus,
1547 3604 1658 3661 im·

381 3690 768 3766 peratoribus,
795 3691 1042 3767 regibus
1063 3691 1325 3767 virisque
1345 3693 1538 3751 omnis
1562 3712 1656 3752 or-

380 3779 542 3838 dinis
573 3783 635 3838 et
665 3779 1021 3839 conditionis
1066 3775 1127 3862 (†
1169 3792 1219 3843 1.
1252 3781 1383 3844 Jan.
1426 3793 1588 3844 1049
1625 3801 1659 3840 a

376 3869 589 3928 aetatis
623 3875 749 3943 87).
807 3869 942 3944 lpse
973 3868 1210 3927 induxit
1240 3888 1655 3929 commemora-

376 3958 601 4017 tionem
623 3958 890 4017 omnium
915 3957 1180 4015 fidelium
1216 3958 1655 4028 defunctorum,

378 4066 556 4124 quam
604 4047 863 4106 Ecclesia
910 4046 975 4103 in
1023 4065 1200 4105 usum
1257 4048 1657 4106 universalem

376 4137 670 4213 recipiens
704 4154 813 4194 sua
845 4135 1253 4209 comprobavit
1285 4137 1656 4199 auctoritate.

495 4319 529 4379 ¹)
588 4308 669 4362 De
721 4308 776 4361 M
793 4307 860 4377 aj
881 4324 911 4360 o
930 4305 987 4361 li
1041 4307 1393 4378 biographiis
1445 4308 1515 4364 cf.
1567 4309 1658 4362 W.

373 4380 414 4434 8
432 4399 461 4435 c
479 4381 515 4433 h
536 4399 571 4433 u
591 4381 611 4433 l
628 4398 655 4432 z
673 4396 701 4432 e
728 4380 790 4432 in
808 4379 1034 4433 Forsch.
1057 4378 1110 4431 d.
1128 4379 1440 4433 deutschen
1459 4381 1657 4435 Gesch.

385 4457 537 4507 1884.
568 4450 764 4514 XXIV,
798 4451 1023 4506 153-172
1052 4450 1179 4506 coll.
1208 4450 1381 4504 Ernst
1398 4452 1659 4507 Sackur

374 4522 438 4575 in
468 4523 539 4574 N.
567 4522 734 4575 Arch.
760 4522 861 4575 der
888 4520 1010 4575 Ges.
1044 4522 1081 4574 f.
1114 4529 1163 4575 a.
1196 4522 1251 4576 d.
1282 4522 1481 4577 Gesch.
1524 4531 1659 4580 1887

378 4593 502 4655 ΧΠ,
520 4598 750 4648 503-516
765 4614 777 4652 ;
795 4592 839 4645 Τ
856 4611 884 4646 r
898 4610 932 4646 a
948 4612 985 4647 u
1005 4593 1040 4647 b
1056 4610 1084 4646 e
1102 4594 1398 4648 Abermals
1423 4594 1515 4648 die
1532 4595 1657 4648 Bio-

1711 1681 1885 1738 Arch.
1935 1680 2039 1739 XV
2091 1676 2320 1763 (1889)
2394 1690 2758 1745 118-121.
2834 1681 2993 1741 Haec

1709 1768 2059 1845 biograpbia
2089 1789 2209 1828 una
2228 1788 2296 1828 ex
2316 1769 2664 1829 melioribus
2697 1775 2790 1830 est
2807 1771 2993 1830 totius

1713 1858 1900 1916 seculi
1934 1859 2073 1918 stilo
2104 1859 2295 1918 nitido
2328 1864 2389 1919 et
2420 1860 2689 1931 candido,
2722 1860 2818 1936 pie
2851 1860 2991 1919 fide-

1714 1947 1971 2024 literque
2003 1948 2353 2023 conscripta.

1809 2135 1953 2188 541.
2016 2126 2308 2185 Jeremias
2371 2126 2683 2185 Orestes
2746 2123 2989 2208 (996-

1724 2226 1744 2276 l
1763 2209 1917 2296 012)
2011 2216 2344 2290 patriarcha
2434 2215 2991 2291 hierosolymitanus

1712 2304 2000 2362 disseruit
2044 2306 2113 2362 de
2158 2307 2276 2363 vita
2320 2312 2369 2362 et
2415 2305 2685 2363 laudibus
2717 2305 2902 2364 Sabae
2941 2313 2992 2364 et

1716 2392 1973 2452 Macaria·
2018 2394 2171 2471 (ejus
2203 2387 2432 2473 fratris)
2467 2393 2819 2465 Siculorum,
2866 2394 2989 2453 scil.

1714 2483 1786 2540 de
1806 2483 1951 2540 viris
1977 2483 2154 2557 juxta
2186 2482 2311 2540 Pit
2329 2501 2355 2539 r
2373 2502 2452 2541 ae
2483 2482 2656 2541 Anal,
2677 2501 2835 2541 sacra
2857 2483 2987 2559 Spi-

1711 2572 1806 2631 cil.
1841 2571 2080 2631 Solesm.
2111 2574 2319 2648 parata
2348 2573 2393 2643 1,
2430 2583 2574 2642 311,
2621 2572 2769 2647 ,qui
2803 2572 2866 2631 in
2898 2572 2990 2631 Si-

1712 2661 1849 2720 cilia
1893 2661 2010 2720 orti
2056 2662 2132 2720 ob
2180 2661 2573 2720 saracenicam
2623 2662 2990 2721 invasionem

1713 2750 1906 2825 patria
1937 2753 2217 2821 extorres,
2250 2750 2573 2809 Calabriam
2608 2751 2863 2826 appulsi,
2906 2751 2991 2809 ibi

1712 2858 1937 2897 moram
1982 2844 2212 2898 traxere
2245 2842 2306 2897 et
2351 2840 2413 2897 in
2460 2839 2867 2915 superioribus
2899 2859 2990 2898 re-

1712 2929 1991 3005 gionibus
2024 2928 2318 2987 obierunt.
2377 2928 2448 2986 In
2480 2929 2690 2986 borum
2724 2928 2990 2987 historiis

1713 3036 1833 3076 non
1855 3017 2027 3076 modo
2049 3019 2120 3074 de
2139 3017 2462 3093 praedictis
2493 3016 2842 3094 regionibus
2863 3017 2989 3094 agi·

1711 3109 1831 3176 tur,
1871 3124 1938 3165 ac
1969 3107 2215 3181 insuper
2248 3106 2317 3165 de
2348 3106 2494 3164 locis
2526 3111 2706 3180 atque
2739 3106 2811 3164 de
2843 3108 2990 3165 casi-

1715 3196 1828 3254 bus
1854 3196 2245 3271 personisque
2278 3195 2630 3265 celebribus,
2666 3196 2822 3253 inter
2841 3214 2990 3270 quos

1714 3285 1950 3360 patricii
1972 3284 2293 3361 byzantini,
2329 3284 2748 3343 Saracenorum
2770 3288 2830 3343 et
2850 3284 2990 3343 Bos-

1715 3373 2057 3432 sanensium
2091 3373 2396 3449 primores,
2444 3373 2739 3449 principes
2773 3373 2991 3431 salerni

1714 3480 1781 3520 ac
1831 3463 2237 3537 amalphitani,
2288 3463 2428 3537 imp.
2476 3462 2616 3520 Otto
2666 3465 2729 3520 et
2778 3463 2990 3537 conjux

1713 3551 2121 3627 Theophanis,
2198 3551 2516 3628 episcopus
2592 3551 2988 3626 placentinus,

1714 3642 1921 3716 postea
1940 3641 2236 3716 antipapa,
2263 3642 2709 3702 recensentur‘.
2760 3639 2994 3698 Prodiit

1716 3748 1859 3787 cura
1891 3729 1946 3787 J.
1982 3729 2444 3787 Cozza-Luzi
2482 3724 2612 3809 (sed
2645 3728 2832 3788 editio
2863 3732 2989 3787 tex-

1712 3821 1816 3876 tus
1848 3836 1968 3876 non
2010 3821 2103 3876 est
2147 3812 2443 3899 accurata)
2494 3818 2557 3875 in
2588 3817 2761 3876 Studi
2796 3821 2856 3876 et
2886 3817 2990 3876 do-

1716 3907 1981 3966 cumenti
2030 3907 2091 3964 di
2139 3906 2322 3965 storia
2351 3926 2382 3964 e
2415 3906 2624 3966 diritto
2666 3917 2822 3970 1891
2865 3907 2990 3977 XII,

1717 4005 2009 4064 33—563
2051 4004 2428 4073 135-1683
2468 4004 2843 4065 311-324;
2877 3996 2991 4054 Ro-

1793 4170 1828 4236 ¹)
1858 4166 1939 4221 Cf.
1968 4166 2036 4219 de
2065 4183 2105 4218 s.
2134 4164 2376 4219 Odilone
2402 4167 2694 4233 praeterea
2738 4163 2840 4217 Ma
2859 4164 2991 4218 bil·

1712 4237 1838 4291 lon
1889 4238 1950 4291 in
1994 4237 2194 4305 Elegio
2235 4236 2368 4290 hist.
2412 4236 2474 4288 in
2515 4240 2638 4288 Act.
2680 4235 2774 4288 88.
2816 4236 2910 4299 Vl,
2954 4237 2992 4300 l,

1713 4312 2014 4372 631—678,
2053 4309 2226 4363 etiam
2267 4308 2327 4363 in
2355 4307 2602 4378 Migne
2630 4305 2840 4370 CXLII,
2867 4314 2991 4363 831-

1713 4387 1844 4437 896:
1896 4381 2258 4435 Potthast
2295 4399 2349 4449 p.
2396 4384 2561 4436 1498:
2615 4377 2991 4459 Ringholz

1715 4451 1957 4506 Studien
1986 4471 2040 4508 ιι.
2068 4451 2258 4504 Mitth.
2286 4468 2389 4504 aus
2415 4450 2543 4504 dem
2575 4449 2993 4504 Benedictiner·

1717 4523 1836 4578 und
1864 4523 2213 4584 cist-orden
2245 4530 2380 4578 1884
2407 4522 2474 4587 ll,
2505 4527 2707 4580 1-3ος
2735 4525 2991 4577 279-312;

1713 4595 1826 4648 KL.
1855 4596 1945 4657 IX,
1975 4600 2274 4658 687-695,
2300 4596 2358 4647 et
2382 4593 2482 4647 der
2507 4593 2585 4647 hl.
2609 4594 2725 4647 Abt
2743 4592 2907 4647 Odilo
2929 4592 2992 4645 in

370 4664 662 4734 graphien
689 4664 786 4718 des
802 4664 1045 4733 Maj01us
1071 4664 1148 4717 ib.
1174 4670 1310 4721 1892
1333 4666 1506 4730 XVII,
1534 4674 1659 4722 402-
1714 4684 1755 4720 s.
1784 4667 1970 4720 Leben
1998 4666 2115 4719 und
2143 4664 2402 4729 Wirken‚
2429 4664 2626 4717 Brssun
2657 4669 2808 4720 1885.
2844 4662 2871 4716 J
2894 4679 2994 4716 ar-

376 4740 516 4793 407:
569 4734 611 4787 P
630 4752 661 4788 0
679 4736 885 4789 tthas
904 4739 928 4788 t
954 4755 1008 4805 p.
1041 4744 1207 4796 1445;
1260 4735 1401 4790 Hist.
1430 4737 1516 4793 lit.
1546 4737 1657 4801 Vll,
1715 4737 1749 4789 d
1769 4755 1797 4791 e
1817 4742 1842 4791 t
1866 4739 1917 4791 S.
1946 4737 2153 4792 Odilon
2183 4779 2196 4792 .
2223 4779 2234 4791 .
2265 4777 2276 4789 .
2317 4736 2390 4790 Sa
2418 4736 2525 4799 vie,
2555 4752 2655 4788 son
2682 4738 2880 4806 temps,
2907 4751 2993 4788 ses

375 4813 681 4863 409—414.

1715 4812 1833 4862 Ocu
1843 4825 1979 4872 ντες,
2009 4809 2166 4876 Lyon
2199 4813 2350 4864 1898.
