3505 5161
475 237 542 287 41
565 236 597 287 5
1331 222 1629 273 431-500.
1659 218 1973 288 Scriptores
1998 214 2233 269 armeni.
2966 233 3088 285 415

474 404 674 462 ctandi
702 421 1150 480 energumenos,
1181 403 1465 479 homiliae,
1502 421 1754 478 quarum
1814 405 1983 464 datae
2013 406 2058 466 t.
2078 413 2132 466 2.
2165 403 2464 480 reperitur
2485 403 2738 479 insignis
2761 403 2934 479 plane
2957 402 3090 461 fidei

475 491 820 568 genuinitas
853 510 974 551 non
1005 492 1149 550 satis
1182 496 1274 550 est
1305 496 1478 563 certa,
1526 497 1588 551 et
1618 493 1755 567 pul·
1814 493 2168 552 christianae
2232 491 2521 568 apologia.
2588 511 2768 566 quam
2829 492 3090 568 episcopi

473 582 610 639 chra
644 581 979 640 exhortatio
1012 581 1082 638 ad
1116 581 1432 639 monachos
1464 599 1754 651 armen08,
1811 582 2037 642 armeni
2087 582 2354 657 responsi
2404 583 2598 640 instar
2644 581 2857 640 dedere
2908 581 3091 639 Mihr-

471 671 720 728 ht‘storia
770 670 1028 746 insignis
1080 674 1140 728 et
1188 669 1408 728 nobilis
1457 671 1756 730 bellorum
1809 672 2022 731 nerseh
2068 671 2192 747 regi
2228 672 2539 730 Persarum
2585 688 2685 728 eos
2732 669 2804 728 ad
2850 674 3090 745 aposta-

472 759 870 818 armeniorum
883 760 995 817 sub
1012 758 1162 817 duce
1176 759 1456 817 Wardani
1470 758 1751 817 adversus
1810 761 1957 819 siam
1977 760 2273 830 incitanti,
2308 778 2373 817 ex
2408 778 2528 835 qua
2558 759 2737 816 Nirs
2756 760 2877 819 chl
2909 757 3085 826 §250

471 848 677 907 Persas
710 850 1129 923 praepotentes
1173 866 1278 923 pro
1324 847 1450 906 fide
1480 852 1541 907 et
1572 848 1750 906 liber·
1809 850 2108 927 praeclara
2139 848 2461 924 specimina
2504 866 2609 923 pro
2654 848 2767 907 fide
2807 850 3092 908 catholica

467 940 591 995 tate
621 937 862 1012 patriae.
912 936 1268 995 Prodierunt
1301 955 1478 1011 opera
1509 937 1754 996 collecta
1808 938 2065 998 adducit.

467 1025 730 1084 Venetiis
769 1035 970 1094 1:3383
1028 1035 1194 1088 1859
1230 1025 1317 1084 ed.
1352 1026 1615 1101 plenior3
1662 1028 1748 1084 hi-

467 1116 649 1173 storia
702 1133 839 1173 vero
875 1133 1065 1190 saepe,
1117 1119 1189 1173 ut
1238 1114 1748 1195 Constantinopoli

476 1214 671 1273 1764;
728 1212 928 1273 18253
976 1203 1242 1262 venetiis
1295 1213 1495 1275 18283
1552 1214 1748 1274 18423

475 1302 672 1362 1864;
721 1292 887 1351 Tiflis
930 1302 1093 1355 1879
1130 1296 1258 1361 etc,
1293 1293 1470 1350 etiam
1504 1292 1568 1350 in
1600 1293 1746 1352 alias

466 1381 701 1458 linguas
722 1399 890 1440 versa
905 1377 971 1461 ¹).
1019 1382 1088 1439 Iu
1114 1381 1398 1439 historiae
1418 1381 1584 1440 illius
1618 1382 1745 1441 lau-

541 1646 577 1711 ¹)
607 1642 690 1694 Cf.
734 1640 1289 1695 Bardenhewer
1339 1650 1366 1707 ς
1422 1648 1522 1698 109
1575 1661 1627 1694 n.
1683 1652 1744 1698 5:

464 1729 596 1781 prae
624 1712 828 1782 primis
855 1712 900 1763 V
922 1729 950 1765 e
967 1715 1078 1767 tte
1096 1730 1123 1764 r
1150 1713 1306 1782 apud
1333 1713 1387 1765 N
1407 1712 1464 1765 ir
1482 1732 1505 1765 s
1524 1730 1550 1765 0
1569 1714 1643 1767 111
1670 1714 1750 1766 111

463 1794 489 1848 ς’
516 1790 635 1839 248.
666 1818 730 1823 —
761 1784 1022 1837 Ceterum
1068 1783 1547 1838 celebratissimus
1574 1784 1748 1854 hujus

463 1854 686 1924 periodi
712 1855 957 1925 scriptor
984 1872 1249 1909 armenus
1276 1858 1361 1908 est
1399 1855 1456 1907 M
1475 1872 1506 1908 o
1525 1871 1594 1909 se
1612 1873 1637 1909 s
1677 1856 1745 1908 de

464 1924 682 1981 Choren
710 1924 1003 1997 (Chorene)
1032 1926 1349 1997 episcopus,
1371 1942 1541 1994 quem
1563 1926 1748 1982 Eccle-

462 1999 546 2050 sia
572 2013 802 2052 armena
839 1998 962 2063 jam
1007 1998 1080 2050 ab
1123 2000 1309 2051 aetate
1354 2003 1569 2052 remota
1597 1998 1748 2051 inter

463 2072 653 2138 patres
679 2085 785 2121 sec.
813 2067 882 2121 V.
909 2072 1228 2122 veneratur.
1281 2068 1448 2123 Vitae
1500 2070 1619 2123 fata
1661 2075 1749 2124 sat

462 2140 662 2208 ignota
698 2142 850 2193 sunt.
902 2139 1118 2193 Ferunt
1156 2156 1285 2193 eum
1327 2157 1374 2194 c.
1418 2157 1469 2192 a.
1496 2144 1602 2197 370
1628 2157 1745 2194 esse

462 2214 681 2271 natum,
709 2211 958 2280 Mesropi
1001 2211 1174 2263 fuisse
1203 2211 1575 2280 discipulum,
1621 2213 1744 2266 Ale-

461 2281 762 2335 xandriam
806 2282 1059 2345 missum,
1106 2285 1173 2335 ut
1233 2282 1546 2352 perfectius
1586 2283 1744 2336 addi-

463 2357 641 2406 sceret
655 2352 913 2424 linguam
931 2370 1192 2424 graecam
1214 2353 1570 2422 idoneusque
1582 2359 1743 2418 esset,

463 2423 564 2492 qui
608 2423 979 2478 adhiberetur
1023 2424 1085 2477 in
1128 2425 1474 2495 perficienda
1515 2443 1556 2478 s.
1602 2424 1744 2479 Scri-

462 2499 665 2564 pturae
687 2495 946 2550 versione
969 2519 978 2549 :
1007 2495 1140 2551 inde
1162 2495 1373 2550 redisse
1391 2513 1492 2566 per
1509 2496 1743 2551 Romam

461 2567 735 2630 Athenas,
777 2567 1335 2637 Constantinopolim
1378 2572 1509 2637 post
1546 2568 1744 2622 decen·

461 2638 648 2692 nalem
665 2639 984 2693 absentiam
1000 2639 1062 2692 in
1079 2638 1325 2709 patriam
1343 2661 1354 2700 ;
1373 2642 1587 2693 factum
1609 2639 1739 2693 dein

460 2727 576 2764 esse
621 2709 958 2782 episcopum
1001 2710 1521 2781 bagrevandensem
1567 2714 1742 2779 atque

459 2781 666 2835 obiisse
694 2797 883 2835 senem
912 2783 1028 2835 fere
1053 2789 1151 2837 120
1183 2799 1464 2836 annorum
1488 2798 1600 2836 c.a.
1618 2786 1741 2839 487.

459 2853 544 2905 Ob
571 2852 952 2907 eruditionem
970 2869 1321 2922 operumque
1338 2852 1740 2907 historicorum

458 2925 869 2992 praestantiam
881 2925 1070 2978 dictus
1087 2928 1173 2977 est
1187 2941 1321 2977 suae
1333 2923 1522 2994 gentis
1537 2924 1740 2987 „Hero-

457 2994 678 3058 dotus,“
701 2996 1030 3058 „doctorum
1047 2999 1260 3064 pater.“
1283 2996 1493 3049 Verum
1507 2995 1741 3064 quidem

456 3070 542 3119 est
581 3083 687 3121 sec.
731 3067 796 3120 V.
833 3067 1116 3120 exstitisse
1156 3066 1487 3138 episcopum
1530 3067 1741 3135 Moysis

455 3138 687 3191 nomine
705 3139 844 3191 bene
862 3139 930 3191 de
949 3155 1052 3191 sua
1063 3140 1252 3208 patria
1263 3138 1551 3203 meritum,
1565 3155 1739 3207 quam

458 3208 644 3262 verbis
695 3208 1055 3279 scriptisque,
1110 3210 1365 3263 versione
1404 3210 1736 3291 praesertim

455 3295 691 3361 operum
704 3280 957 3343 utilium,
970 3280 1301 3334 illustravit.
1312 3283 1538 3350 Scripta
1546 3283 1740 3334 tamen

455 3366 576 3417 ejus
605 3350 901 3420 perierunt
925 3353 1016 3406 vel
1042 3355 1194 3404 certo
1216 3352 1498 3422 assignari
1533 3369 1739 3420 neque·

456 3425 593 3474 unt:
619 3425 854 3491 propter
881 3423 1129 3475 nominis
1157 3441 1286 3477 vero
1304 3421 1547 3493 gloriam
1571 3424 1740 3492 plura

455 3492 507 3544 ei
533 3494 691 3545 fuere
721 3493 1038 3563 supposita,
1066 3497 1134 3547 ut
1158 3493 1460 3559 rhetorica,
1506 3511 1740 3564 geogra-

453 3562 610 3632 phia,
656 3564 744 3616 vel
791 3563 916 3634 ipsa
961 3566 1079 3617 tam
1122 3565 1402 3619 celebrata
1455 3571 1741 3620 Armeniae

451 3637 674 3688 historia
703 3635 761 3687 ll.
780 3641 813 3690 3
839 3635 1048 3706 (medio
1070 3652 1209 3690 aevo
1231 3635 1741 3691 circumferebatur

453 3705 488 3757 1.
512 3715 562 3769 4,
583 3706 684 3773 qui
707 3723 858 3759 nunc
876 3705 1269 3772 desideratur),
1297 3707 1356 3760 in
1375 3707 1588 3776 quibus
1603 3724 1739 3776 qua·

453 3777 695 3829 tundam
747 3776 1093 3833 familiarum
1143 3779 1428 3833 nobilium
1478 3780 1739 3848 genealo-

451 3848 576 3914 gias
603 3851 661 3902 et
685 3851 844 3918 gesta
872 3853 1067 3902 narrat
1091 3850 1163 3903 ad
1191 3867 1240 3902 a.
1264 3865 1445 3917 usque
1472 3855 1578 3905 428
1602 3850 1739 3903 alia·

452 3936 563 3987 que
604 3918 841 3973 minoris
881 3921 1153 3975 momenti
1193 3921 1575 3990 persequitur,
1617 3923 1738 4002 plu·

451 3992 1051 4058 resque“continentur
1097 3992 1346 4046 fabulae.
1395 3993 1736 4062 Saepissime

450 4079 515 4114 ea
557 4062 803 4133 prodiit:
845 4063 929 4117 ita
969 4063 1381 4118 Amstelodami
1431 4070 1563 4120 1695
1598 4067 1736 4124 etc.;

453 4133 707 4188 Venetiis
778 4142 905 4189 1881
927 4154 940 4199 ;
1018 4135 1341 4204 germanice
1402 4134 1734 4258 interprete,

449 4204 682 4268 Lauer,
710 4205 1056 4259 Ratisbonae
1092 4212 1242 4263 1869.
1287 4207 1470 4276 Opera
1497 4221 1560 4259 co
1590 4206 1737 4259 lecta

450 4276 787 4344 prodierunt
807 4275 1065 4331 venetiis
1096 4284 1263 4336 1833:
1296 4285 1449 4334 1865.
1476 4276 1559 4331 Cf.
1582 4278 1626 4329 V
1645 4294 1673 4331 e
1692 4280 1717 4330 t

451 4349 563 4400 ter
603 4347 714 4399 KL.
749 4355 825 4411 8⁹,
871 4354 1251 4404 1955—1063:
1305 4349 1356 4400 N
1376 4348 1613 4402 irschl
1639 4349 1734 4412 ΙΙΙ,

448 4419 1558 4485 §245.246;Bardenhewer15109
1585 4437 1642 4476 11.
1670 4426 1734 4476 6;

449 4491 532 4543 Ca
547 4508 573 4542 r
589 4489 767 4542 riere
798 4491 1107 4545 Nouvelles
1135 4508 1360 4544 sources
1377 4491 1445 4544 de
1463 4490 1640 4545 Moise
1665 4490 1733 4543 de

451 4559 696 4614 Khoren.
750 4560 965 4615 Etudes
992 4562 1265 4630 critiques
1293 4561 1547 4616 Viennae
1580 4569 1734 4626 1893,

447 4649 576 4684 eum
605 4634 1006 4713 supplemento
1039 4640 1192 4697 1894,
1222 4633 1536 4687 secundum
1584 4650 1732 4701 quae

448 4702 605 4756 illius
632 4703 870 4756 historia
901 4704 1200 4771 antiquior
1242 4721 1355 4756 non
1383 4709 1468 4757 est
1495 4720 1600 4757 sec.
1630 4706 1732 4757 VII

449 4774 536 4826 ve]
569 4773 722 4830 vlu:
769 4775 990 4828 Choren
1034 4775 1067 4828 S
1087 4781 1111 4827 t
1127 4791 1155 4827 e
1173 4795 1210 4845 p
1228 4776 1263 4827 h
1282 4791 1316 4827 a
1334 4793 1369 4827 n
1388 4791 1417 4826 e
1460 4776 1521 4829 in
1549 4775 1731 4828 doctis

1902 1127 1979 1179 ‘23
1990 1126 2044 1179 3.
2093 1115 2417 1176 Historiam
2457 1116 2885 1174 ecclesiasticam
2920 1136 3087 1192 prae-

1805 1208 1899 1264 ter
1931 1207 2498 1264 Theodoretum
2531 1208 2593 1262 et
2624 1205 3086 1280 Prosperum

1809 1295 2185 1354 concinnavit
2246 1294 2607 1354 Socrates
2668 1294 3085 1353 Constantino-

1804 1384 1926 1459 poli
1959 1387 2137 1443 natus
2170 1402 2217 1446 c.
2242 1394 2365 1447 380
2391 1382 2754 1458 professione
2773 1384 3086 1443 scholasti-

1806 1491 1910 1531 cus
1931 1492 2037 1532 seu
2048 1474 2117 1531 ad
2127 1476 2384 1543 vocatus,
2399 1472 2504 1548 qui
2518 1472 2764 1530 Eusebii
2784 1473 3085 1531 historiam

1805 1562 2177 1621 continuavit
2198 1562 2259 1620 ll.
2283 1562 2389 1620 VII
2403 1562 2475 1620 ad
2492 1582 2542 1619 a.
2566 1569 2714 1623 439.
2738 1562 2864 1620 Etsi
2885 1561 3083 1637 ipsum

1806 1651 1986 1710 fuisse
2033 1651 2435 1710 Novatianum
2467 1651 2562 1709 vel
2607 1649 2956 1709 Novat-ianis
3001 1651 3087 1708 fa-

1805 1740 1960 1799 visse
2006 1742 2287 1798 censeant
2314 1740 2536 1816 plureS,
2588 1758 2696 1798 nec
2744 1740 2874 1815 ejus
2920 1739 3088 1798 labor

1803 1829 2003 1888 naevis
2048 1832 2259 1898 eareat,
2306 1848 2425 1888 non
2471 1829 2752 1887 minimae
2799 1827 3084 1887 utilitatis

1804 1921 1897 1976 est
1933 1919 2069 1976 haec
2100 1913 2429 1997 historia¹).
2478 1917 2793 1993 Multiplex
2823 1919 2953 1991 ejus
2984 1936 3082 1975 ex-

1804 2009 1925 2065 stat
1956 2007 2148 2065 versio
2179 2007 2393 2066 latina:
2427 2006 2622 2081 prima
2653 2010 2747 2064 est
2778 2007 3081 2082 Epipha-

1801 2096 1915 2155 nii
1950 2095 2305 2167 scholastici,
2340 2096 2446 2171 qui
2479 2095 2809 2154 cassiodori
2844 2097 3084 2154 hortatu

1802 2203 1938 2243 eum
1970 2185 2034 2242 in
2067 2202 2129 2243 se
2163 2188 2507 2259 susceperat
2537 2185 2816 2243 laborem.
2878 2185 2961 2243 Ea
2991 2187 3084 2242 est

1801 2273 2055 2344 indocta,
2091 2273 2233 2349 quia
2252 2273 2544 2349 interpres
2577 2291 2686 2333 nec
2704 2292 2946 2350 graecae
2975 2291 3083 2331 nec

1800 2362 2019 2421 latinae
2051 2361 2293 2438 linguae
2325 2362 2469 2420 satis
2500 2362 2730 2438 peritus
2776 2361 2910 2424 fuit.
2976 2362 3079 2419 Al-

1801 2454 1926 2510 tera
1957 2452 2047 2510 est
2070 2450 2407 2527 Wolfgangi
2442 2452 2600 2509 Mus
2619 2451 2781 2509 culi
2813 2450 3079 2509 monachi

1800 2639 2016 2709 proleg.
2056 2655 2191 2692 suae
2232 2639 2368 2692 edit.
2405 2638 2833 2693 reos-rmenieae
2871 2638 3080 2692 Peters-

1801 2711 1948 2780 burg
2003 2711 2169 2769 1897;
2232 2710 2681 2764 Gutsehmid
2747 2709 2930 2763 Ueber
2988 2709 3079 2763 die

1801 2781 2342 2850 Glaubwiirdigkeit
2367 2783 2467 2835 der
2492 2797 2630 2835 arm.
2660 2781 2863 2836 Gesch.
2888 2781 2987 2833 des
3009 2780 3078 2833 M.

1798 2870 1851 2905 v.
1879 2853 2141 2906 Khoren:
2192 2851 2455 2907 Berichte
2485 2854 2623 2906 iiber
2649 2852 2741 2906 die
2769 2851 3079 2905 Verhandl.

1798 2924 1898 2977 der
1923 2924 1978 2975 k.
2007 2924 2186 2978 sachs.
2213 2923 2338 2977 Ges.
2366 2923 2466 2978 der
2492 2924 2601 2983 W..
2638 2923 3079 2992 Philolog.-hist.

1798 2994 1889 3048 Kl.
1946 3001 2083 3052 1878
2130 2994 2384 3059 XXVIlI,
2441 3002 2629 3053 1--43.
2683 3028 2748 3036 —
2796 2993 2967 3047 Mosis
3010 2993 3079 3046 de

1799 3065 2052 3120 Chorene
2080 3066 2378 3121 historiam
2399 3067 2566 3135 quasi
2586 3064 2954 3120 continuavit
2976 3065 3081 3117 La-

1797 3153 2015 3191 zarus
2066 3137 2408 3191 Pharbensis
2470 3136 2820 3201 'Pharbetzih
2875 3135 3080 3190 Elisaei

1796 3207 2031 3274 amicus,
2059 3209 2161 3277 qui
2178 3209 2312 3263 stilo
2341 3207 2450 3261 niti
2494 3227 2525 3262 o
2544 3212 2601 3262 et
2615 3220 2839 3278 compto
2856 3207 3083 3277 scripsit

1795 3283 2097 3334 Historiam
2120 3284 2411 3334 Arme'm'ae
2435 3282 2510 3334 ab
2534 3297 2584 3332 a.
2606 3287 2907 3344 388—485,
2935 3294 3081 3347 quae

1798 3350 1953 3404 edita
1980 3350 2095 3403 fuit
2119 3367 2153 3403 a
2171 3350 2594 3414 Mechitaristis‚
2623 3350 2882 3405 Venetiis
2914 3355 3077 3408 1793:

1802 3427 1967 3480 1807;
2001 3425 2153 3478 1873.
2181 3422 2323 3477 Eine
2350 3423 2533 3478 durch
2564 3420 3083 3493 Unparteilichkeit

1798 3493 1915 3545 und
1945 3492 2183 3563 Strenge
2211 3494 2310 3547 des
2330 3493 2585 3548 Urtheils
2612 3493 3080 3564 ausgezeiehuete

1797 3563 2136 3617 Geschiehte
2201 3567 2556 3628 ArmenienS,
2619 3564 2819 3633 inquit
2878 3563 3079 3616 Krum·

1795 3636 2004 3689 bacher
2031 3654 2086 3704 p.
2113 3640 2262 3692 407⁹.

1873 3710 1910 3777 ¹)
1938 3706 2484 3761 Bardenhevver
2509 3716 2536 3773 §
2562 3712 2631 3763 79
2658 3725 2713 3758 11.
2742 3714 2804 3762 2:
2834 3707 2913 3759 Im
2941 3707 3081 3758 Aus-

1796 3777 1979 3831 druck
2007 3778 2315 3832 schlichter
2356 3778 2476 3831 und
2517 3777 2809 3831 eiufacher
2848 3777 2930 3830 als
2972 3775 3079 3830 Eu·

1795 3849 2006 3912 sebius,
2032 3848 2095 3901 in
2121 3850 2221 3903 der
2249 3849 2620 3919 Darstellung
2646 3849 2935 3902 ehrlicher
2960 3846 3081 3899 und

1794 3920 2190 3989 aufrichtiger,
2224 3920 2514 3974 bekundet
2552 3937 2610 3973 er
2647 3919 2913 4001 zugleieh
2938 3917 3079 3973 Sinn

1793 3991 1885 4043 fiir
1902 3991 2324 4062 Quellenkritik
2353 3992 2471 4045 und
2494 3993 2587 4044 fiir
2600 3991 2956 4060 Ermittlung
2982 3990 3080 4042 des

1794 4064 2060 4116 causalen
2080 4062 2635 4133 Zusammenhanges
2649 4062 2750 4116 der
2764 4061 3080 4132 geschicht-

1793 4132 1983 4187 lichen
2011 4133 2498 4204 Erscheinungen.
2552 4134 2879 4187 Naevorum
2905 4136 2963 4185 et
2999 4149 3079 4185 cr·

1794 4221 1986 4258 rorum
2048 4205 2251 4259 seriem
2315 4205 2457 4259 bene
2533 4206 2765 4274 longam
2828 4206 3082 4257 recenset

1791 4276 1872 4329 Sc
1890 4276 1927 4332 11
1946 4282 1979 4328 ii
1998 4295 2025 4329 z
2076 4277 2127 4330 S.
2179 4275 2229 4328 J.
2281 4275 2343 4330 111
2394 4279 2696 4331 comment.
2747 4275 2946 4329 critico
3007 4275 3077 4326 de

1792 4347 2020 4416 scriptis
2047 4350 2105 4400 et
2130 4346 2506 4416 scriptoribus
2546 4346 2851 4406 historicis,
2893 4346 3079 4415 Ingol·

1791 4417 1964 4472 stadii
1995 4421 2125 4475 1761
2156 4435 2287 4489 pag.
2314 4427 2413 4475 421
2430 4453 2478 4459 —-
2494 4426 2579 4475 30.
2622 4417 2704 4472 Cf.
2745 4418 2793 4471 G
2810 4435 2839 4470 e
2856 4436 2893 4487 p
2910 4435 2947 4485 p
2966 4433 2994 4469 e
3011 4434 3039 4468 r
3056 4421 3081 4470 t

1791 4489 1884 4543 die
1913 4489 2151 4555 Quellen
2181 4489 2283 4542 der
2308 4490 2372 4542 K.
2405 4491 2470 4543 G.
2498 4490 2594 4543 des
2623 4491 2882 4544 Socrates
2909 4489 3076 4542 Scho-

1790 4561 2034 4615 lastikus
2061 4560 2121 4614 in
2152 4560 2488 4615 Bonwetseh
2535 4562 2655 4615 und
2678 4561 2885 4615 Seeber
2950 4561 3076 4615 Stu-

1790 4632 1922 4687 dien
1938 4651 2038 4686 zur
2056 4631 2254 4688 Gesch.
2285 4633 2386 4686 der
2403 4632 2715 4703 Theologie
2732 4631 2850 4685 und
2921 4630 3075 4685 irche

1790 4705 1867 4757 111
1893 4704 2027 4757 fasc.
2060 4705 2151 4768 IV,
2180 4703 2405 4774 Lipsiae
2440 4709 2574 4761 1898
2594 4725 2605 4762 ;
2658 4702 2706 4755 K
2724 4721 2761 4755 n
2777 4721 2810 4757 o
2828 4719 2857 4755 e
2875 4721 2913 4772 p
2930 4703 2988 4756 fl
3002 4719 3033 4755 e
3050 4720 3077 4754 r

1789 4776 1901 4828 KL.
1932 4776 2024 4839 Xl,
2065 4779 2359 4832 473—476.
