3505 5161
164 4791 235 4842 ’Ἡ

470 222 585 278 155
1310 214 1607 264 326μ-400.
1635 207 1687 262 S.
1715 207 1961 262 Basilius
1991 207 2248 279 Magnus.
2965 227 3082 279 ¹50

532 386 761 460 ‘80.Ex
783 396 913 471 ejus
950 395 1221 471 epistolis,
1254 392 1490 469 rejectis
1521 390 1744 469 spuriis
1802 388 2009 453 Basilii
2055 397 2116 454 et
2162 394 2455 455 Ecclesiae
2496 394 2672 453 ‘illius
2719 394 2935 454 aetatis
2986 414 3083 455 ex·

460 484 804 560 dubiisque,
844 483 1183 561 cujusmodi
1214 486 1360 542 sunt
1390 501 1480 558 ep.
1513 482 1586 541 ad
1621 481 1744 539 Li·
1801 478 2131 565 hibent'1).«
2200 484 2364 542 Inter
2394 478 2684 543 editiones
2730 486 2953 544 eminet
2997 500 3082 553 ea,

461 573 772 635 banium
793 616 806 642 ,
838 573 879 632 J
890 572 1241 632 ulianum
1272 572 1620 648 apostatam,
1641 570 1743 628 ad·
1799 588 1978 646 quam
2028 571 2340 634 adornavit
2388 572 2445 636 J.
2466 602 2471 611 ι
2496 572 2758 643 Garnier,
2825 573 3086 633 absolvit

460 682 673 722 versus
722 662 1178 722 Eunomium
1230 659 1609 731 haereticum,
1668 659 1746 718 ad
1801 679 1939 720 vero
1991 663 2346 721 Mareu-us
2397 666 2657 738 uterque
2703 681 2738 720 e
2787 676 2984 739 congr.
3037 681 3083 723 s.

462 745 1743 831 Apollinaremlaod.(cs.suprap.l52a.)
1801 749 1990 809 Mauri
2038 750 2282 810 Parisiis
2340 759 2681 815 1721—-30
2733 754 2779 810 t.
2828 760 2864 813 3
2915 748 2981 810 in
3031 753 3083 823 f;

459 846 571 901 etc.
606 843 934 918 supersunt
967 849 1091 904 319
1128 836 1221 897 vel
1251 839 1403 897 sorte
1438 847 1581 903 325.
1628 834 1745 896 Eae
1798 840 2108 900 emendata
2138 843 2199 900 et
2227 843 2404 899 aucta
2433 857 2575 899 cura
2593 839 2656 901 L.
2676 836 2749 899 de
2782 840 3085 900 Sinners

461 931 637 1008 plane
683 934 827 989 sunt
872 930 1193 1006 elegantes,
1246 945 1395 1004 quas
1441 926 1571 1003 ejus
1616 944 1741 985 ma·
1799 927 1878 986 ib.
1905 938 2072 993 1839
2107 930 2150 991 t.
2187 939 2222 993 3
2256 930 2321 988 in
2355 939 2425 999 43
2456 932 2694 1006 recepta
2719 932 2785 988 et
2815 930 3082 1005 locuple-

458 1019 649 1096 gister
665 1019 970 1087 Libanius‚
1003 1017 1361 1093 praecipuus
1381 1034 1451 1075 eo
1476 1019 1743 1092 tempore
1797 1019 1926 1076 tata
1969 1018 2248 1094 pluribus
2294 1018 2716 1077 additamentis
2761 1038 2796 1077 a
2823 1019 3084 1096 Migne

460 1109 677 1178 rhetor,
711 1107 951 1167 maximi
980 1106 1140 1179 fecit,
1174 1105 1491 1164 admodum
1523 1104 1743 1181 pretios-
1799 1105 1861 1167 P.
1912 1108 1976 1165 G.
2027 1110 2071 1165 t.
2119 1103 2638 1177 ΧΧΙΧ-ΧΧΧΙΙς
2690 1107 3079 1168 Animadver-

461 1216 560 1257 sae
591 1200 654 1257 et
682 1198 864 1257 utiles
885 1212 990 1273 pro
1010 1195 1257 1255 historia
1277 1194 1440 1253 illius
1460 1194 1744 1269 temporis
1799 1196 1996 1255 siones
2042 1196 2103 1254 in
2150 1215 2196 1255 s,
2243 1195 2449 1256 Basilii
2483 1196 2558 1255 M.
2591 1194 2783 1273 opera,
2837 1198 3084 1273 supple-

462 1291 522 1346 et
560 1286 981 1346 controversiis
1011 1287 1159 1343 tunc
1187 1283 1431 1361 agitatis
1446 1280 1514 1365 ¹).
1578 1283 1744 1342 Inter
1798 1287 2066 1347 mentum
2114 1285 2394 1346 editionis
2427 1285 2824 1345 Garnerianae
2871 1303 3081 1345 secun-

457 1394 558 1435 eas
591 1381 734 1435 sunt
753 1375 953 1452 magni
972 1372 1257 1433 momenti
1289 1390 1395 1449 pro
1427 1368 1744 1448 disciplina
1799 1373 1904 1432 dae
1935 1373 2140 1433 edidit
2158 1378 2224 1437 A.
2257 1374 2294 1432 J
2310 1375 2590 1433 abuius
2639 1376 2863 1433 Bernae
2919 1386 3079 1437 1842

460 1465 880 1541 poenitentiali
898 1467 1020 1523 tres
1054 1480 1137 1539 ep.
1170 1458 1476 1521 canonicae
1504 1461 1579 1519 ad
1600 1462 1741 1519 Am·
1796 1462 1934 1521 fasc.
1977 1475 2025 1526 1.
2060 1464 2121 1522 in
2155 1468 2194 1523 t.
2238 1476 2288 1527 1.

461 1554 846 1631 philochium.
911 1553 1073 1611 Num
1129 1552 1398 1628 Lituryia
1449 1550 1561 1610 sub
1614 1551 1742 1625 ejus

457 1644 698 1702 nomine
745 1661 852 1718 per
883 1641 1185 1701 Orientem
1233 1638 1555 1716 vulgata²)‚
1602 1639 1742 1698 talis
1845 1638 1850 1641 ’
1889 1650 1990 1705 81.
2041 1643 2097 1700 S.
2150 1642 2579 1719 Gregorius
2641 1642 2823 1701 frater
2874 1642 3082 1717 junior

458 1732 657 1808 qualis
675 1749 835 1791 nunc
856 1730 1124 1800 hahetur,
1158 1730 1287 1803 ejus
1319 1730 1401 1788 sit
1418 1746 1587 1804 opuS,
1620 1745 1741 1787 non
1796 1734 1925 1789 erat
1956 1748 2001 1789 s,
2034 1730 2263 1802 Basilii,
2311 1730 2418 1806 qui
2461 1749 2596 1790 cum
2644 1746 2843 1790 sorore
2876 1749 2921 1790 s.
2955 1732 3077 1790 Ma-

462 1822 608 1879 satis
656 1822 867 1896 liquet.
932 1819 1074 1877 Eam
1121 1817 1303 1876 habes
1349 1818 1413 1876 in
1460 1819 1560 1876 Da
1580 1818 1742 1877 niel
1796 1819 1958 1878 crina
2008 1821 2267 1879 multum
2317 1820 2579 1880 contulit
2627 1822 2837 1895 utpote
2887 1824 3081 1880 aetate

456 1908 594 1972 Cod.
647 1911 853 1986 liturg.
902 1907 1056 1966 Eccl.
1120 1906 1447 1977 orientalis,
1508 1907 1741 1983 Lipsiae
1795 1909 1985 1984 maj0r
2014 1908 2088 1967 ad
2117 1928 2254 1968 eum
2282 1909 2348 1967 in
2367 1908 2528 1968 omni
2547 1909 2758 1985 pietati
2787 1912 2853 1968 et
2883 1910 3078 1968 literis

469 2008 629 2062 1853
653 1998 753 2066 IV,
792 2005 1159 2061 421-438.
1193 1995 1328 2054 Alia
1357 2013 1553 2072 opera,
1589 2013 1740 2071 quae
1797 1997 1985 2056 solide
2016 1997 2486 2057 instituendum:
2523 1997 2904 2073 quamobrem
2937 1999 3078 2058 Gre-

456 2088 569 2145 sub
599 2089 728 2163 ejus
748 2086 987 2146 nomine
1008 2084 1523 2154 circumferuntur,
1558 2084 1741 2144 dubia
1794 2087 1999 2163 gorius
2044 2105 2182 2146 eum
2229 2091 2437 2164 gratus
2476 2089 2706 2163 patrem
2739 2091 2920 2162 atque
2954 2108 3078 2147 ma-

455 2177 552 2234 vel
584 2176 787 2251 spuria
820 2168 1371 2251 praetermittimus·
1420 2173 1739 2233 Unanimes
1794 2176 2053 2252 gistrum
2086 2176 2363 2253 appellat.
2413 2177 2560 2235 Cum
2582 2176 2707 2252 jam
2740 2177 2981 2235 lectoris
3015 2177 3078 2234 in

454 2269 655 2324 autem
709 2267 855 2323 sunt
902 2263 1123 2322 eruditi
1172 2262 1236 2320 in
1274 2262 1741 2338 depraedicanda
1793 2263 2040 2323 ecelesia
2057 2283 2304 2325 munere
2325 2267 2693 2342 fungeretur,
2729 2265 2913 2324 nimio
2946 2266 3078 2323 rhe-

455 2373 701 2429 operum
723 2372 768 2411 8.
791 2352 996 2412 Basilii
1017 2351 1394 2427 praestantia.
1442 2351 1740 2411 Mirantur
1794 2353 2011 2413 torices
2061 2354 2264 2414 studio
2323 2354 2608 2429 abreptus
2656 2371 2820 2413 sacra
2864 2354 3082 2413 militia

452 2444 578 2502 scil.
628 2443 731 2511 „in
779 2441 1018 2518 scriptis
1048 2439 1253 2499 Basilii
1286 2440 1569 2499 orationis
1601 2460 1736 2516 per·
1793 2440 2002 2503 relicta
2045 2444 2118 2501 ad
2164 2460 2388 2502 munus
2433 2442 2682 2503 docendi
2725 2443 3079 2503 rhetoricam

453 2532 833 2609 spicuitatem
865 2529 1157 2599 eximiam,
1205 2529 1556 2601 facundiam,
1610 2529 1734 2590 sin-

451 2623 723 2699 gularem
755 2621 1053 2697 quandum
1093 2620 1156 2677 in
1190 2618 1517 2696 Scripturis
1552 2621 1737 2679 inter-

456 2710 759 2786 pretandis
790 2711 1157 2779 facilitatem,
1208 2707 1526 2767 verborum
1576 2709 1734 2768 dele·

447 2793 633 2858 ctum
688 2803 753 2858 et
830 2798 1263 2858 sententiarum
1342 2799 1735 2874 gravitatem3

450 2890 802 2964 praesertim
833 2886 1212 2946 felicissimus
1246 2891 1341 2944 est
1381 2886 1443 2944 in
1477 2888 1735 2965 seligen-

449 2977 543 3035 dis
590 2977 873 3053 exemplis
920 2976 1095 3051 aptis,
1156 2975 1222 3034 in
1270 2993 1469 3033 rerum
1518 2980 1736 3036 natura

450 3067 799 3142 explicanda
829 3070 892 3124 et
920 3065 983 3123 in
1013 3064 1348 3139 praeceptis
1369 3082 1601 3124 morum
1632 3086 1735 3143 ap·-

450 3155 684 3214 tissime
735 3153 1116 3213 deducendis.
1181 3153 1251 3210 In
1301 3152 1557 3213 homiliis
1606 3156 1736 3230 ejus

450 3245 599 3302 nihil
649 3245 927 3314 otiosum,
979 3242 1131 3300 nihil
1178 3241 1519 3301 redundans
1567 3244 1734 3302 inve-

452 3334 637 3403 nitur,
685 3334 747 3390 in
793 3333 913 3391 illis
960 3331 1139 3390 densa
1171 3333 1315 3388 sunt
1345 3335 1404 3390 et
1437 3335 1737 3407 compacta

450 3423 665 3491 omnia,
698 3439 1018 3480 nervorum
1051 3423 1113 3477 et
1132 3417 1350 3477 virium
1372 3422 1564 3493 plena,
1598 3439 1734 3480 cum

456 3510 734 3569 omnibus
766 3509 1007 3567 condita
1026 3507 1261 3566 dicendi
1280 3507 1732 3581 festivitatibuS,

454 3605 585 3658 tum
648 3597 1137 3674 praeclarissimis
1206 3596 1734 3673 saluberrimisque

452 3687 783 3763 praeceptis
834 3685 1236 3744 refertissima.
1317 3686 1485 3745 Nihil
1532 3690 1733 3746 autem

453 3779 547 3834 est
577 3778 733 3833 inter
765 3793 941 3851 opera
970 3774 1181 3833 Basilii
1228 3776 1288 3832 et
1326 3774 1479 3834 forte
1510 3777 1575 3835 in
1606 3779 1734 3837 tota

450 3864 813 3942 antiquitate
825 3863 1219 3923 ecclesiastica
1230 3864 1417 3941 magis
1428 3866 1731 3925 eruditum

453 3955 729 4029 lectuque
762 3952 1021 4030 dignius,
1070 3970 1248 4028 quam
1295 3954 1560 4029 ejusdem
1606 3954 1732 4032 epi-

448 4044 650 4113 stolae,
698 4059 850 4118 quae
882 4042 1078 4100 vivam
1112 4041 1429 4118 imaginem
1461 4044 1653 4119 ipsius
1686 4062 1730 4104 s.

532 4276 564 4318 ἰ
595 4267 673 4320 De
719 4283 915 4320 earum
968 4266 1339 4336 chronologia
1390 4269 1459 4323 ef.
1547 4273 1732 4322 meter

448 4337 491 4389 L
509 4354 539 4390 o
560 4355 591 4389 o
610 4340 672 4391 fs
700 4356 790 4406 op.
819 4355 991 4406 supra.
1018 4338 1114 4391 cit.
1142 4357 1196 4407 p.
1224 4343 1318 4393 152
1335 4354 1384 4391 a.
1414 4338 1480 4391 V.
1538 4339 1551 4356 ¹
1571 4358 1650 4392 rn
1668 4343 1732 4393 st

449 4408 659 4461 Ztschr.
688 4409 780 4461 fiir
807 4409 925 4461 Kti.
954 4410 1098 4473 XVI,
1127 4415 1427 4466 626—664.

525 4485 563 4534 ²)
592 4479 672 4532 De
700 4482 821 4548 ejus
849 4480 1085 4551 liturgia
1128 4483 1250 4534 fuse
1279 4485 1336 4535 et
1361 4481 1581 4534 erudite
1621 4481 1729 4534 dis-

448 4551 585 4602 serit
624 4551 897 4619 Propst
947 4551 1225 4606 Katholik
1270 4560 1403 4608 1882
1451 4555 1512 4616 [L
1556 4558 1726 4609 561-
1783 4554 1928 4624 lung
1979 4573 2107 4610 zum
2154 4555 2431 4624 Filioque,
2485 4557 2806 4611 Braunsber

1795 2549 1857 2590 se
1884 2532 2230 2592 transtulitt
2263 2548 2473 2593 verum
2492 2532 2832 2604 amicorum,
2867 2550 2913 2591 s,
2936 2532 3080 2591 Gre-

1792 2622 1946 2697 gorii
1979 2641 2102 2680 naz.
2134 2621 2197 2681 in
2228 2623 2458 2698 primis,
2493 2622 2933 2704 hortationibus
2954 2641 3079 2682 mo-

1791 2713 1893 2770 tus
1925 2711 2105 2787 paulo
2136 2716 2275 2787 post
2306 2713 2371 2770 in
2404 2711 2796 2771 solitudinem
2829 2712 3079 2771 secessit

1791 2802 1972 2874 atque
2015 2803 2201 2859 vitam
2248 2801 2411 2878 degit
2432 2795 2770 2860 asceticam.
2837 2801 3074 2860 Invitus

1793 2887 1857 2947 in
1907 2889 2251 2966 episcopum
2304 2889 2532 2966 Nyssae
2591 2890 2657 2949 in
2709 2889 3077 2966 Cappadocia

1792 2977 2016 3036 electus
2049 2981 2140 3036 est
2173 2975 2372 3058 (371),
2426 2977 2530 3036 sed
2562 2997 2695 3038 mox
2728 2979 2906 3037 etiam
2940 2998 3075 3056 gra—

1791 3067 2066 3126 vissimas
2103 3084 2311 3142 passus
2344 3067 2699 3126 Arianorum
2730 3068 3073 3126 insectatio·

1794 3172 1917 3224 nes,
1971 3156 2044 3213 ah
2096 3154 2339 3227 eisdem,
2392 3156 2652 3215 favente*
2680 3156 3075 3216 Demosthene

1792 3243 2189 3319 Cappadociae
2209 3245 2444 3314 vicario,
2480 3246 2706 3321 synodo
2737 3245 2942 3303 habita
2972 3246 3073 3305 de-

1802 3367 1882 3374 ’.ο

1869 3415 2019 3483 ¹)1ta
2060 3414 2840 3482 Fessler0Jungn1ann
2880 3427 2907 3479 ᾗ·
2956 3421 3074 3476 105,

1789 3489 1847 3537 et
1890 3485 1950 3538 in
1994 3489 2189 3541 annot.
2233 3486 2498 3540 additur:
2553 3481 2709 3548 „Viri
2756 3486 3074 3540 doctissimi

1789 3555 2170 3625 pronunciare
2190 3576 2303 3611 nou
2320 3552 2565 3612 dubit-m
2574 3561 2611 3621 t,
2630 3576 2669 3614 s,
2687 3556 2967 3611 Basilium
2985 3558 3074 3611 vel

1789 3627 2295 3696 praestantissimis
2315 3629 2583 3682 Graeciae
2613 3628 2934 3682 oratoribus
2964 3627 3005 3680 P
3023 3647 3072 3680 e-

1789 3699 1987 3761 ricli,
2045 3700 2329 3768 Lysiae,
2395 3699 2740 3758 Isocrati.
2791 3699 3073 3753 Demos-

1788 3773 1814 3824 t
1828 3770 1867 3824 h
1882 3787 1912 3823 e
1930 3789 1967 3822 n
1984 3770 2003 3823 i
2031 3772 2391 3839 eloquentiae
2413 3772 2662 3842 palmam
2692 3771 3068 3842 praeripere.⁴·

1788 3840 1871 3896 Cf.
1912 3843 1980 3895 de
2040 3843 2252 3897 Basilio
2313 3842 2859 3897 Bardeuhcwer
2908 3855 2933 3906 ς
2987 3847 3073 3904 67.

1787 3915 1950 3982 cuius
1978 3914 2300 3968 encomium
2343 3915 2414 3968 cf.
2455 3915 2608 3968 infra
2634 3934 2690 3985 p.
2722 3923 2821 3971 165
2848 3931 2918 3974 a„
2969 3913 3070 3982 qui

1787 4000 1851 4038 co
1895 3984 2074 4038 iosam
2103 3985 2458 4039 literaturam
2501 3986 2762 4042 exhibet:
2813 3984 2856 4037 P
2873 4002 2901 4037 e
2920 3989 2944 4037 t
2959 4001 2987 4037 e
3005 4001 3031 4037 r
3049 4005 3072 4037 s

1787 4055 1835 4108 K
1888 4097 1900 4108 .
1928 4060 2003 4118 2²,
2033 4063 2273 4113 24—29:
2317 4053 2720 4127 prolegomena
2747 4058 2834 4110 ed.
2862 4055 3072 4109 mauri·

1789 4144 1893 4181 nae
1919 4132 2056 4186 etc:
2101 4129 2170 4181 de
2213 4128 2434 4183 meritis
2485 4128 2791 4198 exegeticis
2835 4128 2903 4178 W
2921 4145 2950 4178 e
2967 4128 2989 4180 i
3006 4147 3031 4181 s
3048 4146 3073 4181 s

1786 4197 1878 4252 dic
1899 4217 2132 4269 grosseti
2153 4199 2549 4270 Kappadocier
2571 4200 2831 4260 Basilius,
2855 4204 3073 4270 (Viregor

1787 4286 1899 4324 von
1927 4269 2176 4324 Nazianz
2226 4272 2343 4327 und
2374 4273 2591 4340 Gregor
2639 4289 2746 4325 von
2775 4272 2958 4340 Nyssa
2985 4269 3071 4325 als

1789 4339 2091 4412 Exegeten.
2145 4341 2249 4395 Ein
2305 4343 2536 4412 Beitrag
2586 4359 2686 4396 zur
2731 4344 2929 4396 Gesch.
2970 4342 3071 4395 der

1786 4411 2053 4483 Exegese,
2067 4414 2427 4483 Bruunsberg
2445 4419 2597 4472 1872:
2615 4415 2666 4467 N
2683 4414 2704 4468 i
2719 4432 2748 4465 r
2761 4432 2786 4469 s
2802 4430 2831 4468 c
2843 4416 2880 4467 h
2893 4414 2914 4468 l
2926 4425 2952 4478 ξ
2974 4419 3070 4469 129

1785 4483 1834 4535 Κ
1852 4501 1879 4536 r
1894 4501 1928 4536 a
1945 4503 1982 4536 n
2001 4486 2021 4538 i
2039 4501 2067 4538 c
2083 4485 2120 4538 h
2149 4485 2250 4538 der
2276 4486 2331 4538 h.
2361 4485 2609 4539 Basilius
2636 4487 2698 4539 iu
2726 4485 2910 4539 seiner
2929 4486 3070 4539 Stel·

2903 4564 3037 4613 1882
3057 4577 3068 4614 z

450 4627 581 4675 582:
628 4627 762 4677 1883
791 4624 845 4680 Ι..
882 4628 1080 4680 1—27:
1128 4630 1435 4684 113-141ς
1464 4628 1521 4677 et
1547 4624 1728 4678 Litur-
1785 4623 1846 4678 Ε.
1874 4627 2009 4681 Sch
2030 4626 2134 4680 oll
2160 4627 2251 4680 die
2283 4628 2456 4681 Lehre
2484 4628 2580 4681 des
2608 4629 2664 4681 h.
2686 4627 2818 4682 Basi
2845 4626 2934 4681 ius
2956 4645 3068 4683 von

447 4692 540 4758 gie
580 4693 679 4744 des
722 4693 812 4745 [V.
853 4693 1052 4747 Jahrh.
1098 4697 1214 4748 und
1270 4695 1440 4748 deren
1484 4697 1727 4756 Reform,
1785 4697 1884 4750 der
1924 4695 2138 4761 Gnade,
2186 4697 2462 4768 Freiburg
2494 4708 2624 4757 1801
2653 4701 2716 4754 in
2744 4707 2805 4755 8:
2859 4699 2918 4753 P.
2963 4693 3066 4751 Al-

452 4762 705 4817 Miinster
739 4770 873 4820 1893
902 4784 954 4834 p.
980 4769 1281 4822 377—412.

1786 4768 1848 4821 la
1871 4770 1951 4822 rd
1981 4771 2058 4822 st.
2085 4769 2290 4826 Basilo.
2319 4769 2553 4824 Parisiis
2584 4778 2720 4828 1899
2746 4774 2850 4824 etc.
