3505 5161
480 247 637 302 ·135

511 436 638 476 mae
682 424 880 486 18873
932 416 1152 495 Hymni
1201 417 1263 477 in
1298 417 1579 481 Zeitschr.
1613 417 1712 478 fur
1741 419 1800 478 k.

509 504 1073 576 Theol„1nnsbruck
1098 513 1283 576 1888,
1298 505 1425 567 XII.
1447 516 1525 571 35
1536 516 1797 571 8--369

510 612 633 655 cur.
664 596 988 671 Dreves,;
1021 595 1211 657 alium
1241 595 1313 655 ef.
1347 595 1426 659 ib.
1458 594 1620 666 XIII,
1642 606 1719 663 73
1733 606 1799 661 7-

516 694 657 747 740.
721 685 867 744 Cum
929 702 974 749 s.
1024 685 1424 763 Hieronymus
1462 703 1524 751 .s.
1569 685 1799 746 Hilario

462 776 463 779 ’
512 773 745 834 tribuat
775 773 1134 851 hymnorum
1166 773 1407 846 librum,
1439 777 1503 833 et
1534 792 1579 836 s.
1611 774 1800 835 Isido-

514 880 619 921 rus
650 862 806 938 hisp.·
835 861 907 921 de
952 864 1090 922 eccl.
1140 863 1233 922 off.
1280 863 1325 934 Ι,
1364 873 1398 927 6
1450 863 1523 921 de
1554 881 1622 925 eo
1655 862 1798 922 scri-

510 952 644 1011 bat:
702 952 1115 1026 ,Hymnorum
1150 952 1408 1013 carmine
1438 952 1644 1013 floruit
1675 951 1800 1029 pri·-

511 1059 645 1101 mus
679 1040 829 1120 (scil.
861 1039 1023 1101 inter
1052 1036 1539 1122 occidentales)‚‘
1585 1041 1798 1101 merito

509 1128 647 1188 inde
681 1129 1005 1208 colligItur,
1038 1149 1175 1189 eum
1213 1130 1320 1207 plu
1332 1148 1425 1190 res
1458 1129 1610 1191 alios
1641 1149 1800 1191 com-

511 1219 780 1293 posuisse
832 1219 1099 1296 hymnos,
1152 1222 1213 1278 et
1264 1238 1470 1279 revera
1520 1220 1633 1281 sub
1667 1220 1799 1295 ejus

513 1308 751 1369 nomine
825 1307 1057 1383 aliquot
1130 1307 1233 1366 alii
1291 1308 1803 1370 circumferuntur

512 1396 748 1473 hymni:
784 1396 890 1457 sed
921 1396 994 1456 de
1014 1415 1218 1457 eorum
1238 1396 1609 1474 genuinitute
1641 1397 1801 1457 inter

512 1486 778 1546 eruditos
798 1485 1267 1547 controvertitur
1281 1482 1347 1568 ²).
1379 1519 1468 1533 «-
1501 1487 1801 1562 Epistolae

517 1593 564 1634 s.
596 1575 905 1651 praesulis,
949 1592 1203 1651 quarum
1235 1578 1394 1635 certe
1424 1593 1544 1635 non
1577 1593 1798 1652 parvus

514 1669 643 1723 erat
672 1682 978 1733 numerus,
1010 1663 1465 1726 interciderunt.

607 1852 705 1904 70.
744 1842 935 1916 Opera
988 1841 1222 1916 saepius
1273 1842 1516 1903 collecta
1560 1840 1796 1917 prodie-

510 1933 684 1989 runt:
737 1929 1065 1989 editionum
1107 1927 1438 2013 omnium2)
1489 1934 1798 2006 praestan-

511 2018 740 2078 tissima
770 2019 1173 2094 omnibusque
1223 2018 1499 2079 absoluta
1530 2019 1798 2079 numeris

511 2111 604 2166 est
634 2126 722 2177 ea,
759 2126 937 2182 quam
979 2106 1290 2167 adornavit
1319 2108 1381 2174 P,
1416 2108 1803 2171 Constant

511 2214 541 2255 e
573 2214 774 2272 congr.
806 2214 852 2255 s.
885 2196 1079 2256 Mauri
1110 2195 1355 2257 Parisiis
1395 2206 1579 2267 1693,
1627 2196 1798 2257 novis

511 2284 670 2345 curis
686 2288 859 2343 aucta
886 2303 921 2342 a
939 2284 1197 2357 Maffei,
1215 2284 1475 2345 Veronae
1502 2295 1667 2349 1730
1691 2291 1735 2350 t.
1761 2295 1795 2351 2

510 2374 573 2431 in
625 2373 682 2440 f.,
745 2391 952 2432 recusa
1014 2372 1117 2432 sed
1180 2374 1475 2446 mendose,
1530 2373 1798 2434 Venetiis

522 2473 685 2527 1749
720 2464 782 2521 et
811 2461 887 2521 ab
920 2462 966 2521 Ο
988 2463 1318 2524 berthfir
1358 2459 1521 2544 (cum
1553 2464 1795 2540 supple-

511 2548 754 2627 mento),
788 2551 1181 2630 Wiirzeburgi
1212 2561 1557 2618 1785--88
1592 2556 1636 2616 t.
1661 2563 1715 2625 4,
1738 2556 1800 2612 et

508 2643 746 2716 recepta
778 2659 911 2700 cum
944 2644 1236 2717 apparatu
1267 2642 1531 2702 literar-io
1564 2661 1598 2700 a
1618 2643 1798 2719 Mig-

510 2748 598 2788 ne
630 2729 692 2788 P.
725 2730 786 2788 L.
819 2727 916 2790 IX.
949 2730 1018 2789 X.
1080 2730 1270 2790 Stilus
1316 2732 1574 2791 auctoris
1605 2731 1799 2791 nostri

509 2821 605 2878 est
636 2837 901 2894 pressus,
921 2819 1213 2890 concisus,
1243 2838 1556 2892 nervosuS,
1592 2824 1653 2879 et
1673 2820 1796 2880 elo-

512 2908 790 2983 quentiae
811 2907 1151 2986 singularis,
1186 2910 1347 2969 unde
1366 2909 1520 2970 belle
1554 2927 1599 2974 s,
1629 2910 1796 2968 Hie·

509 3015 883 3074 ronymus
945 2999 986 3063 l,
1031 2998 1089 3057 II
1134 2999 1198 3057 in
1243 3018 1335 3074 ep.
1381 2998 1453 3057 ad
1488 2999 1610 3061 Gal.
1658 3017 1796 3057 eum

512 3085 660 3145 dicit
695 3087 1112 3162 ,eloquentiae
1143 3087 1359 3146 latinae
1379 3087 1747 3158 Rhodanum,
1767 3095 1794 3125 ‘

512 3174 614 3233 sed
649 3194 853 3234 verum
901 3177 1076 3234 etiam
1124 3179 1216 3234 est
1264 3196 1399 3234 eum
1438 3196 1513 3245 ,a
1541 3176 1797 3235 lectione

513 3264 942 3340 simpliciorum
962 3264 1217 3323 fratrum
1236 3266 1411 3342 longe
1432 3283 1576 3336 esse,
1592 3273 1619 3301 α
1639 3267 1797 3328 teste

512 3502 824 3574 pretiosum
869 3522 972 3584 pro
1000 3505 1240 3560 historia
1266 3523 1307 3560 e.
1334 3504 1606 3586 liturgiae
1636 3504 1797 3561 illius

511 3575 799 3644 temporis,
828 3575 962 3630 hinc
987 3575 1135 3630 illud
1157 3575 1328 3631 simul
1346 3576 1531 3630 edidit
1572 3576 1798 3631 Prodiit

512 3663 707 3699 rursus
731 3650 1013 3711 accurate,
1040 3650 1323 3715 quantum
1342 3647 1461 3701 fieri
1478 3648 1687 3718 potuit,
1714 3648 1797 3701 in-

512 3721 597 3770 ter
634 3716 845 3771 Itinera
889 3717 1395 3787 hierosolymitana
1422 3719 1509 3774 ed.
1540 3719 1585 3773 G
1603 3737 1631 3772 e
1650 3737 1686 3787 y
1704 3737 1732 3773 e
1749 3738 1796 3782 r,

512 3788 737 3857 Lipsiae
771 3793 921 3845 1899.

589 3867 603 3898 ¹
655 3858 738 3913 Of.
764 3859 826 3913 B.
856 3859 1272 3916 Hoelscher
1299 3861 1369 3916 de
1396 3861 1794 3917 ss.Dan1asiP.

512 3934 569 3982 et
649 3929 803 3985 ilarii
830 3948 916 4002 ep.
945 3931 1082 4000 pict.
1126 3932 1228 3999 qui
1255 3932 1521 3987 feruntur
1561 3934 1794 4002 hymnis

512 4001 703 4065 sacris,
731 4002 1064 4057 Monasterii
1089 4008 1255 4062 18583
1281 4003 1333 4057 J.
1359 4003 1409 4057 Κ
1425 4021 1459 4057 a
1475 4023 1511 4073 y
1529 4022 1555 4058 s
1571 4021 1601 4057 e
1616 4023 1645 4058 r
1672 4004 1796 4059 Bei-

512 4079 672 4143 triige
699 4091 800 4127 zur
826 4075 1023 4128 Gesch.
1066 4074 1185 4128 und
1213 4075 1542 4146 Erklarung
1581 4076 1680 4129 der
1719 4077 1794 4130 al-

514 4149 695 4198 testen
736 4144 1257 4214 Kirchenhymnen,
1299 4146 1626 4200 Paderborn
1660 4155 1789 4204 1881

513 4217 599 4272 ed.
628 4224 659 4270 2
688 4235 742 4286 p.
772 4221 1005 4272 52—-88.

1488 237 1791 290 326-400.
1818 229 1872 287 S.
1899 229 2175 289 Hilarius.

3021 250 3144 305 136

1858 417 2064 481 eodem
2110 436 2160 484 s.
2192 418 2551 496 Hieronymo
2596 435 2689 492 ep.
2730 426 2806 480 58
2841 436 2896 480 n.
2940 429 3035 489 10,
3071 418 3149 477 ob

1856 506 2156 583 longiores
2178 504 2481 569 interdum
2500 508 2564 566 et
2580 505 2931 567 intrincatas
2952 507 3148 582 perio·

1858 595 1981 664 dos,
2027 595 2242 657 densas
2288 595 2638 665 sententias,
2685 595 3027 671 frequentes
3060 596 3148 655 el·

1856 683 2067 760 lipses:
2100 684 2220 745 imo
2241 684 2612 759 quorundam
2636 684 2888 745 incurrit
2907 702 3141 746 accusa·

1856 772 2050 835 tiones
2115 773 2284 852 quasi
2346 774 2411 835 in
2459 772 2766 852 aliquibus
2816 790 2935 832 non
2987 777 3148 834 recte

1858 861 2142 921 senserit:
2177 862 2314 923 hinc
2346 861 2664 925 admodum
2697 866 3034 938 opportuna
3054 865 3152 923 est

1857 950 2200 1011 doctissima
2218 950 2551 1013 Constantii
2578 950 2866 1027 praefatio
2898 970 3143 1028 genere·

1856 1039 1933 1100 lis
1964 1040 2241 1116 operibus
2292 1039 2628 1118 praemissa,
2679 1040 2743 1098 in
2792 1058 2911 1115 qua
2941 1041 3143 1099 ortho-

1858 1128 2089 1190 doxiam
2123 1147 2168 1189 s.
2203 1129 2458 1189 doctoris
2501 1134 2744 1188 strenue
2792 1131 3015 1199 tuetur,
3051 1148 3145 1188 sa-

1856 1218 2083 1295 gaciter
2127 1217 2283 1279 dicta
2313 1217 2582 1279 illustrat
2612 1218 2865 1277 obscura
2908 1218 3003 1278 vel
3048 1237 3148 1279 ae-

1858 1306 2122 1383 quivoca,
2155 1325 2606 1386 quaquaversus
2632 1306 2825 1366 lucem
2842 1307 3142 1377 diffundit,

1858 1394 2268 1470 suspicionum
2329 1395 2582 1471 dissipat
2641 1395 2911 1463 nebulas,
2989 1401 3049 1456 et
3109 1415 3144 1454 a

1857 1486 2085 1560 septem
2146 1484 2539 1545 accusationis
2590 1483 2887 1560 capitibus
2940 1487 3162 1546 contra,

1857 1574 1987 1648 ejus
2019 1573 2347 1634 doctrinam
2381 1573 2628 1651 obJectis
2679 1574 2917 1650 egregie
2950 1573 3148 1633 vindi·

1855 1665 1966 1726 cat.

1950 1850 2047 1905 71.
2079 1839 2360 1914 Aequalis
2394 1858 2474 1898 ss.
2493 1840 2806 1900 Athanasii
2828 1845 2889 1898 et
2907 1840 3143 1911 Hilarii,

1856 1927 2050 1991 socius
2081 1927 2147 1987 in
2177 1928 2490 2005 vigilantia
2520 1929 2825 2004 pastorali,
2861 1928 2923 1986 in
2955 1934 3145 1988 certa-

1855 2017 2016 2077 mine
2047 2034 2160 2093 pro
2192 2017 2322 2089 fide,
2356 2017 2419 2075 in
2443 2016 2844 2077 sollicitudine
2864 2037 2971 2093 pro
2990 2017 3143 2081 bono

1855 2105 2148 2167 Ecclesiae
2168 2106 2504 2177 catholicae,
2538 2107 2834 2182 particeps
2867 2124 3149 2181 persecu-

1857 2194 2111 2266 tionum,
2147 2195 2506 2270 passionum,
2553 2194 2749 2255 exsilii
2780 2195 2898 2254 fuit
2929 2213 2974 2255 s.
3009 2196 3148 2258 Eu-

1856 2284 2126 2342 sebius
2202 2284 2443 2343 natione
2506 2282 2725 2342 Sardus
2746 2281 2809 2363 ¹),
2867 2303 3146 2344 romanae

1932 2511 1979 2631 ’ὲ
2000 2506 2210 2561 Eodem
2237 2511 2493 2577 tempore
2521 2503 2717 2562 floruit
2759 2503 2909 2561 alius
2951 2524 2992 2558 s.
3021 2505 3064 2557 Ε
3085 2525 3149 2559 ιι·

1856 2597 1880 2633 s
1897 2595 1927 2632 e
1997 2578 2072 2632 iu
2091 2597 2133 2642 s,
2178 2578 2479 2660 episcopus
2519 2580 2927 2640 samosatenus,
2956 2577 3060 2646 qui
3086 2583 3146 2631 et

1855 2649 1977 2721 ipse
2017 2649 2243 2704 fortiter
2283 2650 2514 2704 Arianis
2555 2666 2612 2703 se
2659 2649 2963 2720 opposuit:
3004 2667 3143 2718 qua-

1855 2725 2092 2802 propter
2117 2720 2179 2774 in
2206 2721 2470 2776 exsilium
2502 2720 2616 2775 fuit
2640 2721 2855 2790 ejectus
2882 2722 3046 2792 (374).
3075 2723 3139 2774 ln

1853 2792 2046 2848 reditu
2089 2793 2287 2862 tegula
2327 2810 2360 2845 a
2406 2792 2643 2845 muliere
2671 2792 2870 2844 ariana
2897 2791 3143 2862 desuper

1854 2864 2057 2918 emissa
2117 2863 2406 2919 confracto
2465 2863 2651 2934 capite
2705 2867 2923 2930 martyr
2981 2880 3146 2918 occu·

1853 2935 1986 2989 buit
2010 2938 2135 3007 (379
2169 2936 2251 2988 vel
2277 2937 2392 2992 380*
2409 2974 2421 2986 .
2473 2937 2617 2989 Acta
2658 2935 2781 3003 ejus
2809 2934 3024 3002 syriace
3051 2950 3141 2987 ex·

1858 3009 2018 3061 stant
2041 3009 2218 3073 atque
2259 3023 2363 3076 pro
2407 3005 2603 3060 ierunt
2642 3005 2794 3058 inter
2832 3007 2976 3059 Acta
3004 3004 3144 3058 MM.

1853 3081 1911 3132 et
1934 3077 2026 3132 SS.
2054 3095 2088 3130 a
2114 3078 2159 3130 B
2177 3095 2205 3130 e
2223 3077 2294 3148 dj
2312 3094 2345 3130 a
2362 3095 2400 3130 n
2428 3078 2582 3131 edita
2603 3076 2701 3141 Vl,
2716 3082 2839 3132 335.
2867 3076 3143 3130 Memoria

1853 3149 1976 3217 ejus
2002 3150 2322 3204 celebratur
2349 3148 2409 3201 in
2431 3147 2681 3203 Ecclesia
2703 3146 2885 3201 latina
2902 3153 2988 3203 22.
3003 3145 3033 3198 J
3043 3166 3148 3206 un,

1855 3221 1937 3273 cf.
1966 3219 2008 3272 F
2025 3220 2173 3273 ritz
2201 3218 2313 3275 KL.
2337 3219 2427 3284 tv,
2450 3225 2601 3276 1010.
2621 3252 2684 3260 —-
2712 3218 2829 3273 Alii
2846 3221 3140 3288 praeterea

1855 3291 1898 3343 E
1918 3310 1955 3344 u
1973 3310 1997 3344 s
2014 3307 2043 3345 e
2061 3292 2097 3344 b
2114 3290 2172 3343 ii
2214 3291 2321 3344 hoc
2349 3293 2539 3346 seculo
2568 3291 2852 3345 vixerunt.
2905 3289 3144 3343 Omissis

1855 3361 2101 3417 Eusebio
2124 3362 2600 3416 caesariensi
2626 3361 3143 3416 etEusebionico·

1854 3453 1910 3488 m
1927 3451 1956 3487 e
1973 3433 2092 3489 die
2111 3452 2147 3486 n
2165 3452 2190 3485 s
2206 3433 2243 3498 i,
2270 3433 2340 3488 de
2357 3433 2750 3501 quibusinfra,
2767 3433 2921 3486 haud
2935 3448 3140 3502 parum

1852 3503 2113 3559 innotuit
2158 3504 2200 3557 E
2221 3523 2254 3558 u
2276 3525 2300 3557 s
2317 3522 2345 3559 e
2370 3509 2400 3559 'o
2417 3505 2435 3557 i
2453 3524 2490 3557 u
2509 3523 2533 3558 s
2580 3521 2870 3559 emesenus
2930 3502 3142 3573 episco-

1897 3596 1963 3630 us
1995 3576 2303 3645 „elegantis
2332 3581 2390 3630 et
2414 3575 2686 3630 rhetorici
2703 3573 3140 3645 ingenii“‚juxta

1922 3648 2393 3715 ieronymum
2438 3649 2507 3701 de
2549 3648 2652 3701 vir.
2698 3646 2781 3701 ill.
2822 3664 2867 3699 c.
2910 3653 2996 3710 91,
3038 3646 3146 3714 qui

1854 3718 2302 3776 innumerabiles
2362 3723 2421 3771 et
2476 3718 2550 3772 ad
2616 3719 2884 3788 plausum
2935 3717 3139 3788 populi

1898 3790 2210 3844 ertinentes
2259 3789 2508 3843 confecit
2556 3789 2753 3851 libros,
2808 3788 3140 3858 „magisque

1857 3811 2157 3915 liistoriam
2185 3862 2412 3915 secutus
2439 3862 2512 3913 ab
2540 3861 2648 3924 his,
2693 3858 2797 3927 qui
2824 3859 3140 3914 declamare

1854 3934 2075 3996 volunt,
2087 3931 2500 3987 studiosissime
2523 3931 2754 4002 legitur,
2771 3949 2799 3984 e
2822 3930 3032 3998 quibus
3049 3932 3141 3984 vel

1853 4003 2152 4074 praecipui
2213 4006 2351 4057 sunt
2410 4003 2708 4060 adversum
2769 4002 2801 4056 J
2809 4003 3021 4058 udaeos
3084 4005 3154 4056 et-

1852 4079 2050 4144 gentes
2077 4077 2136 4127 et
2163 4073 2215 4127 N
2219 4074 2516 4129 ovatianos
2544 4077 2603 4129 et
2625 4074 2698 4127 ad
2728 4073 2962 4128 Galatas
2991 4074 3050 4130 ll.
3072 4074 3138 4126 X.

1853 4150 1912 4198 et
1952 4145 2014 4200 in
2060 4145 2373 4216 Evangelia
2424 4145 2698 4200 homiliae
2760 4145 2976 4208 breveS,
3041 4145 3138 4198 sed
3227 4201 3236 4209 ,

1853 4216 2186 4286 plurimae.“
2266 4219 2530 4271 Ceterum
2579 4215 2991 4271 Seminariauis
3056 4220 3144 4268 est

585 4291 625 4346 ²⁴)
655 4287 740 4342 cf.
765 4287 834 4340 de
861 4287 997 4344 edit.
1027 4287 1202 4342 variis
1230 4288 1265 4341 S
1283 4291 1364 4343 ch
1383 4307 1414 4343 0
1433 4306 1461 4342 e
1478 4308 1516 4344 n
1534 4307 1563 4344 e
1580 4309 1637 4342 m
1652 4307 1686 4342 a
1703 4308 1740 4342 ιι
1758 4307 1797 4341 ιι
1853 4288 2319 4342 adnumerandus
2346 4291 2404 4340 et
2448 4288 2504 4340 M
2520 4305 2552 4340 a
2570 4306 2598 4341 c
2617 4305 2645 4341 e
2662 4288 2702 4342 d
2717 4305 2748 4340 o
2768 4288 2840 4340 ni
2860 4287 2879 4340 i
2925 4303 3148 4341 errores

515 4357 651 4412 bibl.
678 4358 809 4418 hist,
839 4357 926 4414 lit.
953 4359 1059 4412 PP.
1100 4359 1200 4420 lat.
1246 4361 1282 4423 1,
1308 4365 1586 4420 276-94;
1637 4359 1682 4412 Β
1698 4377 1797 4413 ar·
1852 4363 2051 4415 contra
2095 4358 2375 4430 Spiritum
2405 4379 2448 4417 s.
2493 4360 2834 4416 sectabatur.
2891 4356 3143 4427 Expulso

513 4429 549 4481 d
568 4446 596 4482 e
615 4448 650 4482 n
668 4430 706 4482 h
722 4446 751 4483 e
770 4447 820 4482 w
837 4446 866 4484 e
882 4447 910 4486 r
948 4439 975 4495 5
1000 4436 1087 4494 86,
1130 4431 1230 4485 ubi
1270 4431 1515 4501 reperies
1542 4431 1798 4486 literatu·
1846 4433 1967 4512 jam
1995 4431 2176 4484 altera
2204 4431 2327 4486 vice
2348 4432 2421 4484 ab
2443 4429 2780 4485 Eusebianis
2801 4427 3141 4492 AthanasiO,

513 4517 636 4554 ram
680 4500 748 4554 de
795 4520 836 4556 s.
883 4500 1132 4562 ffilario;
1191 4501 1439 4557 Histoire
1484 4503 1571 4559 lit.
1623 4503 1692 4556 de
1743 4505 1798 4559 la
1855 4518 1976 4571 ipse
1993 4502 2053 4559 in
2070 4504 2194 4572 ejus
2212 4505 2400 4558 locum
2421 4502 2538 4556 fuit
2555 4502 2787 4568 electuS,
2810 4500 2907 4554 sed
2933 4499 3141 4554 merito

514 4571 726 4626 France
756 4572 777 4623 1
804 4592 858 4642 p.
887 4580 936 4635 2,
969 4579 1276 4630 139-194:
1319 4581 1596 4635 451——612
1638 4574 1798 4627 Bar·
1854 4574 2044 4627 sedem
2105 4573 2537 4628 alexandrinam
2610 4590 2725 4628 non
2802 4571 3140 4641 acceptavit.

513 4642 550 4693 b
568 4641 587 4694 i
605 4659 632 4693 e
649 4660 678 4694 r
729 4642 817 4695 vie
869 4644 937 4696 de
990 4645 1067 4697 St.
1119 4644 1354 4709 Hilaire,
1406 4645 1585 4700 Tours
1644 4649 1796 4702 1887:
1855 4644 2059 4699 Postea
2087 4645 2303 4698 electus
2344 4648 2429 4699 est
2467 4645 2530 4700 in
2574 4643 2908 4714 episcopum
2935 4658 3142 4696 emese·

516 4713 565 4765 N
584 4712 603 4765 i
620 4713 825 4765 rschl
852 4722 877 4778 5
910 4720 1009 4770 110
1037 4733 1134 4770 ss.:
1176 4714 1217 4766 F
1235 4732 1263 4768 e
1280 4734 1308 4769 c
1326 4716 1364 4769 h
1382 4720 1406 4769 t
1425 4734 1504 4770 ru
1525 4737 1560 4786 p
1589 4717 1698 4772 ΚΒ.
1732 4717 1797 4780 V,
1852 4735 2012 4779 num,
2040 4717 2134 4769 sed
2163 4734 2279 4770 nou
2320 4716 2440 4770 sine
2468 4717 2782 4771 multorum
2823 4713 3142 4768 contradic·

516 4791 654 4838 2046
685 4801 755 4836 ss.

1854 4786 2028 4840 tione.
2080 4787 2399 4844 Constantii
2428 4787 2583 4856 imp„
2632 4803 2803 4854 quem
2829 4784 3141 4839 comitatus
