3505 5161
378 260 505 314 293
1208 284 1215 287 -
1339 259 1623 297 sermones
1650 245 1712 298 et
1735 242 2027 312 epistolae.
2872 264 2951 317 29
2964 260 3001 317 4

479 442 615 495 158.
638 432 725 490 Ex
744 431 1097 503 innumeris,
1133 449 1282 507 quos
1304 431 1515 490 habuit
1535 432 1661 490 Au-
1722 433 1786 489 et
1807 430 1954 490 deus
1968 440 2119 507 pene
2135 432 2323 491 totius
2333 432 2708 508 eloquentiae
2722 441 2751 472 Φ
2766 434 3001 499 dicitur:

376 522 683 597 gustinus,
732 522 1113 596 samonibus,
1158 539 1412 597 quorum
1459 520 1663 597 plures
1721 523 1786 578 et
1808 520 2683 597 tamenprosuamodestiaipse
2704 541 2747 585 s.
2763 522 3003 597 praesul

371 610 453 668 ab
498 610 875 669 auditoribus
927 610 1150 670 calamo
1200 609 1365 668 fuere
1414 610 1661 685 excepti,
1724 612 1987 668 testatur
2018 609 2090 669 de
2123 613 2232 668 cat.
2264 611 2394 668 rud.
2417 619 2560 681 2,3:
2595 608 2783 679 ,Mihi
2814 630 3000 688 prope

370 698 524 758 alios
571 699 723 775 ipse
741 699 934 758 literis
965 700 1360 776 consignavit,
1407 697 1663 757 editores
1723 716 1955 774 semper
1966 717 2149 757 sermo
2161 716 2327 757 meus
2339 692 3004 775 displicet‘—Praeter

373 788 713 847 maurini
765 796 891 851 363
938 788 1219 848 exhibent
1247 791 1318 848 ut
1349 788 1660 866 genuinoS,
1720 805 2018 846 sermones
2065 791 2390 864 supersunt
2435 787 2587 847 circa
2622 797 2743 851 217
2795 790 3001 864 episto-

379 885 461 939 32
494 881 569 936 ut
598 877 828 947 dubios,
863 881 924 935 et
960 886 1082 941 317
1109 881 1180 936 ut
1210 875 1661 954 supposititios:
1718 877 1808 934 lae
1855 872 2132 957 (Migne
2173 879 2216 941 t.
2250 868 2538 960 XXXIII),
2592 896 2848 952 quarum
2895 878 3001 936 ali-

376 965 601 1041 quibus
632 967 921 1026 accenseri
962 966 1184 1025 debent
1225 976 1525 1026 sermones
1581 973 1659 1029 76
1719 984 1871 1042 quae
1904 969 2045 1024 sunt
2063 965 2380 1025 admodum
2399 960 2676 1041 prolixae,
2709 968 3000 1039 tractatus

370 1056 457 1113 ad
489 1058 713 1130 fratres
740 1059 804 1113 in
836 1048 1020 1115 eremo
1040 1055 1384 1134 Augustino
1417 1073 1661 1131 prorsus
1718 1055 1855 1113 vere
1886 1054 2206 1132 theologici
2251 1056 2322 1114 de
2369 1055 2738 1133 argumentis
2772 1056 2999 1132 gravis-

374 1145 629 1221 indigni.
705 1145 954 1205 Interim
1002 1162 1184 1221 quam
1247 1144 1495 1221 plurimi
1561 1143 1663 1202 alii
1718 1143 1905 1215 simis,
1939 1144 2099 1203 lectu
2131 1144 2530 1220 dignissimae,
2564 1163 2596 1203 8
2628 1144 2849 1220 quibus
2868 1145 3000 1204 elu-

374 1236 677 1293 sermones
739 1253 770 1293 8
830 1235 1094 1293 tenebris
1155 1234 1315 1293 eruti
1373 1228 1543 1292 fuere
1602 1236 1663 1291 et
1718 1235 1814 1291 cet
1844 1234 2302 1310 magnanimitas
2335 1234 2524 1292 nostri
2556 1234 2869 1308 praesulis,
2905 1252 2997 1292 ca-

374 1326 578 1382 sancto
598 1326 803 1382 nostro
822 1323 1111 1399 adscripti
1140 1342 1174 1381 a
1207 1322 1447 1395 Denis,
1483 1322 1661 1381 Fon-
1718 1321 1867 1380 ritas
1929 1335 2065 1385 vere
2114 1327 2376 1397 paterna,
2442 1322 2565 1380 imo
2625 1326 2687 1381 et
2734 1326 3002 1381 materna

374 1413 572 1481 tani,
623 1412 1433 1490 Fra-ja-Frangipane,
1484 1411 1659 1483 Mai,
1717 1428 1858 1487 erga
1889 1409 2226 1481 familiares,
2262 1410 2499 1481 amicos,
2522 1410 2797 1488 collegas,
2832 1411 2999 1471 inde-

376 1501 544 1560 Nova
575 1502 685 1564 PP.
716 1501 863 1563 bibl.
903 1513 961 1575 1,
998 1511 1269 1570 1—-470‚
1304 1499 1657 1569 Liverani,
1715 1498 1874 1557 fessa
1905 1499 1976 1557 de
1996 1499 2290 1558 Ecclesiae
2321 1500 2474 1558 bono
2495 1500 2850 1560 sollicitudo.
2873 1501 3003 1558 Ali-

376 1590 649 1659 Μο1111,
712 1591 1041 1660 Oaillau,
1107 1591 1211 1666 qui
1260 1609 1400 1666 prae
1448 1588 1659 1665 primis
1717 1591 1866 1663 quot
1896 1592 2031 1664 post
2063 1588 2151 1651 ed.
2183 1589 2512 1647 maurinam
2563 1588 2754 1647 adhuc
2800 1607 2996 1665 reper-

374 1679 577 1744 nimia,
628 1680 748 1739 imo
793 1680 1118 1747 temeraria,
1166 1679 1449 1738 facilitate
1481 1697 1660 1754 quam
1715 1680 1814 1736 tae
1846 1678 2008 1736 suere
2022 1672 2087 1757 ²).

374 1768 665 1845 plurimos
700 1786 744 1830 s.
778 1769 1121 1845 Augustino
1152 1768 1408 1827 asseruit
1439 1785 1659 1826 sermo-

373 1876 480 1916 nes
511 1860 558 1915 t.
604 1862 745 1921 130.
798 1867 911 1922 131
973 1877 1115 1918 suae
1158 1856 1518 1917 collectionis
1566 1874 1658 1915 se·
1815 1864 1952 1919 159.
1987 1854 2389 1918 A.Ebnerin
2410 1854 2721 1916 handschr.
2745 1854 2994 1914 Studien

374 1948 562 2005 lectae
595 1965 673 2006 ss.
706 1947 1001 2006 Ecclesiae
1032 1950 1290 2023 patrum,
1325 1946 1465 2004 dein
1498 1963 1658 2005 seor·
1714 1944 1865 2003 fiber
1883 1944 1986 2002 das
2003 1944 2378 2003 Praeconium
2397 1944 2668 2019 paschale
2688 1938 2996 2025 (Kirchen-

373 2037 488 2095 sim
520 2036 588 2094 in
633 2055 730 2111 op.
776 2036 835 2097 S.
882 2037 1202 2113 Auqustini
1244 2052 1535 2093 sermones
1565 2037 1655 2092 in·
1716 2034 1926 2093 musik.
1941 2032 2146 2091 Jahrb.
2163 2035 2259 2092 fiir
2278 2033 2382 2091 das
2398 2032 2454 2091 J.
2483 2041 2648 2096 1893
2670 2052 2727 2109 p.
2755 2030 2996 2117 73·83)‚

375 2125 513 2183 editi
546 2125 790 2184 Parisiis
832 2136 986 2189 1841
1031 2126 1096 2183 in
1128 2125 1166 2182 f.
1200 2125 1425 2182 Horum
1458 2127 1657 2182 tamen
1714 2123 1947 2182 celebre
2011 2120 2366 2192 ,Exsultet‘
2431 2122 2702 2198 paschale
2766 2141 2812 2180 8.
2873 2123 2997 2182 Au-

375 2231 721 2273 sermonum
751 2218 962 2290 postea
980 2214 1279 2273 editorum
1300 2213 1489 2288 major
1519 2229 1657 2287 pars
1712 2211 1959 2287 guatino
1975 2211 2201 2269 asserit.
2218 2211 2469 2286 Aliquot
2486 2229 2531 2270 s.
2548 2211 2804 2270 doctoris
2820 2230 2998 2287 opera

367 2303 571 2378 judice
602 2305 652 2361 B
668 2323 701 2362 8
715 2322 746 2360 1
761 2303 798 2361 (1
814 2322 846 2361 8
860 2323 902 2361 11
918 2304 959 2361 11
974 2323 1005 2363 8
1020 2323 1074 2360 w
1090 2322 1120 2362 e
1136 2322 1167 2361 r
1184 2303 1313 2380 §94
1332 2322 1389 2360 n.
1411 2313 1485 2363 10
1500 2305 1657 2360 certe
1712 2300 2038 2375 perierunt,
2066 2301 2257 2375 plura,
2273 2306 2346 2359 ut
2361 2300 2614 2359 subinde
2634 2300 2994 2371 notavimus,

374 2409 501 2449 non
560 2395 652 2451 est
711 2394 976 2469 genuina
1039 2393 1138 2451 vel
1199 2391 1410 2449 saltem
1459 2390 1655 2453 dubia.
1712 2392 1856 2447 sunt
1887 2389 2084 2459 dubia,
2116 2391 2308 2448 multa
2339 2391 2414 2448 ob
2444 2390 2598 2448 tanti
2619 2390 2731 2447 viri
2751 2390 2993 2449 celebri·

384 2479 632 2557 Migne
676 2483 741 2540 in
789 2500 967 2540 suum
999 2480 1369 2557 Patrologiae
1413 2497 1657 2538 cursum
1711 2480 1899 2536 tatem
1930 2478 1983 2537 ei
2017 2478 2179 2537 fuere
2201 2478 2531 2554 supposita,
2565 2497 2717 2555 quae
2738 2478 2995 2538 editores

384 2574 613 2645 praeter
661 2589 977 2631 sermones>
1012 2571 1085 2630 ab
1133 2569 1222 2630 ed.
1274 2568 1605 2628 maurini
1629 2587 1655 2626 s
1711 2566 2050 2627 maurini
2082 2567 2144 2626 in
2165 2567 2413 2644 copiosis
2429 2567 2993 2644 suisappendicibus

377 2659 652 2735 publicae
696 2661 817 2720 luci
867 2661 1036 2719 datos
1085 2659 1311 2735 recepit
1370 2676 1658 2717 sermones
1712 2657 1786 2715 ad
1820 2656 2061 2732 singula
2092 2657 2212 2716 fere
2243 2656 2547 2716 volumina
2566 2657 2888 2734 diligenter
2902 2677 2994 2717 re-

372 2747 503 2806 XX
515 2747 627 2809 Va
658 2750 830 2808 Mich.
866 2751 913 2808 D
941 2750 1108 2808 enis
1156 2749 1416 2808 Viennae
1471 2755 1654 2816 1792,
1712 2749 1955 2804 censent
1985 2749 2046 2804 et
2077 2745 2372 2815 exhibent,
2396 2745 2734 2822 cujusmodi
2757 2749 2901 2805 sunt
2924 2750 2996 2805 ut

372 2837 725 2908 Fontani,
776 2842 837 2898 et
879 2838 930 2895 X
976 2858 1010 2896 a
1058 2838 1228 2912 Fraj
1249 2836 1655 2913 a-Frangi-
1711 2835 1915 2911 aliqua
1945 2836 2171 2903 saltem,
2203 2838 2439 2910 praeter
2469 2854 2553 2905 ea,
2586 2851 2843 2911 quorum
2873 2837 2990 2910 jam

372 2946 566 3002 pane
643 2928 855 2986 Romae
932 2937 1094 2991 1819
1159 2927 1350 2985 editos
1432 2922 1652 3007 (XLVI,
1712 2923 1959 2981 fecimus
1976 2923 2353 2991 mentionem,
2372 2923 2718 2992 indicemus,
2741 2924 2992 2999 LLJJy-

368 3025 805 3086 813—11403
872 3016 1110 3086 XLVII,
1167 3009 1651 3096 1113—1156).
1700 3013 2096 3085 pomnesticon
2135 3006 2200 3091 (f.
2231 3013 2303 3070 M.
2332 3008 2798 3092 Mei-catoris),
2821 3031 2993 3088 quae·

374 3104 704 3164 Versantur
751 3124 928 3181 porro
975 3124 1019 3163 s.
1052 3105 1307 3163 doctoris
1355 3117 1654 3161 sermones
1708 3103 1919 3159 stiones
1948 3100 2010 3160 V.
2031 3107 2080 3158 et
2102 3101 2176 3162 N.
2209 3101 2268 3158 T.
2290 3094 2626 3182 (dequibus
2650 3100 2719 3162 cf.
2740 3120 2921 3176 supra
2935 3122 2990 3178 p.

372 3194 472 3253 vel
488 3195 553 3252 in
570 3193 945 3253 illustrandis
962 3194 1227 3253 textibus
1241 3192 1651 3268 S.Scripturae,
1713 3185 1895 3272 291);
1931 3188 2085 3247 liber
2111 3191 2182 3247 de
2210 3190 2599 3248 ecclesiasticis
2632 3191 2992 3267 doymaubus

372 3284 467 3342 vel
498 3283 572 3342 de
604 3284 771 3342 festis
803 3287 865 3341 et
895 3283 1110 3342 sanctis
1160 3283 1255 3341 vel
1300 3281 1373 3341 de
1405 3280 1653 3340 diversis
1709 3275 1969 3360 (Migne
2023 3277 2195 3348 XLII,
2256 3287 2490 3342 1213-1
2508 3288 2584 3340 22
2597 3274 2693 3361 2),
2748 3280 2852 3354 qui
2902 3285 2995 3338 est

373 3373 763 3449 argumentis,
796 3372 860 3431 in
881 3372 1101 3447 quibus
1131 3371 1396 3430 cernitur
1411 3369 1652 3446 quidem
1711 3368 1807 3426 Ge
1828 3366 2097 3426 nnadii
2129 3386 2333 3436 masS.;
2389 3369 2458 3426 de
2507 3370 2896 3442 assumptione
2947 3370 2993 3431 b.

373 3480 589 3538 magna
620 3462 980 3537 eloquentia,
1014 3460 1117 3519 sed
1148 3460 1343 3519 minor
1373 3477 1468 3518 ars
1519 3459 1651 3516 rhe·
1712 3457 1946 3515 Mariae
1981 3456 2038 3517 V.
2060 3456 2217 3527 CXL,
2250 3465 2580 3532 1141-47)‚
2610 3457 2881 3528 quiforte
2904 3461 2997 3516 est

375 3550 580 3620 torica,
614 3568 748 3609 cum
782 3550 899 3625 ipsi
946 3551 1170 3608 bonum
1218 3549 1481 3607 fidelium
1533 3547 1652 3622 spi·
1708 3545 2076 3605 Fulberti
2107 3550 2325 3604 carnot.
2358 3566 2467 3605 sec.
2491 3545 2587 3606 XI.
2618 3542 2716 3628 (cf.
2738 3565 2919 3623 supra
2938 3567 2994 3623 p.

370 3639 590 3698 rituale
643 3658 780 3713 prae
811 3638 1020 3714 primis
1068 3638 1229 3697 cordi
1268 3632 1532 3719 fueritl).
1569 3670 1653 3679 —
2157 3633 2162 3639 ’

373 3727 755 3787 Sermonibus
817 3727 1106 3787 accenseri
1156 3729 1407 3803 possunt
1437 3728 1652 3785 tracta·
1791 3744 1799 3770 ¹
1853 3733 2404 3787 Bardenhewer
2444 3741 2469 3798 ξ
2497 3739 2565 3789 94
2604 3752 2661 3785 n.
2694 3742 2746 3789 11
2773 3733 2992 3789 :Scine

373 3821 472 3875 tus
506 3816 569 3875 in
600 3816 848 3875 Joannis
878 3816 982 3875 Ev.
1029 3819 1091 3876 et
1122 3817 1449 3891 epistolam,
1482 3832 1652 3872 enar·
1713 3803 1791 3858 Be
1835 3806 2057 3874 eutung
2085 3805 2176 3857 fiir
2202 3804 2294 3857 die
2322 3803 2722 3870 Zestgenosaen
2750 3805 2877 3858 trist
2900 3822 2992 3858 am

375 3905 638 3964 rationes
671 3906 737 3964 in
756 3906 1023 3964 Psalmos
1041 3923 1267 3963 necnon
1283 3906 1458 3981 plura
1473 3921 1653 3978 opus·
1710 3875 2992 4016 ᾗέᾓξῦξὲἐξὲἓξὲρέαξΞέθὲζὲἶὲἒᾙέἱὲ

368 3995 521 4062 θῑὼῑν
558 4013 708 4069 (1113*Θ
752 4013 824 4052 0¹
870 3993 1239 4054 Semonibus
1284 3992 1651 4070 prodierunt·
1710 4021 1862 4073 stens
1882 4017 1975 4071 die
1991 4033 2171 4086 ganze
2188 4016 2396 4071 Kirche
2413 4016 2664 4080 Afrikas‚
2681 4035 2750 4070 zu
2770 4018 2991 4071 beherr-

368 4082 610 4142 Eminet
640 4085 839 4142 autem
872 4101 918 4142 s.
950 4082 1327 4161 Augustinus
1358 4083 1516 4141 inter
1538 4100 1650 4156 pa·
1709 4088 2036 4152 schen,und
2053 4088 2163 4143 den
2185 4087 2698 4142 fortschreitenden
2714 4087 2875 4141 Geist
2893 4088 2992 4142 der

370 4175 494 4230 tres
557 4172 943 4232 concionandi
1003 4171 1412 4248 praerogativa
1471 4188 1650 4245 quam
1708 4161 1830 4214 Zeit
1845 4161 2016 4216 selbst
2031 4177 2099 4212 zu
2118 4159 2341 4213 lenken.
2371 4159 2534 4212 Auch
2552 4159 2758 4222 solche,
2781 4157 2991 4212 welche

368 4263 745 4337 agnoverunt
794 4261 890 4320 vel
919 4262 1049 4336 ejus
1094 4260 1433 4319 adversust·
1495 4260 1587 4317 na
1620 4278 1654 4317 ὃ
1707 4228 2990 4374 ξῖῗιῗὲἔῖἓέῗῖὲῗὴὲἲᾰξὲῗῗιῗέΞξῖὲῑῖξῗὲ

371 4348 1527 4425 secundinomssnicmfflinssp·adipsum
1541 4357 1647 4410 n·3
1707 4376 1817 4428 auf
1837 4374 2050 4428 einmal
2077 4372 2434 4425 zuzusenden
2463 4374 2569 4442 (ep.
2605 4378 2720 4434 118,
2750 4374 2788 4423 t.
2821 4372 2868 4439 l)
2899 4411 2910 4422 .
2941 4411 2953 4423 .
2977 4411 2989 4423 .

370 4433 607 4519 (Mign
628 4457 659 4497 e
692 4438 866 4508 XLII,
906 4434 1057 4520 574)
1110 4455 1420 4506 ‚summus
1454 4439 1652 4496 orator
1708 4446 1844 4499 Man
1870 4443 2147 4500 erblickte
2174 4444 2235 4496 in
2262 4443 2401 4507 ihm,
2446 4442 2549 4495 wie
2591 4442 2683 4497 ein
2726 4442 2991 4516 gewisser

1708 4518 1910 4570 Audax
1956 4516 2182 4576 erklfirt,
2224 4515 2315 4569 ein
2342 4513 2550 4567 Orakel
2594 4513 2692 4566 des
2732 4515 2990 4567 Gesetzes

1212 4625 1215 4632 ›
1705 4590 2019 4659 (oraculum
2069 4586 2214 4656 legis
2253 4602 2340 4656 ep.
2379 4589 2520 4657 260),
2571 4602 2682 4639 von
2722 4586 2988 4640 walchem

449 4662 485 4731 ¹)
513 4658 596 4713 Cf.
612 4659 703 4713 Fe
719 4677 744 4712 s
761 4676 786 4712 s
802 4658 823 4712 1
839 4676 869 4713 8
884 4677 912 4713 1
926 4692 939 4701 ·
960 4660 993 4713 J
1011 4678 1048 4713 u
1068 4678 1105 4713 n
1122 4679 1161 4741 g
1177 4679 1232 4712 m
1248 4676 1282 4712 a
1300 4677 1336 4712 n
1354 4678 1391 4711 n
1417 4669 1445 4726 5
1465 4661 1566 4715 174
1580 4659 1650 4711 de
1710 4676 1842 4713 man
1869 4659 2009 4714 alles
2035 4657 2299 4710 erfahren
2325 4656 2530 4712 konne.
2565 4656 2702 4710 Pars
2728 4656 2989 4726 epistola-

365 4732 724 4785 sermonibus
761 4748 801 4784 s.
830 4731 1142 4802 Augustini
1180 4733 1441 4784 accurate
1481 4731 1649 4783 disse·
1707 4747 1836 4784 rum
1904 4727 2080 4784 rodiit
2124 4729 2184 4784 in
2213 4729 2342 4782 coll.
2382 4728 2599 4798 Corpus
2640 4727 2746 4781 scri
2792 4732 2830 4780 t.
2857 4730 2989 4782 eccl.

372 4804 601 4857 rentem.
1708 4801 1809 4854 lat.
1889 4800 2086 4864 XXIX,
2119 4809 2164 4855 1.
2192 4806 2223 4854 2
2250 4817 2367 4855 cur.
2396 4800 2443 4852 G
2463 4817 2494 4854 o
2514 4800 2586 4855 ld
2608 4803 2735 4852 bac
2805 4816 2892 4852 81.

2563 4889 2668 4944 10·
