3505 5161
885 219 985 270 801
1004 247 1047 254 -
1064 219 1185 271 850.
1214 214 1476 285 Liturgia
1503 219 1561 269 et
1590 215 1825 270 Ascesis.
1854 216 2178 271 Amalarius
2204 218 2353 280 met.‚
2380 214 2723 286 Christoph„

507 231 628 284 767
2995 233 3132 289 768

503 419 636 459 rum
668 399 999 472 ordinibuS,
1041 401 1430 470 ordinatione,
1479 402 1785 472 vestibn33
1843 404 1938 461 vel
1987 403 2104 461 tria
2152 404 2357 461 contra
2401 403 2554 460 illud
2598 402 2791 461 edidit
2837 403 3134 479 opuscula

501 490 566 548 in
590 499 645 551 3.
677 490 919 565 exponit
949 491 1198 565 mystice
1218 489 1539 549 admodum
1570 490 1787 550 missae
1844 497 1937 550 sat
1966 492 2121 550 acria
2166 487 2265 573 (cf.
2297 512 2354 567 p.
2390 492 2560 566 715).
2624 492 2962 567 Supersunt
3006 494 3129 568 epi-

502 578 688 647 ritus;
740 579 804 637 in
857 588 911 639 4.
960 578 1197 639 disserit
1243 579 1314 638 de
1359 578 1550 638 officio
1582 580 1788 640 divino
1842 581 2017 640 stolae
2048 585 2278 657 septem
2307 599 2426 639 non
2466 580 2848 656 spernendae.
2882 581 2947 639 in
2976 600 3127 656 qua-

503 686 609 726 seu
642 668 713 725 de
744 667 1057 741 breviario,
1092 668 1238 728 etin
1259 669 1377 727 fine
1397 668 1469 727 de
1491 666 1788 743 exsequiis
1841 689 1978 728 rum
2029 679 2085 731 4.
2134 673 2195 729 et
2249 681 2303 732 6.
2347 669 2593 728 disserit
2637 671 2707 729 de
2754 670 3132 730 eucharistia.

502 759 564 815 et
608 756 799 815 officio
829 760 1219 817 mortuorum.
1285 758 1447 834 Opus
1483 777 1622 817 sane
1653 777 1789 834 pre·
1844 759 1978 834 Ipse
2023 759 2087 817 in
2133 759 2342 836 primis
2387 760 2635 818 diversis
2666 778 2735 817 ex
2767 759 3034 818 conciliis
3065 762 3131 818 et

501 847 724 905 tiosum
775 865 882 922 pro
932 846 1185 907 historia
1237 866 1435 906 sacrae
1486 847 1787 924 liturgiae,
1845 851 2115 907 veterum
2160 850 2468 908 doctorum
2518 848 2835 907 sententiis
2881 849 3129 908 hortatu

502 935 775 1011 quamvis
828 930 1164 1012 ‚opiniones
1227 941 1287 995 et
1368 937 1792 1012 explicationes
1845 937 2125 996 Ludovici
2159 938 2250 996 Pii
2296 938 2431 1013 imp.
2477 938 2721 1015 collegit
2755 938 3002 995 formam
3034 940 3126 995 in-

502 1023 778 1083 nonnihil
809 1023 1143 1101 singulares
1176 1030 1237 1083 et
1274 1026 1453 1085 nimis
1484 1026 1790 1102 quaesitae
1844 1028 2159 1086 stitutionis
2174 1029 2583 1086 canonicorum
2614 1029 2676 1085 et
2707 1026 3126 1085 sanctimonia·

502 1113 568 1171 in
597 1130 666 1171 eo
697 1117 1025 1185 occurrant,
1057 1133 1233 1190 quam
1257 1114 1331 1174 ob
1351 1134 1477 1174 rem
1507 1116 1791 1192 gravissi-

502 1223 632 1262 mae
663 1203 817 1262 illud
856 1204 1242 1279 subjecerunt
1273 1222 1556 1263 censurae
1588 1207 1635 1263 A
1655 1200 1790 1281 go''-

503 1293 543 1351 b
560 1312 637 1351 ar
652 1293 690 1350 d
705 1312 748 1351 u
763 1311 791 1351 s
820 1292 1130 1369 episcopus
1151 1293 1544 1370 lugdunensis
1563 1296 1624 1352 et
1640 1294 1787 1353 Flo-

505 1400 635 1440 rus
686 1382 816 1457 ejus
866 1381 1162 1452 diaconae,
1215 1382 1321 1457 qui
1367 1383 1424 1442 ei
1465 1383 1786 1453 mendacia,

505 1489 752 1543 errores,
786 1471 1116 1530 locutiones
1140 1471 1370 1530 haeresi
1390 1472 1657 1530 faventes
1677 1475 1787 1536 etc.

503 1561 835 1635 exprobrat,
869 1560 1220 1636 praesertim
1254 1561 1414 1635 quod
1445 1561 1664 1635 triplex
1698 1561 1785 1618 di-

503 1650 773 1726 stinguat
848 1668 1061 1725 corpus
1125 1649 1343 1708 Christi
1415 1651 1788 1725 absonasque

502 1740 796 1815 proponat
826 1739 1261 1815 explicationes·
1311 1739 1465 1797 Hinc
1497 1740 1628 1815 ejus
1659 1740 1785 1814 opi·

504 1827 713 1887 niones
758 1828 1052 1902 episcopis
1099 1827 1291 1887 defert
1337 1828 1784 1887 examinandas:

503 1919 608 1990 qui
642 1917 880 1975 demum
913 1916 977 1973 in
1010 1917 1258 1975 concilio
1282 1917 1559 1976 carisiaco
1578 1937 1629 1975 a.
1658 1926 1782 1980 838

503 2007 633 2081 ejus
668 2004 1005 2081 opinionem
1042 2006 1115 2063 de
1146 2005 1370 2081 triplici
1404 2005 1623 2064 Christi
1657 2024 1785 2065 cor-

503 2113 643 2170 pore
704 2094 970 2168 aliasque
1034 2094 1454 2168 explicationes
1504 2095 1783 2170 reproba-

501 2179 729 2263 runt1).
795 2181 923 2250 Qua
968 2182 1040 2241 de
1084 2201 1148 2241 re
1181 2183 1253 2241 cf.
1284 2183 1562 2242 Florus
1595 2185 1659 2242 in
1692 2202 1785 2258 ep.

502 2271 577 2330 ad
622 2271 836 2330 amicos
883 2265 1167 2353 (Migne
1203 2272 1392 2342 CXIX,
1446 2283 1524 2335 80
1574 2269 1678 2354 se.)
1725 2276 1786 2330 et

502 2360 747 2419 Mansi
775 2359 927 2431 XIV,
967 2370 1079 2424 741
1125 2379 1201 2425 ss,
1264 2362 1493 2420 Prodiit
1524 2380 1673 2438 opus
1721 2360 1786 2419 in

503 2449 848 2508 collectione
902 2450 977 2512 M.
1023 2450 1348 2526 Hittorp
1395 2451 1786 2509 Vetustorum

500 2539 612 2598 ΡΡ.
645 2539 707 2598 11.
740 2538 812 2598 de
845 2538 962 2598 div.
994 2537 1219 2611 officiis,
1268 2539 1544 2599 Coloniae
1585 2547 1783 2610 15683

500 2629 721 2687 Romae
763 2639 912 2691 1591
946 2651 959 2698 ;
1000 2629 1484 2705 supplementum
1517 2629 1783 2705 publica-

500 2718 589 2776 vit
619 2718 1002 2776 Mabillon
1033 2718 1159 2780 scil.
1190 2719 1229 2776 1.
1249 2718 1330 2776 IV
1348 2735 1396 2776 c.
1421 2728 1498 2781 48
1529 2719 1588 2776 in
1614 2719 1782 2777 Anal.

495 2806 573 2877 11,
611 2817 934 2870 96—144.
986 2807 1156 2876 Quod
1175 2807 1513 2865 Amalarius
1533 2808 1572 2865 l.
1597 2817 1651 2870 3.
1686 2807 1784 2865 sui

494 2896 631 2954 libri
670 2896 955 2970 officialis
1002 2893 1112 2977 (ita
1153 2897 1277 2972 ipse
1311 2896 1571 2972 appellat
1603 2914 1780 2954 suum

496 2984 569 3044 de
589 2985 811 3043 divinis
832 2985 1040 3044 officiis
1061 2982 1240 3065 opus)
1271 2988 1502 3054 tractat,
1537 2985 1779 3044 brevius

495 3074 734 3132 exhibet
782 3075 846 3132 in
900 3075 1126 3149 Ecloqis
1158 3075 1230 3133 de
1261 3073 1451 3133 officio
1483 3071 1776 3153 missae2),

494 3163 671 3222 editis
703 3183 737 3220 a
768 3163 1053 3222 Baluze
1095 3163 1280 3237 Capit.
1312 3182 1432 3239 reg.
1465 3163 1668 3225 Franc.
1700 3164 1776 3232 11,

499 3260 666 3315 1352
722 3270 798 3310 se.
848 3252 1093 3311 Parisiis
1147 3261 1347 3323 16773
1398 3252 1778 3310 Mabillon

494 3340 644 3404 Mus,
665 3341 790 3399 ital.
813 3340 887 3412 11,
927 3350 1049 3404 549
1086 3359 1164 3400 ss.
1196 3344 1325 3412 ete„
1358 3341 1464 3414 qui
1494 3341 1777 3399 exhibent

494 3429 671 3487 etiam
719 3431 848 3504 ejus
896 3431 1112 3508 ecloyae
1155 3432 1220 3488 in
1267 3431 1528 3488 ordinem
1579 3448 1773 3488 roma-

492 3537 650 3575 num.
710 3518 857 3591 Ejus
902 3518 937 3577 l.
983 3519 1051 3575 de
1095 3521 1297 3577 ordine
1329 3520 1770 3594 Antiphonarii,

492 3606 553 3663 in
594 3624 711 3679 quo
743 3606 1175 3681 Antiphonaria
1206 3625 1449 3666 romana
1480 3626 1613 3665 cum
1645 3609 1774 3684 gal-

492 3693 624 3751 licis
648 3693 874 3752 confert
904 3699 965 3753 et
996 3695 1138 3753 haec
1166 3696 1493 3765 emendare,
1526 3696 1646 3755 imo
1666 3715 1771 3755 no-

491 3801 632 3840 vum
679 3783 1027 3842 concinnare
1072 3785 1307 3855 nititur,
1359 3785 1773 3843 contradictio-

493 3889 627 3927 nem
659 3873 1001 3946 provocavit
1034 3873 1461 3948 Agobardi,
1510 3873 1614 3947 qui
1655 3874 1772 3932 duo

570 4063 605 4130 ¹)
634 4060 716 4114 Cf.
735 4059 787 4112 H
803 4077 830 4112 e
853 4059 993 4114 fele
1012 4059 1499 4130 Conciliengesch.
1517 4059 1632 4125 1V5
1650 4068 1772 4117 434.

489 4138 611 4186 436.
680 4131 945 4187 Ceterum
987 4132 1142 4199 apud
1185 4133 1533 4200 d'Achery
1577 4132 1774 4207 spicil.

490 4204 528 4255 t.
554 4203 674 4267 XII,
704 4211 771 4260 39
798 4205 884 4257 ed.
930 4221 1108 4257 novae
1137 4208 1176 4257 t.
1205 4205 1229 4257 1
1268 4207 1455 4258 exstat
1494 4206 1775 4261 Amalarii

490 4271 537 4323 R
553 4289 581 4324 e
600 4291 623 4325 s
640 4290 677 4340 p
697 4291 727 4327 o
744 4294 778 4327 n
799 4276 909 4328 sio
961 4276 1030 4327 de
1082 4292 1313 4346 corpore
1373 4278 1430 4327 et
1491 4277 1774 4346 sanguine

490 4342 738 4397 Domini.
786 4346 868 4399 Cf.
896 4345 967 4396 W
985 4362 1012 4398 e
1029 4364 1055 4398 r
1078 4365 1108 4396 n
1128 4364 1156 4399 e
1174 4366 1201 4399 r
1228 4346 1434 4402 Alcuin
1451 4364 1504 4415 p,
1530 4357 1773 4412 HIS-220,

490 4414 616 4467 coll.
654 4423 757 4470 234
785 4434 843 4479 8.,
890 4416 991 4484 qui
1035 4434 1310 4471 summam
1357 4435 1446 4487 op.
1496 4422 1772 4475 Amalarii

489 4484 722 4538 exhibet
748 4489 806 4538 et
830 4503 913 4549 ea,
942 4504 1086 4554 quae
1124 4488 1462 4558 Agobardus
1489 4495 1547 4545 et
1574 4493 1773 4546 Florus

488 4554 551 4605 in
578 4553 700 4624 ipso
730 4558 1171 4625 reprehendunt.

600 4631 639 4694 ι-)
702 4626 1042 4694 Eclogarum
1105 4631 1525 4696 genuinitatem
1598 4638 1773 4700 negat

492 4693 533 4744 F
551 4711 577 4745 r
594 4711 627 4746 a
643 4712 680 4746 n
697 4713 724 4746 z
752 4713 840 4764 op.
856 4697 934 4749 cit
963 4703 1183 4766 (13.7551,
1201 4701 1315 4755 imo
1333 4702 1394 4753 in
1411 4719 1475 4754 eo
1493 4704 1769 4771 reliquiae

1846 1115 1995 1174 lium
2015 1116 2291 1175 canonice
2307 1115 2659 1186 viventium,
2694 1134 2847 1191 quae
2876 1116 3129 1191 probata

1845 1204 1964 1263 fuit
1973 1205 2202 1279 judicio
2222 1208 2284 1263 et
2302 1205 2652 1264 auctoritate
2668 1204 2899 1264 concilii
2921 1205 3126 1280 aquis-

1845 1295 2153 1370 granensis
2194 1291 2396 1376 (817),
2445 1293 2606 1370 quod
2661 1303 2779 1357 130
2827 1293 3127 1368 capitibus

1846 1383 1883 1441 1.
1927 1395 1975 1445 1.
2008 1383 2126 1441 alia
2155 1395 2180 1446 1
2197 1394 2230 1446 5
2266 1402 2401 1442 cum
2431 1383 2795 1459 praefatione
2826 1382 2919 1457 adj
2927 1382 3044 1441 ecit
3060 1376 3125 1464 ¹).

1845 1473 2039 1532 Habes
2055 1490 2185 1531 eam
2201 1472 2446 1532 formam
2468 1474 2533 1531 in
2552 1472 2701 1531 actis
2719 1490 2877 1533 conc.
2896 1471 2956 1529 M
2967 1490 3051 1530 an
3063 1470 3126 1529 si

1845 1562 1992 1632 XIV,
2035 1571 2315 1625 147-277
2352 1562 2602 1620 Hardo
2620 1562 2752 1622 uin
2786 1560 2882 1630 IV,
2927 1570 3126 1624 1055·

1854 1660 2049 1721 1175;
2111 1651 2556 1710 Hartzheim
2607 1668 2768 1713 conc.
2819 1650 3010 1708 Germ.
3072 1659 3126 1721 1,

1847 1750 2105 1803 430—5
2117 1751 2146 1802 3
2158 1752 2211 1803 9.
2295 1740 2486 1816 Opera
2537 1738 2820 1797 Amalarii
2881 1738 3130 1799 collecta

1844 1830 2138 1888 habentur
2169 1831 2227 1888 Μ
2243 1829 2263 1887 i
2280 1848 2372 1903 gn
2391 1847 2422 1886 e
2455 1829 2564 1898 CV,
2603 1836 3015 1891 815—1340.

1935 2070 2078 2123 420.
2118 2063 2161 2119 A
2180 2079 2206 2119 s
2224 2080 2252 2119 c
2269 2080 2300 2118 e
2317 2060 2478 2118 tica
2507 2063 2746 2135 praeter
2775 2062 2866 2118 tot
2885 2058 3128 2133 scripta,

1842 2168 1992 2226 quae
2025 2152 2148 2226 jam
2197 2150 2622 2216 recensuimuS,
2668 2148 2909 2224 majoris
2940 2147 3126 2222 pretii

1841 2258 1960 2297 non
1992 2242 2330 2298 occurrunt.
2361 2273 2448 2281 —
2481 2238 2719 2314 Reliqui
2758 2238 2948 2295 adhuc
2979 2238 3130 2294 sunt

1842 2328 1881 2386 C
1898 2328 1935 2385 h
1954 2328 2064 2387 ris
2081 2332 2107 2386 t
2123 2347 2156 2386 o
2173 2348 2210 2403 p
2229 2329 2267 2386 h
2284 2347 2317 2387 o
2332 2348 2362 2386 ι·
2377 2346 2418 2385 u
2437 2346 2463 2385 s
2510 2327 2844 2403 patriarcha
2884 2325 3125 2384 alexan·

1841 2417 2049 2476 drinus
2085 2413 2146 2498 (†
2170 2413 2346 2495 836),
2381 2418 2552 2492 cujus
2586 2416 2847 2474 Homilia
2881 2433 2986 2473 seu
3018 2433 3123 2489 pa-

1839 2507 2098 2565 raenesis
2160 2506 2223 2564 in
2285 2524 2433 2565 usus
2495 2505 2824 2563 animarum
2877 2503 3123 2562 demon-

1841 2598 2053 2666 stranS,
2102 2596 2338 2653 cuinam
2379 2595 2591 2654 similis
2637 2596 2717 2653 sit
2760 2595 2968 2652 haecce
2997 2593 3130 2654 vita

1840 2685 2144 2744 hominum
2178 2689 2237 2742 et
2275 2685 2339 2743 in
2372 2703 2549 2759 quem
2581 2684 2754 2742 finem
2789 2683 3022 2740 desinat
3052 2681 3123 2740 cf.

1837 2774 1995 2848 apud
2041 2773 2298 2849 Migne
2345 2774 2407 2835 P.
2442 2773 2506 2831 G.
2554 2773 2610 2843 C,
2669 2779 3128 2838 1215—1232.

1839 2863 1980 2937 Ejus
2011 2863 2086 2920 ad
2105 2863 2492 2936 Theophilum
2514 2862 2656 2937 imp.
2682 2881 2771 2936 ep.
2804 2862 2873 2918 de
2902 2861 3125 2919 sanctis

1836 2970 1905 3010 ac
1936 2953 2280 3011 venerandis
2324 2951 2672 3028 imayinibus
2718 2954 2916 3008 exstat
2959 2949 3124 3007 inter

1836 3040 1927 3103 J0.
1963 3040 2324 3122 ‘Damasceni
2368 3059 2502 3117 opp.
2535 3038 2696 3108 XCV,
2750 3047 3123 3102 343—385.

1912 3288 1946 3353 ¹)
1976 3281 2059 3335 Cf.
2088 3280 2354 3354 H-e'fele
2383 3280 2459 3334 1V
2487 3290 2514 3348 ς
2540 3284 2676 3341 417ς
2720 3279 2868 3332 nist.
2898 3278 2985 3333 lit.
3015 3276 3118 3340 IV,

1834 3359 2143 3413 531—5742
2190 3352 2462 3408 Morin:
2515 3351 2801 3407 Amalaire
2846 3349 3117 3417 Esquisse

1835 3425 2014 3494 biogr.
2030 3425 2091 3478 in
2111 3424 2302 3480 Revue
2314 3423 2569 3479 benedic.
2593 3427 2742 3480 1892.
2756 3421 2851 3486 IX,
2864 3427 3059 3478 337·35
3072 3428 3121 3479 1;

1831 3497 1935 3550 Μὸ
1955 3497 2091 3550 nch
2111 3491 3124 3552 emeierAmalarv.M.,seinLeben

1829 3568 1948 3621 und
1966 3568 2119 3621 aeine
2138 3567 2440 3629 Schriften,
2461 3566 2715 3618 Milnster
2737 3570 2887 3621 1893:
2910 3562 3121 3616 Sahre

1830 3639 1941 3692 Der
1967 3638 2302 3708 Liturgiker
2322 3637 2659 3699 AmalariuS,
2689 3635 2942 3689 Dresden
2969 3639 3121 3695 1893,

1830 3710 1932 3777 qui
1958 3711 2216 3764 Realenc.
2246 3711 2312 3774 1³,
2340 3717 2444 3765 430
2483 3708 2565 3761 ita.
2592 3707 2661 3760 de
2688 3723 2754 3760 eo
2781 3705 3008 3760 scribit:
3055 3706 3124 3756 A.

1831 3782 2116 3852 vereinigt
2143 3782 2251 3834 mit
2276 3779 2668 3835 umfassender
2694 3777 3120 3832 Schriftkennt·

1829 3853 1945 3906 niss
1973 3852 2090 3906 und
2119 3851 2478 3908 Belesenheit
2516 3852 2577 3904 in
2604 3850 2715 3905 (len
2742 3848 2996 3903 Werken
3023 3847 3125 3900 der

1831 3924 2002 3978 vater
2028 3924 2122 3978 ein
2149 3924 2309 3979 nicht
2334 3923 2598 3994 geringes
2625 3922 2776 3975 Mass
2803 3938 2915 3975 von
2947 3919 3122 3973 Fleisa

1831 3997 1948 4048 und
1996 3996 2263 4065 Sorgfalt,
2309 3994 2478 4048 sowie
2524 3998 2754 4062 strange
2807 3991 3120 4045 Gewissen·

1828 4066 2143 4137 haftigkeit
2191 4067 2279 4119 bei
2305 4068 2542 4134 Angabe
2588 4065 2687 4117 der
2728 4080 2842 4118 von
2883 4063 3004 4117 ihm
3035 4062 3121 4115 be-

1830 4141 2065 4191 nutzten
2118 4138 2372 4202 Quellen.
2425 4137 2527 4191 Die
2579 4134 3121 4205 Hauptschwachen

1831 4209 2013 4262 seiner
2025 4209 2296 4262 Arbeiten
2306 4209 2405 4262 der
2419 4208 2649 4279 Mangel
2661 4225 2737 4260 an
2749 4205 3122 4260 historischen:

1831 4279 2078 4332 Forschu
2092 4300 2178 4348 ng,
2207 4281 2299 4333 die
2327 4280 2672 4334 ermssdende
2701 4279 2893 4332 Breite
2931 4275 3122 4355 aeine—r

1830 4351 2198 4420 Darstellung
2225 4353 2343 4404 und
2375 4352 2679 4406 besonders
2714 4351 2872 4404 seine
2903 4349 3120 4403 biswei·

1829 4422 1922 4475 len
1967 4423 2129 4475 recht
2171 4424 2525 4476 sonderliche
2567 4426 2675 4476 Art
2713 4418 3125 4491 allegorischer

1829 4493 2166 4562 Auslegung
2193 4494 2321 4547 sind
2339 4495 2502 4547 nicht
2516 4511 2575 4546 so
2592 4494 2725 4547 sehr
2741 4494 2860 4546 ihm
2882 4491 2966 4544 als
2989 4488 3126 4543 viel·

1827 4565 1984 4617 mehr
2011 4565 2110 4617 der
2138 4566 2319 4619 seiner
2340 4566 2461 4619 Zeit
2480 4564 2721 4635 eigenen
2751 4559 3124 4618 Geistesrich·

1829 4639 1973 4704 tang
1999 4638 2415 4701 antiret-lmen,
2460 4638 2633 4689 deren
2662 4635 2916 4689 Einfluss
2943 4632 3126 4686 selbst

1827 4707 1947 4758 scin
1977 4708 2183 4760 Lehrer
2211 4709 2421 4761 Alcuin
2463 4709 2581 4762 sich
2620 4708 2787 4762 nicht
2813 4709 2976 4760 hatte
3003 4704 3125 4757 ent·

493 4779 584 4829 op.
606 4765 879 4817 Amalarii
898 4772 1036 4820 trev.
1053 4771 1120 4820 cle
1140 4771 1307 4823 missa
1322 4776 1526 4844 (p.755)
1539 4776 1767 4843 reperit.
1826 4777 2026 4831 ziehen
2055 4778 2277 4833 konnen
2301 4800 2313 4839 ς
2341 4780 2412 4832 W
2430 4796 2459 4832 e
2476 4797 2503 4832 r
2518 4798 2554 4832 n
2573 4797 2602 4832 e
2618 4798 2646 4832 r
2671 4780 2711 4833 1.
2728 4795 2773 4832 c.
2793 4798 2848 4849 p.
2867 4785 2970 4835 261
2989 4792 3063 4828 88·
