3505 5161
422 240 545 293 721

1289 217 1572 283 Tarasius‚
1601 217 1935 272 Theodorus
1960 215 2206 272 Studita.

2928 232 3050 286 722

421 407 647 468 Tarasii
665 404 733 488 1).
766 407 1031 465 Praefuit
1046 424 1187 465 suae
1208 406 1333 465 sedi
1353 409 1425 465 ad
1447 427 1498 464 a.
1522 425 1713 481 usque
1772 425 1840 465 eo
1887 406 2130 483 negotio
2200 399 2494 484 agente2).
2557 403 2933 479 Opposuerat
2993 422 3056 462 se

422 507 575 566 806,
639 500 701 556 et
750 516 784 554 a
832 496 1058 573 graecis
1122 495 1340 555 colitur
1394 504 1493 558 25.
1544 495 1715 558 Febr.
1772 494 2013 570 quidem
2043 494 2317 553 Tarasius
2348 493 2489 552 huic
2519 492 2794 570 conjugio
2814 492 3052 563 nefarie,

421 586 653 645 Nactus
685 588 780 645 est
819 586 977 644 vitae
1023 603 1164 644 suae
1210 585 1559 660 scriptorem
1604 586 1714 662 Ig-
1771 584 2043 660 pellicem
2075 601 2353 643 coronare
2381 582 2600 652 renuit,
2633 582 3055 657 imperatorem

426 676 724 734 natium
765 673 1141 750 discipulum,
1177 674 1490 733 diaconum
1523 678 1584 732 et
1613 694 1714 733 va·
1770 674 2034 749 graviter
2064 671 2467 749 reprehendit,
2519 671 2933 730 communione
2963 673 3054 730 ta-

426 783 630 824 sorum
661 764 967 823 custodem
991 758 1449 845 (skeuophylax)
1468 782 1715 840 magnae
1771 781 1909 819 men
1941 781 2063 820 non
2094 761 2370 838 privavit,
2404 779 2478 819 ne
2503 761 2788 835 juvenem
2820 778 3052 819 exacer-

422 853 707 912 ecclesiae
729 854 852 924 GP„
887 853 992 928 qui
1026 851 1218 912 factus
1251 852 1390 911 dein
1410 854 1502 910 est
1520 854 1715 911 nicae·
1769 852 1942 909 baret
2002 854 2063 909 et
2113 851 2187 910 ad
2238 853 2500 909 extrema
2561 849 2837 908 incitaret
2885 849 3055 908 mala.

426 961 543 1001 nus
569 941 949 1019 metropolita
985 938 1056 1023 (c.
1083 938 1256 1024 813),
1292 944 1354 1000 et
1384 941 1561 1000 etiam
1595 942 1647 999 N
1662 942 1711 999 i·
1771 940 2158 999 Constantino
2191 939 2458 1015 deposito
2505 941 2567 997 et
2606 959 2741 998 mox
2772 937 3055 998 defuncto

424 1050 506 1091 ce
526 1032 754 1106 pheri
818 1031 1184 1108 patriarchae
1246 1032 1432 1090 vitam
1485 1035 1716 1106 praeter
1771 1050 1820 1087 a.
1847 1039 1994 1100 797,
2028 1029 2369 1088 Theodorus
2402 1028 2476 1086 ab
2508 1028 2679 1087 Irene
2711 1031 3053 1087 revocatur:

419 1122 543 1180 alia
553 1121 920 1196 conscripsit,
938 1124 1007 1178 ut
1019 1121 1173 1179 infra
1184 1120 1450 1178 dicemus
1461 1140 1516 1195 p.
1527 1132 1557 1182 7
1569 1129 1641 1184 41
1664 1140 1713 1180 a.

422 1210 513 1270 cf.
580 1210 729 1269 hanc
778 1210 1001 1268 Tarasii
1064 1210 1248 1268 vitam
1311 1210 1373 1267 in
1421 1209 1568 1267 actis
1616 1209 1714 1271 SS.

427 1299 534 1358 III.
565 1298 731 1359 Febr.
758 1307 961 1362 572—
981 1309 1137 1369 590;
1172 1299 1229 1356 M
1247 1297 1268 1355 i
1285 1317 1428 1375 gne
1460 1298 1712 1368 XCVIII,

435 1396 902 1457 1485—14243
946 1406 1153 1465 graece
1200 1387 1460 1463 primum
1491 1387 1650 1445 edita
1680 1408 1714 1444 a

428 1478 486 1535 Η
501 1495 533 1535 e
547 1477 569 1534 i
583 1478 625 1535 k
639 1477 709 1535 el
740 1476 1207 1554 Helsingforsiae
1247 1485 1321 1540 18
1332 1485 1430 1539 89.
1464 1476 1715 1550 Reliqua

420 1569 630 1625 autem
692 1584 842 1642 quae
905 1568 1249 1642 supersunt,
1302 1565 1525 1623 Tarasii
1587 1566 1711 1624 scil.

421 1656 696 1729 epistola-s
725 1657 787 1713 et
817 1655 1142 1714 orationem
1180 1657 1245 1713 in
1276 1674 1352 1713 ss.
1388 1654 1713 1727 Deiparam

428 1744 492 1802 in
523 1746 815 1820 templum
849 1744 1181 1814 deductam,
1215 1743 1293 1802 ib.
1320 1754 1393 1806 14
1406 1753 1437 1805 2
1449 1753 1551 1806 3-1
1571 1754 1602 1807 5
1614 1756 1646 1807 0
1658 1756 1712 1807 0.

522 1947 666 2001 393.
698 1940 848 1997 Prae
881 1939 1093 1998 ceteris
1127 1943 1327 1997 tamen
1348 1939 1595 1998 emicuit
1609 1940 1716 1996 hac

427 2028 493 2085 in
527 2046 700 2086 causa
732 2028 889 2086 sieut
922 2031 982 2087 et
1013 2028 1078 2086 in
1098 2028 1231 2087 aliis
1264 2028 1714 2087 Theodorus

424 2116 716 2187 studitae,
749 2117 839 2175 vir
868 2119 1081 2193 potens
1128 2135 1396 2176 sermone
1428 2120 1490 2175 et
1519 2135 1713 2191 opere,

428 2205 908 2264 illustrissimum
956 2207 1066 2264 hoc
1113 2209 1379 2281 tempore
1424 2206 1716 2264 Ecclesiae

427 2294 732 2353 orientalis
783 2296 1003 2363 lumen,
1058 2296 1394 2365 sanctitate,
1448 2296 1713 2365 scientia,

425 2382 546 2442 zelo
578 2384 753 2459 plane
784 2383 1058 2460 insignis
1123 2385 1315 2443 Natus
1348 2386 1450 2443 ille
1482 2388 1573 2443 est
1605 2384 1715 2442 sub

426 2472 676 2547 imperio
709 2472 1084 2531 Constantini
1106 2474 1458 2549 copronymi
1478 2473 1594 2549 piis
1611 2491 1716 2531 no·

424 2561 775 2637 bilibusque
804 2562 1157 2639 parentibus
1173 2564 1429 2623 Photino
1453 2566 1515 2622 et
1529 2563 1715 2622 'Pheo-

424 2652 613 2710 ktista
642 2671 693 2713 a.
731 2660 873 2715 ¹759.
915 2652 1139 2711 Virtuti
1171 2673 1205 2711 a
1234 2672 1419 2728 puero
1454 2652 1715 2726 deditus,

424 2740 738 2798 literarum
789 2740 1009 2799 studiis
1061 2742 1351 2800 excolitur
1399 2746 1579 2817 atque
1640 2741 1714 2798 ad

426 2848 727 2888 summum
777 2830 1076 2888 doctrinae
1128 2831 1378 2906 gradum
1423 2830 1713 2907 pervenit.

424 2918 810 2977 Monasticam
860 2918 1073 2977 deinde
1103 2920 1290 2978 vitam
1343 2915 1528 3001 (781)
1580 2937 1716 2977 cum

424 3006 1036 3084 fratribusEuthymio
1047 3011 1108 3067 et
1118 3008 1157 3066 J
1159 3009 1377 3083 osepho
1390 3008 1713 3081 amplexae,

425 3114 559 3154 cum
591 3095 907 3155 excelleret
917 3099 1080 3156 omni
1108 3098 1403 3156 virtutum
1425 3115 1657 3173 genere,
1682 3116 1716 3154 a

422 3185 661 3244 Tarasio
679 3186 1006 3267 sacerdotio
1022 3186 1139 3245 fuit
1154 3186 1429 3244 initiatus
1447 3182 1522 3267 (a.
1541 3195 1573 3249 7
1584 3195 1617 3249 8
1630 3195 1661 3248 7
1670 3179 1713 3266 ).

425 3275 569 3333 Post
600 3274 832 3350 aliquot
873 3294 1059 3334 annos
1094 3267 1277 3356 (794)
1311 3275 1482 3333 Plato
1526 3293 1713 3333 avun-

420 3363 616 3431 culus,
651 3363 757 3438 qui
789 3363 1074 3423 hactenus
1107 3365 1469 3423 monasterio
1504 3365 1713 3422 Saccu-

422 3451 623 3511 dionis
645 3452 1000 3528 praefuerat,
1034 3453 1349 3511 transtulit
1379 3454 1712 3528 praefectu-

418 3560 551 3598 ram
583 3541 648 3599 in
679 3559 834 3612 eum,
885 3542 1144 3601 invitum
1191 3543 1463 3617 quamvis
1511 3562 1574 3601 ac
1620 3561 1713 3600 re-

424 3629 773 3691 luctantem.
810 3631 1051 3690 Munere
1074 3650 1182 3690 suo
1199 3632 1435 3709 egregie
1457 3631 1713 3709 fungens

421 3718 726 3778 commissi
759 3720 958 3796 gregis
990 3722 1325 3795 praeclarus
1358 3724 1549 3780 rector
1565 3724 1625 3778 et
1640 3721 1713 3779 ad

425 3807 711 3865 salutaria
759 3827 979 3883 pascua
1018 3808 1230 3867 ductor
1260 3810 1507 3870 exstitit.
1571 3808 1713 3867 Cum

421 3896 884 3955 Constantinum
933 3898 1132 3956 Irenes
1176 3898 1315 3974 imp.
1365 3899 1575 3970 filium,
1609 3898 1715 3972 qui

408 3981 673 4044 'dimissa
721 4004 903 4045 uxore
953 3987 1200 4045 alteram
1250 3987 1515 4057 duxerat,
1576 4005 1713 4062 pro-

424 4077 629 4149 pterea
704 4075 1200 4151 reprehendisset,
1277 4076 1531 4152 flagellis
1585 4094 1713 4134 cae-

424 4179 530 4222 sus
561 4164 743 4237 atque
772 4163 1250 4223 Thessalonicam
1279 4166 1582 4242 relegatus
1624 4167 1716 4223 est

1769 1119 2049 1177 redeunti
2109 1122 2240 1178 tota
2298 1137 2482 1193 prope
2545 1117 2756 1176 civita-s
2808 1117 3056 1193 ipsaque

1771 1209 2045 1285 Augusta
2078 1226 2211 1267 cum
2242 1207 2582 1283 patriarcha
2625 1207 2857 1265 obviam
2890 1210 3056 1265 eunt.

1771 1297 1905 1371 Ipse
1966 1296 2216 1358 honores
2278 1296 2512 1374 fugiens
2560 1297 2634 1354 ab
2684 1296 3057 1371 imperatrice

1769 1385 2067 1461 impetrat,
2101 1389 2172 1444 ut
2203 1387 2378 1445 liceat
2408 1384 2523 1444 sibi
2553 1385 2628 1443 ad
2659 1403 2833 1443 suum
2864 1385 3057 1443 redire

1771 1476 2228 1534 monasterium:
2264 1475 2368 1533 sed
2390 1493 2523 1533 cum
2555 1474 2666 1532 hoc
2696 1473 3055 1532 incursioni-

1771 1563 1882 1622 bus
1935 1564 2358 1624 Saracenorum
2405 1566 2563 1622 esset
2605 1562 2959 1639 expositum,
2995 1581 3058 1622 se

1770 1672 1902 1711 cum
1939 1653 2063 1712 suis
2095 1654 2253 1712 intra
2281 1652 2494 1711 urbem
2513 1652 2774 1728 recipere
2794 1652 3054 1727 cogitur:

1771 1742 1991 1817 quibus
2022 1746 2300 1820 Augusta
2331 1741 2526 1800 Studii
2567 1741 2994 1800 monasterium
3008 1736 3057 1823 ¹)

1771 1831 2052 1889 attribuit
2129 1853 2165 1890 a
2240 1831 2627 1890 Constantino
2690 1830 3056 1906 Copronymo

1771 1921 2070 1996 quondam
2103 1923 2418 1990 vastat-um,
2464 1920 2621 1979 unde
2653 1921 2714 1977 et
2742 1918 2857 1995 ipsi
2889 1919 3056 1977 Stu-

1772 2010 1977 2068 ditas
2029 2028 2135 2069 seu
2182 2009 2435 2068 Studion
2496 2027 2712 2067 nomen
2774 2007 3056 2067 adhaesit.

1770 2098 2014 2157 Interim
2078 2099 2448 2175 Nicephorus
2497 2098 2823 2175 Logotheta
2871 2099 3059 2172 ejecta

1772 2188 1941 2246 Irene
1989 2188 2312 2263 imperium
2361 2188 2616 2263 capessit
2665 2190 2725 2245 et
2775 2186 3056 2246 defuncto

1771 2277 2008 2335 Tarasio
2040 2278 2439 2353 Nicephorum
2470 2276 2690 2335 laicum
2721 2275 3056 2346 substituit,

1772 2386 1806 2423 a
1854 2367 2024 2441 cujus
2073 2366 2485 2425 communione
2531 2365 2872 2424 Theodorus
2923 2383 3057 2423 cum

1772 2454 1951 2513 fratre
1983 2474 2089 2514 suo
2120 2456 2159 2512 J
2162 2456 2382 2529 osepho
2415 2460 2476 2512 et
2494 2455 2741 2513 Platone
2774 2453 3056 2524 abstinet,

1774 2544 1915 2619 quia
1947 2544 2187 2603 mollius
2232 2545 2410 2603 nimis
2456 2544 2665 2603 cedens
2697 2543 3057 2619 imperatori,

1771 2634 1810 2690 J
1813 2635 2099 2709 osephum
2121 2652 2522 2704 oeconomum,
2557 2635 2663 2709 qui
2692 2633 3060 2691 adulterinas

1770 2723 2016 2798 nuptias
2049 2723 2422 2781 Constantini
2464 2724 2761 2797 junxerat,
2808 2721 3057 2796 ideoque

1770 2811 1966 2870 fuerat
2020 2812 2342 2886 depositus,
2395 2813 2458 2870 in
2507 2810 2833 2886 pristinum
2878 2810 3056 2867 resti·

1771 2902 1969 2958 tuerat
2017 2901 2287 2976 gradum.
2348 2900 2502 2958 Hinc
2550 2900 2613 2957 in
2676 2898 2902 2974 synodo
2952 2899 3057 2961 ΟΡ.

1772 3009 1819 3047 a.
1859 2998 1980 3052 809
2019 2993 2232 3060 coacta,
2280 2989 2344 3046 in
2391 3009 2510 3065 qua
2539 2988 2786 3064 nuptiae
2819 2987 2954 3045 illae
2988 3006 3055 3046 ex

1771 3077 2208 3153 dispensatione
2253 3078 2555 3155 legitimae
2599 3078 2766 3136 fuere
2796 3076 3055 3135 declara-

1769 3170 1882 3237 tae,
1916 3166 2280 3224 anathemati
2319 3171 2461 3226 sunt
2493 3166 2748 3242 subjecti
2781 3168 2961 3240 atque
2993 3166 3057 3223 in

1769 3256 2026 3314 insulam
2087 3275 2270 3331 prope
2330 3255 2726 3333 Byzantinum
2788 3255 3054 3331 relegati,

1769 3348 1949 3420 atque
1982 3344 2209 3422 singuli
2256 3364 2363 3404 suo
2410 3345 2657 3404 seorsim
2703 3361 2932 3402 carcere
2964 3342 3055 3400 in-

1770 3434 1921 3492 clusi
1952 3427 2380 3516 (Sos—811).
2440 3434 2771 3510 Nicephoro
2804 3433 2868 3489 in
2899 3432 3056 3491 bello

1770 3526 1976 3581 contra
2050 3523 2343 3598 Bulgaros
2418 3526 2725 3599 perempto
2794 3521 3057 3580 succedit

1770 3611 2020 3670 Michael
2071 3613 2480 3687 EuropalateS‚
2531 3613 2636 3688 qui
2682 3612 2917 3670 exsules
2963 3630 3055 3669 re-

1771 3703 1941 3760 vocat
1971 3719 2043 3758 ea
2061 3701 2416 3773 conditione,
2439 3705 2510 3761 ut
2528 3702 2581 3760 N
2588 3702 2900 3777 icephorus
2920 3700 3056 3773 qui-

1771 3791 1903 3848 dem
1934 3791 2285 3863 patriarcha,
2337 3810 2487 3866 quae
2532 3809 2837 3867 perperam
2886 3790 3059 3865 gesta

1771 3882 1957 3948 erant,
1992 3879 2256 3956 abroget,
2319 3881 2436 3955 ipsi
2497 3898 2634 3938 vero
2685 3898 2816 3937 cum
2869 3897 2937 3937 eo
2983 3877 3057 3936 ad

1770 3968 2244 4027 communionem
2275 3968 2522 4027 redeant
2555 3964 2630 4049 (a.
2656 3963 2841 4046 811):
2878 3986 3058 4043 quam

1771 4056 2172 4115 conditionem
2203 4057 2292 4115 illi
2323 4059 2643 4132 acceptant.

426 4247 645 4333 (’7(·)·”5)ζ
696 4252 825 4327 ipse
857 4271 994 4312 V01'0
1027 4254 1503 4313 communionem
1535 4254 1713 4312 etiam
1771 4279 1909 4333 rasii
1936 4297 2252 4335 successore
2293 4278 2680 4332 narrationem
2720 4278 2950 4331 brevem
2974 4294 3057 4332 re-

426 4339 673 4415 abrupit
702 4358 838 4400 cum
871 4341 1105 4401 Tarasio
1137 4343 1305 4401 velut
1322 4343 1629 4402 remissius
1650 4342 1715 4401 in
1770 4351 1924 4422 perit
1966 4351 2109 4404 Mai
2153 4351 2214 4403 in
2258 4352 2379 4405 cod.
2429 4349 2614 4415 vatic„
2661 4366 2833 4416 quam
2875 4347 3062 4403 edidit

504 4567 541 4689 ¹?
564 4564 648 4618 cf.
674 4564 744 4618 de
771 4565 879 4619 hac
913 4565 1129 4633 synodo
1168 4569 1228 4621 et
1267 4584 1309 4620 s.
1337 4563 1568 4620 Tarasio
1595 4565 1647 4618 H
1664 4582 1716 4619 e·

420 4635 496 4688 fe
548 4651 579 4688 e
606 4635 721 4692 KL.
747 4635 840 4702 Xl,
869 4643 1167 4693 237—248.

1772 4422 2072 4504 §picilegii
2099 4423 2204 4476 V11
2231 4439 2360 4493 pag.
2388 4421 2586 4487 XX1X‚
2626 4420 2761 4475 inde
2807 4419 2864 4473 M
2881 4419 2956 4490 ig
2972 4437 3011 4472 n
3026 4437 3057 4474 e

1773 4495 1905 4637 lb⁸¹)l
1913 4500 2217 4620 {ffb—345¹}
2243 4561 2486 4618 historia
2514 4562 2822 4631 byzantina
2849 4562 3059 4617 celebri

1772 4637 2116 4691 monasterio
2133 4636 2376 4690 fundato
2393 4651 2444 4687 a.
2463 4641 2566 4692 463
2577 4652 2610 4688 a
2621 4633 2650 4687 J
2658 4650 2841 4688 oanne
2852 4632 3059 4688 Studio

501 4712 522 4746 ²
568 4705 651 4761 De
677 4708 785 4762 hoe
810 4707 1049 4763 dissidio
1077 4724 1175 4762 seu
1203 4707 1525 4772 schismate,
1566 4707 1716 4761 sicut
1771 4708 1842 4760 cf.
1884 4708 1942 4760 M
1960 4726 1996 4762 u
2014 4723 2042 4760 e
2060 4708 2162 4762 lle
2179 4726 2207 4761 r
2247 4706 2514 4762 Studium
2555 4705 2893 4760 coenobium
2935 4704 3059 4771 GP„

414 4779 487 4829 -et
550 4794 579 4832 e
607 4773 844 4832 dissidio
879 4781 1077 4850 postea
1103 4796 1232 4833 cum
1261 4778 1585 4850 Nicephoro
1614 4778 1714 4831 Ta·
1772 4778 1998 4849 Lipsiae
2030 4783 2180 4837 1721.
