3505 5161
508 183 629 239 139
1059 168 1361 220 326-400.
1388 160 1701 232 Scriptores
1729 179 1775 215 c.
1805 163 1902 217 Ar,
1929 160 2154 226 Hosius,
2172 161 2560 225 *Phoebadiusg
2997 185 3015 235 1
3036 182 3118 239 40

499 352 588 413 sia
624 349 886 413 „eosdem
947 348 1269 415 monachos
1326 348 1594 409 institnit
1653 366 1783 409 esse
1833 364 2014 412 senex
2046 348 2418 410 venerandus
2450 370 2499 411 a.
2548 350 2710 410 ultra
2741 353 2978 409 centum
3011 367 3117 409 na-

496 456 646 516 quos
681 439 939 509 clericos,
974 442 1045 502 ut
1075 442 1235 504 esset
1265 437 1331 496 in
1358 438 1506 514 ipsis
1539 437 1687 519 viris
1721 439 1784 505 et
1836 438 1951 500 tus.
1984 446 2088 504 27.
2117 439 2271 515 Aug.
2306 446 2451 503 857.
2517 438 2703 497 Unica
2746 442 2941 497 exstat
2982 440 3114 515 ejus

495 531 877 604 contemptus
914 540 1125 595 *rerum
1175 530 1237 588 et
1284 527 1582 589 accuratio
1633 525 1780 585 levi·
1837 545 1922 601 ep.
1968 527 2048 586 ad
2092 528 2493 585 Constantium
2543 530 2680 603 imp.
2728 526 3005 587 libertate
3055 532 3118 587 et,

493 621 691 680 tarum
705 613 773 697 ²).

589 804 687 863 ’12-
713 795 840 855 His
885 794 1230 872 coryphaeis
1264 794 1471 871 ‘aliqui
1521 794 1626 852 alii
1673 792 1777 852 ad-

494 884 675 947 dendi
710 887 872 955 sunt,
924 880 1084 947 inter
1130 901 1292 958 quos
1331 894 1620 967 summam
1666 900 1775 945 no-

492 974 673 1036 minis
704 973 1111 1049 celebritatem
1138 978 1494 1034 consecutus
1527 975 1620 1032 est
1638 973 1692 1031 H
1710 991 1772 1031 ο-

492 1064 665 1121 sius
709 1082 766 1121 n.
818 1071 971 1132 256,
1014 1063 1332 1138 episcopus
1382 1060 1774 1131 cordubensis

494 1147 698 1233 (296),
731 1150 1608 1227 quijuxtaBar'denhewer
1634 1147 1667 1218 ἓ
1692 1160 1771 1215 86

492 1243 553 1300 et
588 1250 666 1308 87
701 1259 760 1302 n.
798 1251 851 1304 1.
884 1258 1027 1316 prae
1048 1239 1280 1300 Hilario
1312 1240 1642 1312 ,Athanasii
1662 1240 1773 1299 Oc·

491 1329 766 1390 sidentis‘
810 1328 1076 1393 encomio
1106 1329 1391 1389 celebrari
1423 1332 1612 1391 meret
1654 1347 1775 1393 non

488 1423 693 1485 tamen
728 1418 1003 1496 scriptis,
1068 1430 1339 1495 quorum·
1385 1418 1484 1480 vix
1545 1419 1772 1495 aliquid

487 1507 855 1583 composuit,
922 1507 1022 1566 sed
1088 1507 1266 1567 rebus
1314 1508 1517 1584 'gestis
1567 1511 1773 1574 contra

488 1596 746 1656 Arianos
778 1597 853 1655 in'
874 1612 1053 1659 causa
1084 1597 1242 1656 fidei.
1288 1598 1504 1674 Magna
1535 1596 1774 1656 valebat

487 1685 842 1747 auctoritate
875 1685 1038 1760 apud
1059 1686 1514 1749 Constantinum
1535 1686 1630 1755 M„
1664 1685 1770 1761 qui

1831 614 2188 698 fortitudine
2208 615 2529 692 apostolica
2549 616 2899 691 conscripta,
2935 636 3114 692 quam
3153 628 3162 635 '

1834 703 2057 782 recepit
2087 704 2449 763 Athanasius
2480 703 2543 763 in
2573 724 2739 763 suam
2773 705 2912 764 hist.
2944 706 3116 766 Aria-

1832 810 2047 859 norum
2076 803 2224 856 c.44
2260 789 2539 872 (Migne
2570 794 2712 856 P.L.
2733 793 2889 864 VIII,
2918 804 3112 859 1327·

1844 877 2052 963 1331).
2117 882 2348 963 Libelli
2383 883 2504 942 duo
2539 901 2690 958 quos
2723 884 2930 942 laudat
2959 885 3112 943 Isi-

1832 970 2074 1029 dorus
2114 971 2266 1049 hisp.
2300 970 2372 1029 de
2405 971 2669 1034 viris'ill.
2702 990 2748 1034 e.
2786 982 2839 1035 5.
2873 973 2997 1033 scil.
3043 976 3112 1031 de

1831 1058 2003 1121 laude
2034 1060 2402 1137 virqinitatis'
2434 1063 2495 1120 et
2538 1061 2607 1119 de
2639 1056 3112 1137 interpretatione

1829 1150 2066 1208 vestium
2096 1150 2560 1226 sacerdotalium,
2597 1169 2748 1225 quae
2782 1153 2926 1209 sunt
2956 1152 3018 1209 in
3041 1151 3109 1213 V.

1831 1238 1910 1307 Τ.,
1945 1237 2271 1314 perierunt.
2340 1238 2556 1298 Nostra
2585 1242 2777 1299 aetate
2810 1239 2964 1297 card.
2996 1241 3106 1297 Pi-

1829 1318 1949 1385 tr'a
1980 1327 2253 1404 publicae
2284 1327 2405 1391 luci
2439 1327 2606 1387 dedit
2637 1328 2964 1388 doctrinam
2987 1326 3106 1388 Hol-

1830 1415 1905 1474 sii
1948 1418 2153 1492 ep.‘de
2198 1417 2579 1478 observatione
2622 1418 2963 1494 disciplinae
3006 1419 3105 1477 do-

1828 1507 2072 1576 minicae
2101 1498 2141 1567 i.
2160 1497 2314 1568 e.'49
2349 1507 2557 1565 breves
2590 1506 2917 1566 sententias
2950 1508 3111 1566 inter

1827 1595 2338 1654 Analecta‘sacra
2397 1599 2460 1654 et
2521 1595 2794 1665 classica,
2861 1596 3107 1655 Parisiis

1836 1684 2064 1754 18881,
2089 1684 2849 1767 liv—,Phoebadius
2874 1687 3106 1762 Agenni

486 1775 617 1849 ejus
651 1793 827 1851 opera
859 1775 923 1832 in
955 1774 1214 1851 negotiis
1234 1774 1654 1837 ecclesiasticis
1674 1777 1770 1833 est
1826 1771 2154 1832 Galliarum
2187 1773 2518 1849 episcopus,
2553 1774 2790 1832 arianae
2823 1774 3106 1850 perfidiae

485 1880 650 1925 usus,
716 1863 978 1925 Concilio
1011 1863 1458 1941 nicaeno—sicut
1487 1867 1549 1922 et
1578 1864 1767 1923 sardi-
1825 1856 2149 1921 insectator
2198 1862 2539 1931 acerrimae,
2597 1882 2671 1922 a.·
2702 1872 2826 1927 358
2882 1863 3102 1923 librum

486 1952 932 2027 censipraefuit:
946 1952 1082 2011 aliis
1095 1952 1622 2029 quoqueinterfuit
1636 1967 1768 2014 con·
1824 1949 2087 2009 exaravit
2132 1950 2274 2011 stilo
2315 1950 2511 2010 nitido
2542 1953 2604 2009 et
2634 1952 2868 2011 conciso
2900 1961 3105 2012 contra

485 2040 663 2110 ciliis,
701 2039 1092 2103 conventibus
1107 2042 1627 2118 legationibusque
1658 2063 1766 2119 pro
1825 2040 2102 2115 Arianos,
2140 2058 2259 2115 quo
2294 2041 2608 2104 secundam
2642 2041 2955 2099 formulam
2991 2042 3101 2101 sir·

485 2127 730 2187 tuenda·
754 2128 870 2188 fide
916 2129 1258 2192 orthodoxa.
1323 2132 1481 2190 Hinc
1515 2131 1768 2193 Ariane-
1824 2127 2107 2189 miensem
2142 2128 2376 2206 egregie
2409 2128 2656 2197 refellit;
2696 2130 2735 2193 1.
2769 2129 3102 2207 elegantem

486 2236 623 2276 rum
671 2218 928 2277 incurrit
984 2218 1191 2281 odium·
1237 2223 1417 2295 atque
1465 2221 1764 2299 particeps
1821 2217 1889 2274 de
1909 2217 2054 2276 Filii
2083 2219 2378 2277 divinitate
2410 2225 2459 2276 et
2491 2212 3101 2289 consubstantialitate,

485 2306 678 2366 factus
726 2311 819 2369 est
863 2307 1056 2371 omnis
1088 2304 1417 2369 vexationis
1461 2314 1524 2373 et
1560 2324 1759 2385 perse-
1819 2306 1909 2363 vel
1946 2305 2299 2389 simpliciter
2327 2307 2396 2364 de
2424 2308 2536 2378 fide
2554 2308 2873 2367 orthodoxa
2894 2314 3106 2369 contra

485 2395 761 2466 cationis,
809 2396 876 2455 in
906 2396 1181 2455 exsilium
1215 2399 1429 2473 pulsus
1461 2399 1557 2458 vel
1588 2418 1763 2460 senex
1823 2394 2094 2463 Arianoe,
2130 2399 2193 2453 et
2219 2393 2471 2467 ,libellum
2499 2396 2636 2469 fidei
2668 2398 2880 2473 prioris
2913 2398 3099 2458 veluti

483 2504 530 2546 a.
576 2495 695 2548 100
745 2490 807 2542 et
851 2485 1198 2546 verberibus
1244 2487 1492 2548 affectus
1539 2488 1762 2548 calum·
1819 2474 2439 2559 ‘compendiumquae
2461 2485 2580 2543 duo
2601 2487 2932 2561 posteriora
2953 2488 3099 2546 scri-

482 2573 722 2649 niisque
743 2574 1067 2634 laceratus:
1102 2595 1308 2636 verum
1327 2576 1612 2641 immotus
1643 2580 1762 2638 ste-
1817 2575 1920 2648 pta
1939 2592 2061 2632 non
2081 2568 2226 2632 adeo
2249 2577 2410 2633 certo
2430 2575 2690 2638 auctoris
2710 2577 2903 2636 nostri
2925 2583 3100 2637 sunt:

478 2662 559 2721 tit
604 2662 668 2721 in
714 2664 1057 2727 saevissima
1104 2668 1457 2741 tempestate
1502 2685 1606 2742 pro
1646 2668 1760 2726 fide
1816 2661 1953 2720 hino
1969 2662 2043 2721 ab
2058 2662 3097 2743 aliistribuunturnliis,utVigilio

480 2751 758 2820 nicaena:
782 2770 973 2829 neque
996 2753 1153 2813 enim
1173 2754 1481 2830 probabile
1501 2755 1760 2828 videtur,
1815 2752 1988 2826 laps„
2022 2752 2116 2809 Gr
2130 2771 2162 2810 Θ
2177 2770 2218 2828 8
2233 2770 2310 2811 01·
2325 2753 2345 2810 ἰ
2362 2770 2396 2810 0
2428 2752 2797 2822 eliberifflnm
2822 2755 2868 2813 G
2884 2775 2916 2813 r
2931 2775 2961 2813 e
2978 2774 3097 2833 go·

478 2859 616 2898 eum
648 2841 712 2901 in
739 2841 860 2901 *fine
879 2842 1036 2902 vitae
1052 2835 1760 2921 turpitersubscripsisse
1816 2839 1931 2897 rio
1963 2858 2085 2900 naz.
2105 2842 2216 2904 eto.
2248 2841 2650 2918 Reperiuntur
2671 2843 2733 2900 in
2754 2844 3095 2904 Gallandi

478 2929 614 2988 fidei
675 2930 961 2989 formulae
1022 2931 1254 2993 arianae
1324 2936 1386 2992 et
1447 2934 1759 2998 damnasse
1813 2925 2171 2988 bibliotheca
2190 2929 2258 3000 V,
2285 2931 2652 3002 2050—65,
2687 2935 2748 2991 et
2778 2933 2916 2991 inde
2934 2933 3093 3008 apud

478 3013 804 3101 ὁμοουσίου
836 3020 1294 3095 professionem:
1344 3022 1416 3081 ad
1458 3041 1755 3086 summum
1813 3016 2072 3094 Migne
2104 3019 2223 3087 XX,
2267 3030 2558 3100 13--50,ν
2606 3020 2771 3079 Obiit
2809 3021 3092 3099 dignissi-

476 3106 629 3166 forte
700 3108 952 3182 quadam
1024 3109 1283 3185 deliquit
1356 3112 1755 3184 conniventia,
1812 3124 1948 3164 mus
1970 3108 2207 3182 praesul
2229 3111 2290 3165 et
2308 3107 2443 3166 fidei
2465 3109 2786 3169 catholicae
2807 3117 3090 3170 strenuus

478 3214 655 3269 quam
690 3199 750 3255 et
781 3197 967 3273 ipsam
998 3200 1344 3258 retractavit
1357 3195 1423 3279 ¹).
1490 3202 1758 3261 Decessit
1811 3198 2220 3272 propugnator
2235 3192 2281 3275 ¹)
2316 3201 2446 3272 post
2481 3216 2516 3256 a
2550 3207 2693 3261 392.

1906 3382 2004 3435 73.
2037 3373 2144 3430 His
2177 3374 2241 3431 in
2273 3375 2593 3434 certamine
2614 3380 2819 3436 contra
2840 3379 3094 3438 Arianos

555 3421 589 3488 ὁ’)
619 3419 701 3470 Uf-
745 3419 1020 3496 lssssfflfflstssb'
1065 3422 1230 3475 Nosst·
1276 3424 1341 3476 ῙῙ·
1388 3424 1449 3476 in
1495 3425 1750 3494 ejusdem
1811 3460 1927 3520 suit
1959 3460 2157 3521 socius
2188 3462 2505 3522 Lucifer
2551 3466 2911 3525 calaritanus
2963 3470 3092 3543 epi-

476 3489 622 3541 festo
655 3495 734 3544 16.
764 3489 891 3542 Dec.

548 3563 589 3618 ⁴²)
617 3559 699 3614 Cf.
728 3561 773 3613 G
791 3577 823 3612 a
842 3579 895 3614 in
908 3579 933 3613 s
954 3561 1396 3632 Kirchengesch.
1411 3583 1462 3626 v,
1481 3567 1752 3635 Spanien,

473 3629 845 3702 Regeusburg
897 3635 1107 3690 186411
1136 3653 1191 3703 p.
1224 3645 1245 3691 1
1280 3654 1352 3705 pa
1397 3678 1409 3691 .
1444 3641 1751 3697 137—309:

476 3701 568 3753 [ΙΙ.
598 3709 646 3767 ⁴2,
675 3709 743 3757 48
769 3721 865 3760 ss:
893 3703 1263 3776 Knopfler
1302 3707 1348 3760 K
1402 3752 1415 3765 .
1461 3709 1548 3775 VI,
1577 3715 1750 3766 290—-

474 3779 591 3829 295.
666 3773 879 3827 Ferunt
929 3793 1057 3829 eum
1108 3778 1180 3830 ad
1227 3778 1529 3836 formulam
1567 3782 1751 3853 (juxta

473 3843 637 3896 Hila
656 3843 770 3897 riu
790 3865 845 3898 m
886 3845 956 3899 de
983 3865 1106 3914 syn.
1132 3867 1177 3901 c.
1214 3859 1270 3906 ll
1318 3851 1749 3934 blasphemiam]

1810 3567 2040 3626 scopus,
2089 3551 2195 3626 qui
2239 3552 2388 3611 bene
2436 3554 2645 3630 coepit,
2695 3554 2946 3631 gloriose
2979 3576 3091 3631 pu-

1808 3639 2036 3714 gnavit,
2086 3639 2187 3698 sed
2232 3641 2433 3699 minus
2466 3642 2850 3704 laudabiliter
2879 3643 3093 3705 finivit.

1807 3728 1858 3784 A
1891 3727 2125 3787 Liberio
2157 3734 2406 3804 propter
2438 3749 2614 3790 suum
2648 3750 2753 3807 pro
2786 3737 2944 3792 recta
2977 3733 3092 3793 fide

1808 3816 1997 3875 zelum
2048 3835 2226 3886 ,cum
2259 3818 2564 3879 Pancratio
2610 3826 2670 3878 et
2715 3822 2944 3881 Hilario
2991 3841 3089 3881 ro-

470 3914 818 3982 syrmianam
900 3918 1366 3976 subscribendam
1446 3917 1747 3980 inductum
1808 3923 2012 3964 manae
2056 3906 2349 3966 Ecclesiae
2398 3909 2626 3968 clericis
2677 3910 2751 3968 ad
2801 3911 3087 3970 Constan-

470 3985 644 4040 fuisse
720 4005 753 4040 a
826 3988 915 4043 Po
937 3991 1168 4047 tamio
1238 3993 1503 4066 episcopo
1580 3996 1751 4066 olysi·
1809 3993 1966 4053 tium
1997 3996 2139 4070 imp.
2176 3991 2509 4077 (Arelatum
2543 4018 2592 4057 a.
2630 4008 2754 4062 354
2788 4017 2895 4075 pro
2929 4001 3088 4059 bono

468 4058 724 4128 ponensi,
777 4058 960 4127 ipsius
1022 4061 1301 4119 formulae
1346 4071 1594 4132 auctore,

468 4130 756 4196 quondam
801 4131 962 4186 stetit
989 4151 1091 4201 pro
1120 4135 1228 4189 fide
1274 4137 1530 4203 nicaena,
1576 4143 1642 4193 ut
1683 4142 1747 4195 h-

467 4205 606 4267 quet
630 4217 699 4254 ex
727 4202 968 4272 epistola
994 4205 1067 4258 ad
1095 4206 1477 4262 Athanasium
1521 4215 1586 4264 de
1627 4231 1748 4266 con-

464 4276 902 4329 substantialitate
920 4278 1024 4329 Dea‘
1042 4279 1167 4331 Filii
1185 4280 1360 4349 (apud
1388 4281 1435 4334 G
1452 4298 1485 4333 a
1502 4282 1515 4333 1
1534 4283 1604 4336 la
1620 4303 1657 4338 n
1674 4283 1711 4335 d
1728 4284 1746 4336 i

467 4342 533 4404 V,
562 4349 630 4399 96
656 4362 756 4404 ss.;
785 4344 847 4398 in
873 4346 1252 4404 ed.Ballerini
1280 4367 1412 4422 opp.
1438 4370 1479 4406 s,
1508 4353 1747 4408 Zenonis

1647 4068 1750 4150 Ψξῑ
1805 4079 2124 4164 Ecclesiae)
2151 4085 2386 4160 legatus
2408 4087 2628 4145 missus
2647 4090 2756 4146 est.
2792 4089 2936 4147 Cum
2959 4090 3090 4149 nol·

1804 4170 1897 4228 let
1960 4172 2074 4230 sub
2134 4174 2375 4233 nomine
2422 4176 2732 4234 Athanasii
2784 4178 3091 4237 nicaenam

1805 4357 1911 4410 PL.
1965 4359 2115 4424 vm,
2174 4325 2693 4419 1411-141sJof,
2748 4365 2919 4418 Mich.
2970 4365 3090 4421 Jos.

464 4414 749 4484 append.),
779 4433 925 4496 quae
952 4419 1060 4471 sub
1087 4421 1209 4489 ejus
1236 4424 1465 4478 nomine
1511 4424 1747 4479 circum·
1805 4428 1861 4482 M
1880 4446 1958 4484 ac
1977 4431 2111 4484 eda
2153 4432 2361 4487 Hosius
2404 4450 2531 4487 vere
2561 4435 2768 4488 Hosius
2798 4436 2852 4492 h.
2880 4455 2926 4488 e.
2959 4456 3087 4492 vere

465 4484 659 4538 fertur.
727 4486 1087 4542 'l'ribuuntur
1148 4493 1199 4546 ei
1264 4511 1491 4562 quoque
1544 4497 1635 4550 Tr.
1683 4502 1747 4552 de
1803 4500 2092 4564 innocens,
2157 4520 2284 4556 vere
2325 4509 2554 4559 sanctus
2599 4506 2748 4569 diss„
2795 4507 3088 4562 Bononiae

464 4558 699 4621 lazaro,
740 4559 804 4638 et·
835 4562 901 4612 dc
941 4567 1201 4632 near-tyrio
1240 4569 1415 4621 Isaiae
1430 4573 1741 4638 prophetae,
1809 4575 1960 4635 1790,
1989 4573 2048 4627 in
2080 4591 2193 4642 qua
2221 4579 2278 4628 et
2295 4575 2538 4630 Potamii
2557 4577 2942 4634 innocentiam
2965 4583 3088 4633 tue-

464 4642 708 4691 quorum
736 4628 902 4681 stilus
943 4635 1029 4684 est
1053 4634 1361 4691 admodum
1390 4639 1662 4694 obscurus
1688 4644 1747 4694 et
1802 4649 1912 4696 tur.

465 4696 762 4765 implexus.
792 4699 1033 4755 Exstant
1050 4703 1108 4757 in
1127 4721 1216 4773 op.
1235 4707 1328 4763 eit.
1348 4712 1407 4762 et
1431 4708 1491 4762 in
1517 4710 1570 4763 M
1584 4711 1602 4763 i
1616 4731 1653 4781 g
1666 4731 1702 4764 n
1715 4728 1743 4765 e

1879 4719 1916 4785 ¹)
1945 4713 2028 4768 Of.
2058 4715 2308 4772 Histoire
2334 4718 2415 4773 lit..
2447 4720 2487 4782 Ι,
2515 4726 2545 4774 2
2573 4739 2627 4790 p.
2656 4725 2922 4778 266—81.
