3505 5161
479 241 602 294 723

1109 226 1407 279 801—850.
1438 220 1870 276 Controversiae
1898 238 2027 275 cum
2054 220 2460 274 iconomachis,

2970 235 3099 289 724

567 420 711 474 394.
742 409 918 468 Brevi
964 412 1100 485 post
1143 408 1259 467 Leo
1307 409 1602 467 Armenus
1649 408 1761 465 im·
1816 407 2072 465 vinculis
2089 407 2370 465 etexsilio
2386 406 3102 465 solvitmondumtamen

472 501 713 577 perator
730 499 924 557 factus
949 497 1174 556 bellum
1194 497 1479 556 adversus
1512 514 1588 556 ss.
1610 496 1758 556 ima-

472 589 641 666 gines
674 590 966 647 restaurat
997 581 1200 668 (814).
1263 587 1605 646 Convocatis
1636 587 1759 662 epi-

474 678 667 753 scopis
717 680 780 736 et
825 676 1302 736 archimandritis
1352 676 1417 734 in
1447 675 1756 751 palatium,

472 766 813 825 Theodorus
862 768 1041 843 longa
1099 765 1364 825 oratione
1412 785 1598 841 prava
1647 765 1758 822 im-

472 856 762 933 peratoris
794 855 1041 915 consilia
1070 855 1289 931 retegit
1318 855 1636 930 ipsumque
1653 854 1755 912 ad·

472 950 691 1015 monet,
724 964 818 1004 res
850 945 1091 1020 quidem
1123 945 1363 1002 bellicas
1396 947 1576 1019 atque
1609 943 1755 1003 civi·

472 1036 560 1095 les
611 1035 738 1111 ejus
786 1034 1022 1094 muneri
1072 1052 1201 1092 esse
1251 1032 1624 1093 commissas:
1696 1034 1760 1091 at

466 1124 761 1200 judicium
795 1123 869 1183 de
899 1123 1079 1181 rebus
1104 1122 1522 1182 ecclesiasticis
1555 1122 1629 1181 ad
1662 1140 1757 1181 so-

478 1215 564 1272 los
596 1212 891 1288 pertinere
924 1212 1274 1271 sacerdotes.
1307 1211 1575 1269 Graviter
1598 1230 1756 1270 com-

474 1304 673 1361 motus
706 1302 820 1360 Leo
851 1302 1129 1360 omnibus
1161 1303 1341 1370 vetat,
1375 1318 1450 1358 ne
1468 1301 1663 1359 ullum
1684 1301 1756 1359 de

473 1391 586 1450 fide
634 1389 890 1449 habeant
937 1409 1281 1461 sermonem,
1322 1388 1505 1465 >quod
1555 1391 1756 1466 plures

474 1480 754 1539 abbatum
776 1480 1155 1554 promittunt.
1186 1480 1401 1539 Contra
1414 1479 1755 1538 Theodorus

472 1570 637 1629 nefas
667 1587 796 1627 6336
827 1567 1082 1627 affirmat
1112 1568 1175 1626 in
1206 1568 1342 1627 fidei
1376 1587 1552 1628 causa
1583 1568 1756 1627 silere

473 1661 653 1734 atque
683 1658 831 1716 hanc
861 1657 923 1715 in
953 1677 1077 1716 rem
1108 1658 1419 1734 epistolam
1450 1658 1620 1716 velut
1651 1676 1754 1716 en·

473 1748 754 1824 cyclicam
806 1747 1015 1805 scribit
1062 1746 1134 1804 ad
1186 1747 1500 1805 monachos
1533 1764 1754 1809 omneS.

474 1837 625 1895 Tum
654 1836 1048 1913 patriarcham
1091 1839 1403 1894 nutantem
1451 1835 1628 1911 erigit
1672 1836 1754 1894 ei·

473 1926 724 2001 demque
745 1928 967 2000 postea,
988 1943 1124 1983 cum
1143 1926 1217 1984 ob
1238 1924 1595 2001 praeclaram
1615 1942 1756 1984 con-

473 2014 787 2073 fessionem
811 2033 919 2072 sua
942 2014 1078 2072 sede
1098 2017 1160 2071 et
1178 2013 1327 2073 urbe
1347 2014 1556 2089 pulsus
1578 2016 1754 2085 esset,

472 2121 577 2178 per
625 2103 936 2177 epistolam
982 2103 1339 2179 gratulatur.
1400 2102 1591 2161 Cruda
1628 2105 1755 2179 jam

472 2194 603 2250 orta
634 2193 727 2250 est
757 2191 1093 2267 persecutio
1125 2191 1190 2249 in
1221 2191 1592 2262 orthodoxos,
1627 2211 1752 2251 mo-

472 2281 690 2340 nachos
722 2282 1104 2357 praesertim:
1158 2280 1498 2339 Theodorus
1531 2282 1660 2357 ipse
1692 2282 1755 2340 in

474 2371 749 2429 exsilium
797 2370 1082 2441 mittitur,
1132 2369 1426 2428 dirissime
1470 2371 1751 2442 caeditur,

472 2460 690 2518 carceri
722 2460 1096 2535 mancipatur
1115 2459 1268 2518 fame
1287 2458 1619 2518 necandus:
1652 2460 1751 2518 sed

472 2550 671 2609 cibum
704 2548 820 2624 ipsi
852 2550 1000 2608 clam
1022 2549 1328 2608 submittit
1346 2549 1444 2625 pia
1462 2549 1751 2625 quaedam

471 2639 657 2714 virgo,
718 2639 803 2696 Ea
832 2639 1131 2698 occasione
1162 2657 1342 2714 quam
1374 2638 1625 2697 maxime
1656 2656 1749 2698 ac·

470 2746 680 2786 census
712 2729 805 2786 est
835 2729 964 2803 ejus
978 2728 1155 2786 zelus.
1192 2727 1403 2796 ,Credi
1419 2728 1518 2787 vix
1535 2731 1749 2804 potest,

470 2819 672 2875 narrat
718 2816 1104 2875 Baronius
1146 2816 1219 2875 ad
1250 2835 1341 2874 an.
1379 2825 1501 2879 816
1537 2836 1595 2875 n.
1631 2827 1748 2888 25„

468 2909 617 2981 quot
677 2906 785 2964 hoc
844 2909 1111 2980 tempore
1160 2905 1364 2964 literas
1427 2906 1748 2981 scripserit,

469 2995 824 3053 hortatorias
857 2995 932 3052 ad
965 2994 1333 3071 martyrium,
1369 2995 1752 3054 catecheticas

471 3083 543 3141 ad
573 3083 1047 3153 instructionem,
1071 3083 1434 3160 dogmaticas
1466 3084 1751 3142 adversus

1814 500 2129 572 propterea
2158 515 2483 572 propensus
2515 495 2632 555 fuit
2661 496 2726 554 in
2757 495 2989 555 cultum
3021 513 3099 553 ss.
3127 518 3131 522 Α

1816 585 2161 662 imaginum.
2193 586 2329 644 Non
2348 585 2578 644 destitit
2592 588 2910 662 propterea
2929 601 3096 642 sanc-

1813 673 2085 733 tissimus
2106 674 2286 733 abbas
2308 674 2485 745 omni,
2519 693 2639 749 quo
2657 676 2892 749 poterat
2905 672 3097 743 modo,

1812 763 1973 822 tueri
2004 781 2241 823 causam
2272 763 2634 834 catholicam,
2678 767 2739 822 et
2767 762 2832 821 in
2865 781 3098 821 omnem

1812 856 2039 927 partem
2071 852 2270 911 missis
2302 853 2568 928 epistolis
2619 852 2952 912 confortare
2996 851 3099 909 de-

1813 941 1982 1012 biles,
2016 944 2298 1000 nutantes
2330 942 2577 1013 firmare,
2599 942 2832 1017 tepidos
2854 958 3098 1000 succen-

1812 1029 1966 1102 dere,
2018 1031 2305 1106 praeliare
2353 1031 2576 1107 praelia
2607 1031 2861 1101 Domini,
2913 1030 3099 1088 donec

1813 1122 1946 1195 post
1995 1120 2338 1178 certamina¹
2367 1122 2559 1179 multa
2603 1120 2911 1179 laboribus
2959 1136 3097 1194 pas-

1812 1207 2204 1283 sionibusque
2236 1209 2539 1269 confectus
2560 1209 2632 1267 ad
2654 1213 2898 1268 aeterna
2926 1226 3096 1284 prae-

1812 1297 1930 1355 mia
1973 1299 2218 1356 transiit
2256 1310 2353 1361 11.
2386 1299 2533 1357 Nov,
2569 1307 2710 1362 828.
2775 1297 2922 1372 Ejus
2968 1315 3095 1355 cor·

1810 1405 1925 1461 pus
1958 1390 2096 1463 post
2126 1378 2175 1451 a.
2221 1396 2293 1450 18
2329 1405 2539 1447 sanum
2585 1406 2651 1445 ac
2695 1387 3001 1463 integrum
3033 1388 3098 1443 et

1809 1477 2162 1535 suavissimo
2192 1475 2464 1553 fragrans
2496 1477 2675 1535 odore
2705 1476 2810 1535 ΟΡ.
2840 1474 3096 1533 transla-

1810 1569 1941 1623 tum
1957 1566 2075 1624 suit
2091 1566 2323 1642 ingenti
2341 1584 2561 1641 pompa
2574 1569 2635 1624 et
2652 1565 2716 1623 in
2738 1564 3096 1624 monasterio

1811 1653 2098 1714 Studiano
2130 1654 2448 1731 sepultum.
2512 1654 2772 1713 Summis
2813 1653 3095 1712 encomiis

1811 1743 2143 1803 celebratur
2191 1744 2265 1802 ab
2314 1743 2663 1819 aequalibus
2713 1746 2776 1802 et
2818 1742 3092 1819 posteris,

1810 1833 2201 1892 orientalibus
2220 1835 2282 1892 et
2300 1832 2763 1892 occidentalibus
2779 1827 2843 1915 ¹),
2863 1834 2923 1891 et
2936 1832 3098 1889 inter

1811 1925 2045 1980 sanctos
2076 1924 2308 1991 colitur,
2342 1921 2416 1980 ab
2436 1921 2529 1981 his
2555 1931 2651 1983 12.
2671 1920 2728 1979 N
2732 1940 2845 1990 ov„
2879 1920 3095 1980 abillis

1811 2011 1906 2069 die
1950 2010 2343 2086 praecedenti.
2405 2010 2624 2069 Meruit
2666 2013 2869 2069 autem
2911 2009 3094 2068 etiam

1809 2119 1988 2175 quam
2021 2099 2271 2159 maxime
2316 2100 2387 2159 de
2420 2100 2833 2159 retormatione
2864 2098 3091 2157 ordinis

1810 2207 1856 2246 3.
1871 2188 2083 2247 Basilii
2099 2207 2396 2264 suumque
2410 2189 2834 2247 monasterium
2855 2186 3092 2247 Studia-

1808 2297 1953 2336 num
1985 2278 2061 2335 ad
2103 2278 2499 2337 laetissimum
2543 2277 2824 2353 perduxit
2869 2277 3090 2345 florem,

1808 2368 1881 2425 ut
1911 2367 2066 2425 circa
2106 2377 2268 2431 1000
2311 2370 2652 2426 numeraret
2693 2358 3090 2445 monachos2).

1901 2555 2045 2610 395.
2077 2545 2279 2605 Sancti
2310 2545 2600 2605 Theodori
2645 2563 2823 2621 opera
2867 2542 3092 2619 praeci-

1807 2654 1927 2712 pua
1956 2636 2200 2713 collegit
2237 2635 2729 2712 diligentissimus
2764 2633 3091 2693 Sirmon-

1807 2725 1944 2783 dus
1976 2724 2033 2783 S.
2065 2725 2119 2785 J.
2183 2725 2267 2782 Ea
2316 2724 2473 2783 inter
2503 2725 2684 2795 huius
2716 2743 2808 2799 op.
2842 2721 3090 2780 Parisiis

1813 2824 1978 2876 1696
2014 2816 2059 2872 t.
2079 2823 2133 2876 5.
2166 2813 2548 2890 prodierunt;
2583 2810 2847 2871 Venetiis
2887 2819 3089 2879 17283

1806 2906 2042 2978 recepta
2074 2905 2135 2961 et
2164 2905 2338 2961 aucta
2382 2901 2765 2978 amplissimis
2810 2899 3098 2959 accessio-

1890 3147 1922 3214 ¹)
1954 3143 2037 3196 Cf.
2078 3143 2337 3197 encomia
2378 3143 2616 3197 collecta
2655 3141 2811 3212 apud
2848 3139 3095 3210 Migne

467 3172 899 3231 haereticorum
930 3171 1309 3248 objectiones,
1331 3173 1751 3231 consolatorias
1807 3213 1998 3277 XCIX,
2022 3221 2285 3270 95—112'.
2312 3213 2393 3267 De
2414 3214 2538 3282 ejus
2559 3213 2678 3266 vita
2697 3213 2768 3268 cf·
2797 3210 3095 3265 Michael

468 3261 539 3319 ad
590 3263 989 3336 concaptivos,
1053 3262 1354 3320 luctuosas
1414 3261 1486 3318 ad
1536 3262 1748 3336 lapso&
1807 3285 2122 3339 monachus
2146 3302 2212 3339 ac
2239 3284 2523 3339 Theodori
2543 3283 2873 3338 familiaris:
2913 3285 3027 3336 Vita
3049 3291 3100 3336 et

469 3350 777 3408 canonicas
810 3349 883 3407 ad
924 3349 1340 3425 resipiscentes
1375 3397 1387 3409 .
1423 3394 1435 3406 .
1469 3398 1481 3410 .
1528 3351 1749 3408 Nume·
1806 3360 2128 3411 conversatio
2156 3356 2528 3411 Theodoriab.
2551 3353 2879 3409 monasterii
2903 3353 3097 3407 Stadii

471 3458 605 3496 mm
667 3438 898 3496 excedit
960 3448 1085 3500 200
1138 3458 1227 3513 ep,
1292 3457 1538 3510 summa,
1602 3457 1750 3514 quas
1806 3428 1974 3481 aMai
1993 3427 2148 3481 edita
2165 3427 2313 3481 Bibl.
2331 3444 2509 3481 novae
2530 3424 3096 3491 V1‚·292-363‚inde

466 3526 806 3585 Theodorus
838 3527 1269 3599 persecutionis
1297 3530 1563 3604 tempore
1583 3528 1751 3586 exsul
1807 3498 2685 3633 ssfgdffissgffisshlssgffissffigt
2703 3496 3096 3622 ἓὲὲᾞὲιῐῗὲἓζξ

468 3617 529 3672 et
558 3615 619 3714 in
651 3632 877 3715 carcere
922 3615 1288 3675 constitutus
1335 3617 1750 3693 conscripsit.‘
1806 3642 2105 3710 cujusdam
2132 3641 2405 3708 anonymi
2444 3641 2537 3694 vel
2563 3639 2862 3709 cujusdam
2886 3638 3096 3692 Joan,

469 3704 719 3780 Scripsit
750 3706 811 3761 et
842 3702 915 3760 ad
946 3722 1093 3766 rom.
1125 3706 1466 3778 pontificem
1500 3706 1749 3764 Pascha·
1806 3714 1924 3766 nis
1968 3713 2065 3783 (ib.
2109 3718 2418 3772 113—232;
2478 3715 2536 3764 et
2578 3711 2731 3765 inter
2773 3729 2906 3780 opp.
2958 3709 3098 3763 Sir·

466 3793 581 3850 lem
632 3792 676 3850 I.
729 3796 789 3850 et
838 3792 912 3850 ad
958 3794 1219 3869 reliquos
1263 3794 1625 3870 patriarchas
1677 3795 1748 3852 ad
1806 3803 1861 3837 m
1880 3784 2057 3838 ondi
2085 3783 2152 3847 V,
2180 3787 2399 3852 1-88);
2428 3783 2479 3835 N
2498 3800 2530 3835 a
2549 3801 2583 3835 u
2602 3781 2899 3837 erastus
2919 3779 3099 3835 Theo·

468 3900 637 3956 opem
670 3881 970 3940 ferendam
1002 3881 1138 3939 fidei
1170 3882 1551 3958 periclitanti.
1605 3884 1746 3941 Cum
1806 3855 1930 3937 dori
1958 3854 2278 3934 &mima-¹¹⁸
2304 3857 2362 3908 et
2379 3869 2662 3940 suef‘essm'
2689 3857 2736 3924 (i
2751 3858 2802 3908 8·
2818 3852 2951 3939 '1¹²9‘
2970 3856 3097 3924 848)

1806 3945 1866 3981 in
1893 3945 1979 3996 ep.
2008 3928 2295 3993 encyclica
2319 3929 2382 3980 de
2407 3928 2548 3979 obttu
2572 3944 2613 3981 s.
2649 3926 2908 3978 modom
2948 3924 3037 3977 ed.
3063 3939 3098 3975 a

466 3969 753 4070 Theodori
801 3972 1056 4046 epistola
1104 3972 1391 4046 quaedam
1442 3972 1749 4030 incidisset
1806 3999 1968 4051 eom
1989 3996 2262 4051 befisio
2285 3996 2346 4049 in
2363 3997 2532 4052 Anat.
2548 3995 2682 4051 bibl.
2702 3994 2808 4050 PP.
2825 3994 3094 4066 graecu,

466 4077 529 4117 in
561 4078 771 4118 manus
804 4061 1197 4135 imperatoriS,
1222 4060 1411 4135 jussit
1442 4061 1538 4118 hic
1567 4065 1638 4119 ut
1657 4061 1747 4119 di·
1804 4074 1940 4127 855:
1969 4068 2062 4121 Mi
2079 4084 2216 4137 gne
2244 4067 2321 4122 ib.
2342 4088 2396 4138 p.
2422 4070 2805 4126 1825—185oz
2832 4065 3098 4147 synopsis

465 4148 700 4206 rissime
733 4149 805 4207 ad
856 4153 1185 4208 extremum
1233 4168 1424 4224 usque
1470 4149 1747 4224 spiritum
1805 4138 2662 4280 ᾒξέὓέθέξὲξίὲὲξῡὲἓὶζῗῑῗοῗ
2678 4137 3014 4263 ὲΐεῖἲῖῡὸῐὲῗέ
3029 4139 3101 4261 ἕξ

465 4237 809 4296 caederetur
868 4256 1070 4296 mense
1130 4237 1451 4296 Februario
1500 4258 1549 4296 ⁸¹·
1604 4247 1638 4301 8
1654 4251 1674 4301 ¹
1690 4248 1746 4301 9⁶
1803 4283 1855 4335 X
1891 4289 1995 4338 434
2009 4287 2174 4338 —474
2191 4303 2202 4314 ·
2233 4282 2276 4334 T
2293 4282 2332 4334 h
2349 4299 2381 4336 o
2399 4299 2453 4334 1n
2470 4299 2502 4333 a
2519 4298 2544 4333 s
2573 4280 2640 4333 K.
2659 4280 2923 4335 Theodor
2940 4296 2992 4333 v.
3015 4280 3096 4333 St.

465 4326 609 4385 Post
628 4329 750 4384 tres
771 4345 1004 4385 menses
1024 4327 1386 4385 tmffisffi'tffl‘
1417 4327 1744 4403 smyrnam·
1806 4325 1924 4406 und
1990 4352 2110 4406 sein
2173 4323 2459 4414 ieimlter,
2522 4351 2858 4406 Osnabriick
2928 4356 3095 4410 1892;

466 4415 707 4472 arctiori
739 4415 1009 4473 custodia
1040 4414 1372 4472 includitur
1402 4432 1468 4472 ac
1490 4418 1585 4474 ter
1616 4434 1747 4474 ver·
1806 4424 1841 4477 S
1859 4441 1887 4477 c
1905 4425 1943 4478 h
1962 4442 1998 4476 n
2015 4423 2134 4478 eid
2151 4439 2224 4477 er
2259 4424 2324 4478 G.
2352 4425 2418 4478 A.
2446 4422 2558 4476 Der
2583 4423 2662 4476 hl.
2690 4422 2956 4476 Theodor
2982 4437 3096 4475 von

466 4502 707 4562 beratur
739 4505 1004 4563 centenis
1034 4522 1143 4579 per
1173 4503 1440 4579 singulas
1473 4504 1631 4563 vices
1664 4504 1744 4562 ic·
1805 4496 2069 4560 Studio&
2097 4495 2352 4576 Munster
2371 4501 2534 4576 ‘1901-

1879 4571 1920 4638 ²)
1963 4566 2045 4620 Cf.
2109 4566 2517 4620 Schiwietz
2580 4565 2650 4618 de
2702 4583 2743 4618 3.
2795 4563 3098 4618 Theodoro

467 4591 650 4692 tibus?
711 4591 905 4692 Leone
956 4595 1211 4693 Armfmo
1275 4593 1403 4692 ipsa
1464 4592 1748 4651 dominici
1805 4637 2832 4692 Studitareformatoremonachorum
2846 4633 3099 4689 s.Basilii

464 4681 680 4738 natalis
713 4681 808 4738 die
844 4690 963 4743 821
1003 4698 1208 4750 occiso,
1242 4680 1493 4740 Michael
1521 4681 1747 4739 Balbus
1805 4708 1955 4773 diss„
1983 4708 2384 4762 Wraffislaviae
2426 4712 2560 4763 1896
2587 4709 2643 4761 effi
2667 4706 2782 4760 ΚΒ,
2807 4707 2904 4769 XI,
2935 4710 3100 4762 1523·

466 4768 696 4841 potitus
729 4772 821 4825 est
850 4769 1117 4843 imperio,
1153 4768 1258 4841 qui
1278 4787 1408 4826 mox
1430 4769 1748 4829 catholicos
1811 4787 1964 4837 1526.
