3505 5161
471 222 600 276 <303
1300 205 1598 259 637—700.
1627 200 1948 276 Theologia
1975 200 2272 272 polemica.
2968 223 3094 276 604

468 393 635 449 tant:
656 380 762 448 *Ad
795 389 1285 448 Thalassium
1316 390 1577 448 devariis
1598 389 1755 447 Scri-
1906 398 2049 453 335.
2085 389 2435 465 Sequuntur
2466 392 2753 467 opuscula
2790 391 3093 451 theolo-

469 488 683 555 pturae
728 498 772 538 a.
819 479 1241 556 quaestionibus
1286 498 1352 537 ac
1396 480 1586 539 dubiis
1618 473 1756 559 (65)
1809 479 1985 555 gica
2012 475 2061 561 ¹)
2101 483 2171 537 ¹et
2214 481 2594 554 polemica
2632 476 2789 563 (28),
2837 499 3095 556 quorum

474 588 544 626 ex
566 568 631 627 V.
654 571 715 626 et
736 569 807 629 N.
828 569 910 638 Τ.,
944 568 1298 644 praesertim
1329 587 1397 625 ex
1432 567 1756 643 Evangelio
1814 569 2097 643 pleraque
2130 573 2274 628 sunt
2304 569 2588 629 adversus
2628 570 3093 647 monophysi-

472 675 521 716 ε.
545 658 808 727 Joannis,
843 676 992 733 opus
1025 658 1326 733 prolixum
1347 655 1756 739 (MigneXC,
1814 661 2063 716 tarum
2141 661 2202 715 et
2276 659 2809 719 monotheletarum
2869 679 3095 720 errores

481 741 856 829 243—786)
891 746 1191 823 allegoriis
1238 751 1300 804 et
1331 746 1635 823 anagogiis
1666 745 1757 803 in·
1816 742 2096 825 (Migne
2147 747 2288 819 XCI,
2358 744 2664 829 9—286),
2725 750 2884 808 inter
2945 768 3096 824 quae

477 837 747 914 dulgens,
795 836 867 895 de
912 854 1032 911 quo
1076 835 1160 895 ita
1192 839 1391 894 censet
1423 834 1756 894 Photius:
1815 835 2160 909 Spiritualis
2204 844 2394 896 tomus
2434 856 2501 897 ac
2545 838 2928 914 dogmaticae,
2965 857 3095 912 quo

480 965 507 995 ,
520 926 626 984 Est
644 927 771 1001 ejus
791 924 978 984 oratio
998 925 1173 1001 longe
1192 925 1480 1000 producta
1497 923 1757 1000 periodis
1815 925 2166 997 ostenditur,
2184 927 2468 998 ecthesin,
2491 946 2667 1001 quam
2689 928 2960 986 novando
2979 927 3095 987 He-

472 1034 542 1073 ac
574 1015 839 1092 gaudens
870 1014 1231 1090 hyperbatis,
1270 1013 1758 1087 invalescensque
1814 1015 2038 1073 raclius
2060 1014 2202 1090 imp.
2223 1034 2290 1077 ex
2314 1016 2504 1092 Sergii
2524 1017 2627 1075 ΟΡ.
2645 1016 2936 1075 antistitis
2953 1035 3094 1094 sug-

472 1103 1083 1162 circumductionibus
1104 1120 1211 1161 nec
1226 1102 1607 1178 proprietatis
1626 1120 1758 1159 ver·
1815 1104 2084 1182 gestione
2116 1104 2506 1163 subdiditiam
2528 1105 2733 1176 edidit,
2762 1106 2942 1165 sacris
2969 1126 3097 1165 ora-

477 1194 687 1251 borum
750 1192 1067 1250 admodum
1127 1194 1319 1250 tenax.
1389 1191 1474 1249 Ex
1537 1190 1758 1266 quibus
1814 1194 1966 1252 culis
2012 1196 2194 1267 atque
2243 1194 2517 1268 patribus
2567 1196 2741 1272 longe
2791 1195 3091 1255 dissonam

476 1301 584 1357 per
604 1283 789 1341 totam
810 1279 1033 1357 passim
1052 1280 1527 1339 lucubrationem
1559 1282 1621 1337 et
1651 1279 1757 1338 ob·
1814 1300 1943 1342 esse
1991 1281 2376 1358 profanisque
2426 1283 2754 1353 haereticiS‚
2805 1287 2939 1342 tum
2987 1286 3092 1360 qui

471 1372 729 1429 scuritas
779 1370 1041 1430 decurrit
1089 1371 1150 1428 et
1196 1369 1555 1445 assequendi
1606 1367 1758 1426 diffi-
1814 1372 2239 1439 confusionem,
2287 1378 2419 1430 tum
2469 1373 2574 1447 qui
2624 1373 2980 1432 divisionem
3029 1374 3095 1431 in

476 1460 667 1518 cultas
689 1503 702 1515 .
738 1504 749 1518 .
784 1506 797 1519 .
832 1459 992 1517 Idem
1012 1461 1320 1534 praeterea
1340 1459 1436 1517 sui
1457 1458 1757 1517 studiosos
1815 1460 2035 1519 Christi
2065 1461 2174 1518 Dei
2224 1461 2417 1519 nostri
2445 1462 2731 1538 mysterio
2765 1467 3093 1522 monstrose

477 1548 909 1625 propemodum
939 1547 1253 1607 obtundit:
1302 1548 1446 1607 adeo
1486 1547 1693 1622 procul
1724 1565 1759 1603 a
1815 1552 2139 1626 nugantur,
2184 1552 2516 1609 consentire
2559 1547 2664 1630 (ib.
2703 1555 3093 1617 155—183).

479 1638 654 1697 litera
698 1641 759 1696 et
802 1641 942 1697 nota
986 1637 1234 1696 historia
1278 1637 1403 1696 sive
1449 1636 1651 1711 potius
1683 1635 1758 1693 ab
1814 1638 2184 1714 Opusculum
2227 1640 2295 1697 de
2326 1642 2525 1698 anima
2556 1635 2664 1719 (ib.
2699 1635 3093 1723 353—362).

478 1746 546 1785 eo
597 1727 744 1802 ipse,
798 1726 956 1802 quod
1001 1728 1128 1785 erat
1157 1725 1513 1802 quaesitum,
1564 1724 1757 1800 ipsius
1818 1761 1900 1772 --
1946 1728 2242 1801 Epi-stolae
2288 1724 2447 1807 (45),
2493 1730 2653 1789 inter
2696 1748 2845 1805 quas
2891 1730 3093 1805 plures

478 1816 807 1875 solutiones
852 1815 1153 1874 recedunt.
1233 1815 1488 1874 Tantum
1550 1814 1601 1872 si
1662 1812 1760 1871 cui
1814 1817 2187 1893 dogmaticae
2219 1820 2280 1875 et
2309 1818 2645 1891 polemicae,
2664 1819 2813 1877 aliae
2828 1818 3093 1893 philoso-

478 1906 627 1964 forte
659 1908 896 1982 gratum
927 1904 1266 1980 anagogicis
1305 1908 1368 1962 et
1398 1902 1758 1978 contempla·
1814 1906 2036 1981 phicae,
2064 1907 2365 1976 asceticae,
2390 1907 2568 1967 etiam
2590 1908 2925 1977 familiares,
2954 1908 3093 1966 stilo

474 1994 746 2054 tionibus
794 1990 857 2077 (i.
903 2011 953 2054 e.
999 1992 1414 2068 spiritualibus
1460 1992 1649 2051 sensis
1695 2009 1762 2049 ac
1816 1995 2005 2054 nobili
2055 1995 2440 2069 conscriptae,
2494 1996 2730 2071 aliquae
2778 1995 3098 2056 admodum

476 2078 777 2166 mysticis)
813 2085 1074 2142 mentem
1103 2082 1421 2157 implicare,
1463 2100 1758 2156 nusquam
1815 2085 2093 2160 prolixae,
2128 2088 2198 2141 ut
2228 2084 2302 2141 ad
2333 2086 2697 2159 praefectum
2732 2086 2963 2145 Africae
2996 2086 3100 2145 do-

481 2173 532 2229 is
582 2191 721 2232 sane
771 2171 1030 2247 reperiat
1074 2171 1166 2229 his
1216 2175 1322 2229 aut
1366 2171 1555 2247 magis
1600 2169 1764 2229 varia
1818 2174 2046 2231 minum
2080 2173 2493 2249 Georgium
2540 2171 2645 2253 (ib.
2685 2170 3097 2255 363—391);

476 2266 585 2319 aut
637 2261 991 2337 diligentius
1040 2261 1355 2318 elaborata.
1417 2259 1651 2318 Etenim
1701 2262 1763 2316 et
1818 2262 1890 2321 ad
1923 2262 1963 2319 J
1980 2281 2293 2321 oannem
2340 2262 2770 2322 cubicularium
2815 2265 2885 2322 de
2929 2267 3100 2322 rectis

480 2350 733 2409 aliorum
756 2350 985 2425 colligit
1003 2348 1068 2408 in
1082 2349 1366 2424 quasdam
1381 2348 1761 2424 quaestiones
1819 2352 2106 2411 Ecclesiae
2127 2352 2373 2410 'decretis
2410 2355 2472 2410 et
2501 2352 2784 2411 adversus
2816 2354 3101 2412 Severum

483 2439 658 2509 dicta,
693 2442 822 2497 tum
854 2438 1075 2513 adjicit,
1109 2458 1261 2514 quae
1293 2438 1485 2513 ipsius
1506 2436 1762 2512 diligen·
1818 2440 2179 2500 haereticum
2212 2436 2651 2522 (459—510);
2683 2442 2758 2500 ad
2789 2443 3095 2502 Petrum

476 2529 601 2587 tiae
630 2527 821 2587 nihilo
853 2527 946 2587 his
976 2527 1285 2602 minorem,
1333 2527 1385 2586 si
1430 2545 1549 2586 non
1580 2526 1762 2601 majo·
1821 2530 2118 2589 illustrem
2153 2547 2260 2588 seu
2292 2529 2330 2587 l.
2362 2530 2644 2591 adversus
2675 2530 2951 2608 dogmata
2981 2530 3099 2589 Se·

484 2637 624 2686 rem,
672 2617 1015 2692 praeferunt
1058 2620 1432 2676 venustatem
1477 2619 1540 2674 et
1583 2616 1763 2674 soler·
1821 2619 1985 2678 veri
2020 2615 2365 2699 (510—534)
2382 2622 2491 2678 etc.
2522 2654 2610 2664 —
2632 2620 2723 2679 Ad
2739 2621 3100 2697 theologiam

481 2706 644 2764 tiam.
692 2706 922 2781 Ubique
954 2707 1153 2764 autem
1184 2705 1300 2765 viri
1329 2705 1524 2780 pietas
1543 2722 1762 2781 purus·
1820 2708 2008 2785 magis
2039 2707 2463 2783 practicam
2492 2711 2555 2767 et
2585 2710 2909 2769 ascesim
2931 2727 3099 2784 spec-

476 2814 599 2870 que
661 2813 725 2853 ac
786 2796 1051 2854 sincerus
1119 2795 1182 2853 in
1245 2794 1544 2853 Christum
1604 2812 1766 2852 amor
1817 2801 1953 2856 tant
2031 2797 2209 2855 Liber
2251 2799 2529 2857 asceticus
2567 2794 2806 2878 (merito
2838 2798 3100 2858 celebra-

484 2884 739 2946 elucet.‘
773 2917 861 2927 —-
893 2883 1117 2942 Similis
1149 2884 1367 2943 indolis
1401 2887 1546 2942 sunt
1578 2885 1762 2956 Quae·
1819 2880 1947 2968 tus)
1999 2905 2103 2961 per
2152 2886 2679 2964 interrogationem
2741 2890 2803 2945 et
2851 2906 3101 2962 respon-

476 2975 707 3049 stiones,
744 2973 1241 3049 interrogationes
1273 2976 1334 3031 et
1352 2973 1763 3048 responsiones
1818 2975 2059 3045 sionem,
2100 2974 2162 3033 in
2195 2993 2314 3051 quo
2346 2976 2657 3034 caritatem
2687 2977 2932 3035 mirifice
2965 2977 3099 3035 lau·

483 3062 973 3137 diversorumque
1036 3061 1440 3120 difficiliorum
1501 3062 1762 3137 capitum
1819 3065 1922 3122 dat
1982 3063 2329 3139 liquideque
2390 3065 2615 3140 absque
2676 3065 3102 3142 allegoriarum

476 3152 670 3209 electa
702 3146 765 3232 (7
779 3147 862 3231 9),
899 3151 978 3215 ib,
1012 3170 1067 3226 p.
1105 3159 1482 3221 785--8563
1516 3169 1759 3226 respon·
1819 3155 1924 3211 aut
1985 3153 2112 3210 stili
2173 3153 2573 3227 productioris
2634 3155 2905 3213 anfractu
2961 3150 3100 3235 (Xe,

486 3240 572 3297 sio
605 3239 677 3298 ad
697 3259 794 3315 qq.
820 3249 853 3302 3
889 3240 1399 3315 Theopempti
1434 3239 1762 3298 scholastici
1822 3241 2214 3316 911—956).
2277 3241 2461 3301 Lectu
2504 3248 2598 3301 est
2627 3243 2942 3303 admodum
2976 3244 3098 3302 uti·

478 3324 589 3408 (ib.
648 3324 1138 3409 1393—1401);
1200 3330 1505 3403 Expositio
1553 3331 1615 3386 in
1666 3330 1762 3387 ΡΒ.
1821 3330 1913 3400 lis,
1967 3330 2072 3405 qui
2122 3331 2387 3389 omniurn
2433 3331 2649 3390 virtuti
2696 3332 3102 3391 studiosorum

486 3417 654 3493 LIX,
690 3417 754 3474 in
775 3436 893 3493 qua
912 3437 1123 3493 parum
1144 3417 1349 3476 literae
1369 3416 1588 3488 studet,
1622 3436 1760 3476 con·
1819 3419 2092 3477 manibus
2125 3419 2359 3478 assidue
2391 3423 2549 3479 esset
2577 3422 2875 3484 terendus,
2937 3420 3103 3480 Idem

485 3509 745 3563 sectatus
767 3524 974 3564 sensus
999 3507 1283 3581 mysticos
1314 3524 1380 3564 ac
1412 3507 1763 3584 allegoricos
1819 3508 2054 3567 dicatur
2084 3508 2157 3567 de
2188 3510 2316 3584 eJus
2338 3503 2395 3589 (4
2412 3503 2523 3592 00)
2544 3510 2838 3585 capitibus
2858 3511 2926 3567 de
2944 3513 3102 3569 cari-

485 3594 635 3671 (855
665 3592 922 3675 >--87l);
969 3597 1253 3654 orationis
1284 3596 1602 3654 dominicae
1634 3596 1760 3654 bre·
1820 3604 1934 3655 tate
1966 3593 2434 3679 (959—1080).
2469 3632 2554 3642 —
2600 3599 2805 3674 Capita
2847 3599 3106 3657 ducenta

482 3685 567 3741 vis
599 3685 873 3757 expositio
904 3678 1325 3764 (871—910),
1358 3704 1477 3759 qua
1508 3685 1760 3744 domini·
1820 3687 1901 3744 ad
1950 3687 2283 3762 theoloqiam
2333 3687 2553 3764 Deique
2601 3688 2746 3748 Filii
2804 3689 2867 3746 in
2929 3706 3106 3747 carne

484 3790 582 3830 cos
615 3772 679 3829 in
710 3790 778 3829 ea
811 3789 1022 3830 seusus
1054 3778 1115 3832 et
1137 3773 1438 3849 mysteria,
1475 3776 1547 3832 ut
1578 3776 1761 3843 vocat,
1819 3771 2670 3857 dispensationemspectantia(
2681 3773 3103 3859 loss-1176),

486 3879 591 3918 seu
642 3867 1002 3920 sacramenta
1063 3862 1311 3937 reliquis
1373 3863 1642 3937 pleniora
1703 3865 1764 3921 et
1821 3882 2075 3939 quorum
2093 3865 2308 3940 plurae
2325 3865 2515 3923 Marco
2531 3869 2727 3924 asceta
2747 3862 2847 3946 (cf.
2867 3887 2923 3941 p.
2948 3864 3103 3946 330)

483 3949 929 4021 universaliora,
978 3951 1200 4026 quibus
1262 3954 1471 4009 nostra
1518 3953 1765 4026 paratur
1819 3953 2059 4028 accepit.
2136 3952 2506 4012 Affinitatem
2569 3955 2678 4013 hoc
2726 3974 2875 4031 opus
2924 3955 3106 4013 habet

482 4038 665 4109 salua,
701 4042 944 4115 septena
962 4059 1228 4109 numero,
1261 4041 1556 4115 exposuit.
1587 4042 1763 4098 Prae·
1821 4061 1959 4099 cum
1988 4060 2163 4117 opere
2194 4042 2268 4100 ad
2292 4040 2726 4122 Thalassium2)
2758 4062 2940 4119 supra
2971 4044 3102 4102 lau·

476 4130 646 4187 terea
678 4128 1007 4204 fragmenta
1037 4129 1287 4187 aliorum
1311 4129 1667 4203 scriptorum
1701 4130 1766 4187 in

486 4236 530 4274 s.
566 4217 928 4293 Scripturam
961 4218 1248 4294 leguntur
1286 4218 1350 4276 in
1392 4218 1616 4276 catenis
1651 4218 1765 4276 sub

485 4306 615 4380 ejus
649 4307 903 4365 nornine.

1903 4269 1939 4337 ¹)
1971 4264 2197 4335 Dialogi
2215 4267 2260 4318 V
2278 4270 2342 4320 de
2367 4268 2624 4320 Trinitate
2660 4265 2745 4318 ed.
2761 4265 2916 4319 inter
2931 4282 3105 4336 opera

1824 4355 1865 4390 s.
1895 4337 2308 4390 Athanasii
2334 4337 2583 4407 Migne
2667 4337 3100 4401 XV111‚1115—

1828 4414 1981 4473 1286,
2030 4408 2201 4463 etiam
2249 4409 2604 4463 Theodoreto
2650 4408 2948 4480 adscripti)
2987 4426 3103 4463 non

1826 4477 2006 4534 eunti
2050 4480 2182 4533 sius.

486 4548 749 4601 doctrina
774 4547 848 4600 W
866 4565 895 4601 e
912 4567 941 4600 r
956 4567 991 4601 n
1011 4565 1039 4601 c
1058 4567 1085 4600 r
1110 4548 1308 4602 Gesch.
1337 4549 1436 4603 der
1462 4550 1612 4618 apol.
1649 4550 1769 4604 und
1899 4553 1939 4621 2)
1967 4499 2076 4604 Htic
2103 4551 2146 4604 T
2163 4552 2200 4604 h
2218 4567 2252 4603 a
2269 4551 2288 4604 1
2304 4568 2338 4603 a
2353 4568 2420 4604 ss
2435 4551 2456 4603 i
2474 4569 2512 4604 u
2527 4569 2553 4604 s
2578 4552 2873 4620 presbyter
2898 4554 3023 4604 erat
3047 4553 3108 4606 et

487 4621 600 4688 pol.
631 4619 740 4672 Lit.
768 4618 981 4689 passim
1010 4622 1049 4675 t.
1079 4620 1141 4683 ll,
1183 4621 1520 4688 praesertim
1561 4639 1617 4688 p.
1643 4627 1772 4675 404·
1825 4621 1903 4691 (fl.
1930 4639 1976 4674 c.
2004 4625 2126 4693 650)
2154 4624 2328 4676 abbas
2355 4623 2653 4691 cujusdam
2692 4622 2753 4675 in
2786 4622 2963 4690 Lybia
2989 4639 3107 4676 mo·

484 4696 592 4745 425
613 4712 622 4742 :
646 4690 840 4742 Bach
868 4690 960 4744 die
979 4689 1542 4762 Dogmeugesch.des
1561 4691 1769 4746 Mittel·
1825 4693 2079 4757 misterii,
2120 4693 2223 4760 qui
2263 4693 2496 4763 collegit
2534 4694 2822 4747 centurias
2861 4693 2938 4746 IV
2983 4710 3107 4747 sen·

478 4760 677 4822 alters,
706 4760 875 4812 Wien
908 4766 1041 4817 1873
1068 4781 1122 4831 p.
1153 4767 1377 4818 15—49.
1826 4763 2138 4817 tentiarum
2165 4767 2226 4818 de
2251 4771 2487 4828 caritate,
2513 4770 2828 4821 continentia
2848 4775 2894 4820 et
2917 4770 3107 4820 utentis
