3505 5161
377 260 500 314 325
936 241 1205 312 Vigilius,
1233 241 1473 307 Marcus,
1500 242 1807 310 Lucianus,
1832 242 2098 307 Jacobus,
2125 242 2438 297 Maruthas.
2871 260 2995 314 325

374 463 464 473 —
497 429 550 488 S.
589 427 945 506 Vigilius
972 429 1021 511 1)
1066 429 1295 507 origine
1340 429 1658 501 Romanus,
1715 430 1901 489 ticula
1932 431 2179 492 Orosius
2225 429 2322 513 (cf.
2366 449 2423 506 p.
2474 424 2629 511 320)
2684 448 2883 490 secum
2934 430 2995 490 in

378 518 634 576 Athenis
653 516 996 588 institutus,
1028 519 1412 594 postmodum
1432 518 1659 595 episco-
1715 518 2095 580 Occidentem
2143 520 2379 579 detulit.
2458 519 2625 578 Hanc
2682 518 2996 595 epistolam

374 625 491 683 pus
541 606 930 677 tridentinus,
983 625 1158 682 quem
1210 626 1256 666 s.
1307 607 1659 668 Ambrosius
1715 608 1767 667 A
1783 609 1956 667 vitu
1973 626 2001 667 s
2032 608 2349 686 presbyter
2367 607 2738 667 bracarensis
2770 611 2833 667 et
2851 609 2995 668 Oro-

376 695 625 755 consilio
662 695 826 772 juvit
872 691 971 777 (cf.
1018 695 1198 772 hujus
1231 698 1531 775 egregiam
1567 715 1659 774 ep.
1716 696 1793 757 sii
1824 698 2050 758 amicus
2081 698 2268 757 latine
2297 697 2482 757 vertit
2500 698 2729 773 adjecta
2758 699 2998 773 epistola

378 780 493 865 29)
541 785 782 861 scripsit
827 784 975 844 duas
1013 786 1301 863 epistolas,
1351 805 1537 846 unam
1583 787 1657 845 ad
1716 805 1826 845 sua
1869 787 1943 845 ad
1988 788 2338 848 Balcouium
2397 786 2741 862 episcopum
2791 785 2998 846 braca-.

374 872 829 949 Simplicianum
878 870 1448 957 (mediolanensem),
1507 876 1657 935 alte·
1712 894 1948 936 rensem
1969 873 2055 960 (M
2069 877 2088 935 i
2103 897 2199 955 gn
2213 896 2246 935 e
2265 875 2410 946 XLI,
2431 869 2827 957 805—818).
2849 876 2993 936 Ver-

377 981 506 1021 ram
550 964 621 1021 ad
663 980 708 1026 s.
741 963 1031 1023 Joannem
1064 963 1548 1040 chrysostomum
1591 965 1660 1024 de
1716 965 1943 1025 sionem
1971 966 2230 1043 reperies
2267 964 2426 1041 apud
2457 963 2878 1023 Batonium
2923 966 2996 1024 ad

374 1051 1656 1134 martyrioss.Sisinnii,MartyriietAlsxan-
1712 1073 1764 1118 a.
1801 1063 1946 1118 415.
1980 1051 2013 1122 ἓ
2050 1065 2298 1123 6-16;
2345 1054 2411 1112 in
2441 1052 2532 1113 ed.
2562 1071 2750 1111 maur.
2782 1071 2917 1130 opp.
2950 1072 2996 1113 s.

369 1140 474 1198 dri
517 1140 592 1199 ab
635 1141 979 1201 infidelibus
1010 1141 1279 1202 Tridenti
1310 1163 1359 1203 a.
1397 1152 1520 1206 397
1557 1161 1655 1202 oc·
1713 1144 2043 1220 Augustini
2082 1146 2129 1202 t.
2175 1143 2314 1213 V11;
2360 1141 2612 1217 Migne
2657 1142 2721 1200 P.
2755 1142 2817 1203 L.
2849 1143 2995 1215 XLI,

373 1229 632 1289 cisorum
664 1228 1119 1308 (MigneXIIL
1146 1240 1463 1296 549—58.
1511 1234 1660 1292 Acta
1717 1240 2086 1296 807—818.
2121 1267 2209 1278 —
2247 1231 2307 1292 S.
2353 1230 2620 1309 Pelayiae
2664 1232 2996 1291 meretricis

376 1317 476 1377 88.
524 1319 664 1393 Maji
712 1318 840 1389 VII,
897 1329 975 1384 37
1011 1314 1126 1401 ss.).
1211 1320 1375 1380 Obiit
1421 1324 1485 1380 et
1529 1322 1658 1399 ipse
1714 1321 2014 1397 quondam
2035 1320 2415 1381 antiochenae
2446 1322 2625 1379 vitam
2655 1338 2862 1397 graece
2895 1322 2996 1380 de·
3055 1380 3062 1385 .

375 1411 602 1484 martyr
630 1426 742 1483 pro
772 1407 905 1479 fide,
957 1427 1134 1484 quam
1169 1411 1411 1469 strenue
1442 1428 1657 1487 propa·
1714 1410 1958 1485 scripsit
1976 1410 2015 1468 J
2030 1411 2316 1469 acobus
2346 1409 2629 1468 diaconus
2648 1410 2848 1468 Nonni
2867 1410 2996 1486 epi-

369 1496 557 1572 gavit,
595 1505 674 1559 26
697 1496 847 1556 Juni
877 1516 929 1558 a.
951 1506 1097 1568 400,
1123 1499 1300 1573 juxta
1329 1500 1478 1559 alios
1511 1509 1656 1563 405.
1712 1500 1876 1576 scopi
1936 1517 2217 1570 coaevus,
2295 1517 2475 1574 quam
2540 1497 2731 1556 edidit
2789 1498 2994 1557 Herm.

1712 1588 2007 1648 Usener
2049 1588 2112 1647 in
2157 1606 2253 1663 op.
2297 1586 2614 1664 Legeuden
2660 1587 2765 1645 der
2795 1588 2852 1645 h.
2885 1589 2995 1647 Pe-

470 1685 611 1737 177.
644 1675 950 1735 Marcus
1000 1675 1284 1736 diaconus
1321 1678 1659 1754 composuit
1712 1678 1887 1755 lagia,
1919 1678 2160 1736 Bonnae
2198 1685 2359 1740 1879
2393 1694 2449 1751 p.
2489 1683 2697 1737 1—52
2733 1675 2796 1734 in
2827 1676 2996 1735 Fest-

373 1763 520 1822 stilo
553 1763 815 1839 simplici
865 1764 970 1824 sed
1015 1766 1332 1842 conspicue
1376 1767 1657 1827 fideliter·
1714 1766 1925 1825 schrift
1953 1767 2051 1825 fiir
2079 1766 2175 1825 die
2211 1775 2310 1829 34.
2331 1763 2790 1842 Versammlung
2818 1764 2993 1825 deut-

375 1870 491 1928 que
523 1869 571 1911 c.
602 1872 653 1911 a.
689 1861 834 1917 420.
880 1855 1061 1912 vitam
1104 1872 1151 1916 s.
1184 1853 1501 1933 Porphyrii
1531 1857 1657 1933 epi·
1714 1855 1886 1914 scher
1948 1855 2332 1932 Philologen;
2395 1855 2526 1913 acta
2601 1854 2732 1929 ejus
2809 1853 2997 1913 latine

372 1941 532 2016 scopi
554 1942 823 2018 gazensis
855 1939 929 2024 (c.
953 1942 1288 2023 394-419),
1324 1946 1497 2021 cujus
1530 1948 1657 2005 erat
1712 1962 1884 2004 versa
1927 1944 2003 2003 ab
2040 1942 2467 2003 Eustachio
2500 1960 2613 2002 sec.
2645 1942 2868 2000 Χ-ΧῙ
2912 1944 2996 2002 le-

371 2048 565 2089 comes
596 2030 910 2091 familiaris
941 2050 1010 2091 ac
1037 2032 1405 2106 individuus,
1457 2038 1520 2094 et
1551 2035 1656 2111 qui
1713 2037 1947 2111 guntur
1974 2034 2039 2091 in
2078 2034 2204 2091 Act.
2240 2032 2338 2093 88.
2376 2040 2431 2095 8.
2466 2032 2592 2092 Oct.
2624 2031 2723 2103 IV,
2779 2042 2893 2096 261
2924 2068 2995 2078 --

369 2120 560 2178 Gazae
589 2120 1007 2197 paganismum
1025 2120 1184 2181 felici
1204 2122 1659 2200 impugnaverat
1718 2131 1878 2194 2683
1915 2131 2074 2193 322;
2106 2122 2361 2198 Migne
2391 2121 2457 2181 P.
2488 2120 2551 2182 L.
2573 2120 2797 2190 LXXII,
2836 2131 2993 2184 663-

372 2208 590 2267 fructu.
655 2208 853 2284 Hujus
903 2210 1101 2269 versio
1162 2214 1256 2268 sat
1315 2212 1658 2288 imperfecta
1715 2220 1861 2276 672.

370 2297 667 2373 reperitur
676 2298 743 2357 in
751 2298 1110 2358 bibliotheca
1140 2299 1190 2358 G
1199 2300 1265 2358 al
1278 2299 1393 2359 lan
1404 2301 1474 2360 di
1500 2305 1543 2359 t..
1556 2301 1654 2371 IX,

375 2396 755 2458 259—2863
802 2387 867 2445 in
911 2388 1058 2447 actis
1105 2388 1203 2451 SS.
1249 2389 1419 2448 Febr.
1462 2392 1505 2454 t.
1551 2390 1655 2461 111,
1811 2398 1950 2454 178.
1988 2388 2122 2447 Huc
2165 2388 2372 2448 referri
2403 2388 2583 2447 debet
2615 2389 2822 2446 auctor
2852 2388 2994 2448 illu-

374 2485 720 2539 645-661
777 2476 1104 2552 interprete
1147 2477 1538 2538 Hentenio
1583 2478 1657 2536 ad
1713 2478 1856 2537 stris
1888 2497 1957 2537 ex
1987 2480 2218 2537 remota
2238 2477 2412 2553 Syria
2442 2477 2564 2537 scil.
2599 2477 2994 2537 Marathas

367 2563 527 2624 diem
551 2574 654 2637 26,
686 2568 748 2625 et
778 2565 1028 2644 Migne
1061 2567 1123 2631 P.
1144 2567 1210 2626 G.
1239 2567 1387 2628 LXV
1418 2577 1654 2633 1211—
1712 2567 2022 2645 episcopus
2083 2566 2541 2645 Maypherkatae
2607 2570 2669 2626 et
2729 2566 2996 2628 medicus

381 2665 407 2717 1
422 2663 567 2718 266.
616 2654 871 2718 Textum
901 2655 1246 2734 originalem
1281 2656 1597 2717 ediderunt
1607 2658 1657 2738 ²)
1710 2658 1959 2733 peritus,
1981 2657 2087 2732 qui
2109 2695 2136 2726 ,
2151 2657 2485 2732 composuit
2503 2655 2727 2714 librum
2745 2657 2815 2713 de
2835 2675 2995 2716 mar-

372 2743 449 2806 M.
480 2744 772 2820 Haupt,
806 2744 1069 2805 Berolini
1108 2754 1226 2809 187
1238 2756 1305 2817 5;
1338 2747 1652 2807 admodum
1711 2749 1884 2824 tyriis
1944 2749 2004 2805 et
2052 2749 2264 2804 cantus
2315 2749 2377 2804 et
2424 2748 2598 2803 tonos
2647 2747 2996 2820 martyrum.

370 2835 643 2891 accurate
677 2834 978 2894 societatis
1009 2833 1345 2912 philologae
1390 2837 1655 2895 bonnen-
1711 2835 1876 2895 Idem
1896 2835 2208 2894 transtulit
2237 2836 2299 2893 et
2328 2851 2578 2893 canones
2596 2836 2840 2908 patrum
2877 2839 2995 2894 tre-

370 2920 459 2980 sis
507 2921 741 2981 sodales
787 2923 1020 2999 Lipsiae
1063 2931 1244 2987 1895.
1281 2957 1357 2968 —
1395 2925 1497 2984 Lu
1515 2925 1657 2984 cia·
1712 2927 2019 2984 centorum
2041 2924 2241 2983 decem
2262 2921 2998 2997 etocto,scripsitquetota

373 3027 518 3068 nus
549 3011 865 3087 presbyter
896 3011 1133 3087 Kaphar
1164 3012 1439 3073 Gamales
1471 3031 1657 3090 prope
1711 3013 2024 3072 historiam
2053 3013 2219 3071 illius
2241 3029 2286 3071 s.
2313 3011 2527 3088 synodi
2540 3006 2589 3092 ¹)
2605 3017 2652 3074 ‘.
2691 3010 2856 3069 Nihil
2877 3011 2996 3072 fere

374 3098 851 3175 Hierosolymam
909 3101 1147 3176 scripsit
1207 3102 1522 3177 epistolam
1583 3102 1658 3161 ad
1713 3102 1787 3160 de
1839 3103 1969 3178 ejus
2018 3102 2144 3160 vita
2193 3101 2434 3159 scimus.
2513 3099 2805 3158 Arcadius
2854 3101 2996 3178 imp.

372 3205 612 3246 omnem
657 3188 978 3247 Ecclesiam
1029 3190 1099 3246 de
1146 3191 1483 3250 revelatione
1527 3210 1654 3250 cor-
1712 3210 1852 3250 eum
1882 3190 2050 3249 misit
2068 3191 2334 3265 legatum
2364 3188 2439 3247 ad
2460 3187 2501 3245 J
2501 3188 2789 3264 ezdegerd
2808 3190 2855 3258 Ι,
2889 3191 2997 3266 qui

367 3280 536 3351 poris
567 3295 614 3335 s.
651 3277 937 3352 Stephani
967 3278 1048 3337 M.
1087 3281 1276 3353 primi
1311 3282 1372 3338 et
1403 3280 1657 3340 aliorum
1726 3289 1817 3342 14.
1852 3281 2002 3356 Aug.
2039 3288 2162 3342 399
2212 3280 2577 3336 successerat
2613 3277 2866 3337 Bahram
2898 3278 2996 3339 IV.

368 3360 449 3446 (a.
474 3362 628 3446 415)
652 3384 761 3425 seu
778 3368 1178 3427 narrationem
1212 3368 1284 3427 de
1314 3369 1658 3429 inventione
1713 3369 2027 3429 interfecto
2064 3367 2129 3425 in
2160 3367 2477 3425 Persarum
2506 3384 2710 3443 regne.
2778 3368 2999 3426 Metuit

374 3454 673 3529 sepulchri
734 3458 797 3515 et
853 3455 1237 3531 reliquiarum
1287 3459 1548 3534 corporis
1611 3476 1657 3517 s.
1714 3459 1898 3534 hujus
1929 3457 2182 3535 gratiam
2225 3455 2442 3532 peritia
2487 3474 2612 3527 sua,
2659 3459 2733 3515 ut
2775 3455 2994 3527 ferunt,

370 3540 659 3618 Stephani
690 3546 1167 3621 protomartyris,
1219 3564 1477 3621 quorum
1522 3566 1655 3623 par·
1714 3546 1968 3606 medica:
2018 3563 2205 3621 eaque
2239 3543 2462 3620 optime
2493 3548 2584 3603 est
2618 3562 2765 3604 usus
2798 3547 2859 3603 in
2892 3547 2997 3606 bo·

1711 3655 1859 3695 num
1890 3634 2201 3705 Ecclesiae,
2234 3652 2385 3710 quae
2416 3633 2702 3692 diuturna
2732 3638 2794 3693 et
2825 3653 3000 3695 saeva

452 3733 486 3794 ¹)
516 3730 681 3786 Alius
706 3733 781 3785 ab
807 3747 871 3787 eo
892 3731 1295 3803 estVigiliu
1313 3752 1338 3787 s
1364 3734 1657 3798 diaconus,
1712 3724 2127 3801 persecutione
2159 3722 2363 3799 gravia
2392 3740 2568 3797 passa
2612 3726 2743 3782 erat
2785 3723 2999 3783 damna

368 3801 474 3870 qui
502 3801 665 3870 iuxta
705 3803 1174 3858 Gennadium
1215 3821 1261 3858 0·
1292 3814 1353 3861 51
1406 3822 1657 3876 „compa
1712 3813 1836 3872 illis
1868 3814 1932 3872 in
1951 3811 2319 3889 regionibus.
2369 3810 2525 3869 Usus
2556 3813 2649 3869 est
2680 3811 2859 3870 etiam
2892 3832 2997 3889 op-

368 3873 976 4025 {fflggmsslt’ffigffigc
1020 3875 1657 4016 ωᾞζῃνξὶιξῗὴὲΐέἓ
1712 3906 1968 3979 poi-tune
1990 3902 2100 3960 hac
2118 3900 2389 3959 ocasione
2419 3900 2493 3957 ad
2523 3899 2886 3977 colligendas
2920 3920 2996 3960 ss.

369 4032 433 4068 m
458 4016 733 4070 coenobio
758 4016 833 4070 ad
860 4017 1176 4086 profectum
1192 4018 1436 4072 fratrum
1453 4019 1513 4072 in
1530 4034 1657 4073 con·
1713 3993 2045 4067 martyrum
2077 3989 2381 4089 reliqniffs’
2423 4006 2569 4063 quas
2601 4006 2801 4090 semu?
2834 3991 2997 4067 May·

371 4089 550 4140 ventu
571 4086 804 4158 legitur,
821 4087 1078 4143 breviato
1095 4091 1155 4143 et
1167 4092 1365 4160 aperto
1382 4105 1656 4155 sermone,
1712 4080 2061 4156 pherkatam
2106 4079 2387 4153 portavit,
2435 4076 2596 4134 unde
2641 4078 2808 4136 urbis
2856 4080 2999 4139 haec

371 4158 555 4239 *1959ss
579 4158 927 4240 monasstsssssse
954 4159 1321 4231 profeflssioniss
1360 4161 1422 4214 in
1463 4177 1520 4215 ⁸0
1548 4161 1657 4214 diss·
1714 4166 2137 4244 Martyropolis
2169 4168 2264 4225 est
2294 4165 2468 4235 dicta,
2503 4168 2564 4223 et
2589 4165 2827 4225 illorum
2846 4171 2994 4240 acta,

366 4245 423 4284 ci
467 4229 649 4283 huam
675 4233 1113 4286 continentem.“
1144 4231 1283 4286 Eam
1312 4232 1485 4286 habes
1500 4233 1655 4302 apud

448 4300 624 4370 igne
664 4300 725 4354 P.
772 4301 837 4356 G.
866 4302 1116 4365 XXXIV,
1143 4309 1249 4360 983
1275 4320 1377 4360 ss.:
1418 4303 1480 4360 P.
1506 4304 1566 4357 L.
1596 4304 1656 4368 L,
2358 4347 2368 4354 .

370 4374 622 4429 373—83
661 4375 720 4426 et
745 4373 805 4426 in
832 4373 1051 4429 collect.
1096 4390 1215 4444 reg.
1247 4375 1342 4428 Ho
1361 4375 1380 4428 l
1398 4377 1507 4428 ste
1527 4375 1656 4439 nii,
1793 4378 1828 4442 ¹)
1856 4377 1943 4428 Ita
1981 4372 2153 4428 ‘Abd
2171 4370 2190 4424 i
2209 4360 2380 4425 schd
2424 4374 2494 4429 de
2539 4366 2746 4435 Straba,
2797 4376 2996 4427 metro-

371 4441 605 4497 Parisiis
638 4450 775 4501 1663
802 4445 843 4509 Ι,
870 4451 956 4502 89.
1007 4444 1292 4499 Floruisse
1321 4445 1550 4500 videtur
1574 4446 1657 4502 in·
1714 4447 1898 4516 polita
1925 4443 2284 4501 nestorianus
2309 4457 2354 4498 c.
2384 4448 2452 4503 57
2490 4441 2646 4510 apud
2676 4444 2723 4495 A
2742 4461 2766 4498 s
2783 4461 2807 4495 s
2824 4461 2853 4496 e
2870 4461 2995 4498 ma-

367 4518 460 4568 tra
484 4532 536 4568 a.
562 4521 828 4571 420—30.
865 4515 946 4570 cf.
974 4516 1045 4569 de
1070 4519 1260 4570 nostro
1287 4517 1368 4572 Sc
1385 4518 1422 4570 h
1438 4533 1473 4570 a
1489 4520 1516 4570 t
1534 4537 1562 4570 z
1588 4517 1656 4571 K.
1712 4536 1750 4572 n
1770 4537 1808 4573 u
1825 4539 1881 4574 m
1906 4517 2051 4573 Bibl.
2079 4532 2158 4571 or.
2185 4514 2282 4579 111,
2308 4519 2394 4574 73.
2430 4512 2539 4570 Hic
2565 4513 2860 4569 Mal-athas
2886 4515 2996 4569 dis-

370 4586 491 4649 XII,
518 4590 640 4643 962.
1712 4589 1908 4660 tingui
1934 4589 2108 4643 debet
2129 4604 2163 4640 a
2191 4587 2247 4641 M
2262 4603 2296 4640 a
2313 4606 2341 4641 ι·
2356 4590 2486 4643 uth
2502 4601 2537 4637 a
2581 4585 2866 4657 (Maruta),
2894 4587 2996 4654 qui

444 4665 464 4695 ²
521 4656 567 4710 B
582 4673 617 4711 a
632 4675 662 4710 r
677 4657 714 4710 d
731 4672 761 4710 e
779 4675 817 4710 ιι
835 4657 873 4710 h
889 4674 918 4711 e
934 4675 987 4711 w
1003 4674 1033 4712 e
1051 4676 1078 4712 r
1116 4667 1143 4725 ς
1184 4665 1255 4715 74
1296 4677 1351 4713 n.
1403 4666 1495 4716 16:
1543 4659 1656 4714 KL.
1712 4662 1829 4715 fuit
1855 4661 2070 4731 primus
2097 4659 2400 4731 Maphrian
2429 4656 2798 4732 (catholicus)
2825 4659 2996 4728 tagri-

371 4662 520 4792 vlssl,
548 4735 686 4785 683:
738 4728 790 4780 N
811 4729 936 4782 uth
979 4730 1050 4783 de
1078 4729 1255 4783 Marci
1280 4730 1509 4785 diaconi
1536 4730 1658 4786 vita
1712 4734 1893 4787 tensis
1918 4735 1965 4804 (†
1991 4735 2131 4801 649),
2181 4734 2241 4785 et
2281 4728 2857 4803 monophysitismum
2902 4731 2996 4783 ad·

372 4798 680 4870 Porphyrii
706 4816 795 4870 ep.
821 4816 961 4870 gaz„
990 4801 1221 4856 Bonuae
1252 4806 1405 4859 1897.
1713 4804 1946 4857 modum
1974 4801 2222 4856 diffudit.

2591 4894 2674 4947 11·
