3505 5161
365 255 487 311 521
832 238 1028 293 Theol.
1055 239 1351 310 polemica.
1382 238 1680 309 Agnellus,
1707 237 2046 307 Eutychiae,
2074 239 2410 293 Anastasius
2436 245 2541 294 etc.
2867 258 2989 313 522

363 436 500 489 tum
533 428 956 487 miraculorum
988 426 1219 489 effectu.
1277 426 1654 489 Tribuuntur
1713 427 1859 487 Post
1913 437 1987 490 12
2037 444 2328 487 annorum
2364 427 2784 504 relegationem
2818 447 2852 491 a
2880 427 2919 491 J
2923 449 2991 497 u·

367 519 485 595 ipsi
537 522 601 576 et
641 515 1088 578 Homeritarum
1133 518 1279 596 leyes
1323 534 1430 576 seu
1476 515 1654 593 legis·
1714 516 1874 577 stino
1906 515 1981 575 II.
2012 520 2324 583 revocatus
2363 519 2423 575 et
2453 516 2514 580 in
2548 534 2716 576 suam
2746 517 2993 583 restitu-

373 608 516 667 latio
565 606 679 665 sub
724 604 962 665 nomine
1002 606 1448 667 Abrahamii
1494 606 1653 683 regis
1709 608 1812 665 tus
1863 609 1955 664 est
2003 605 2204 665 sedem
2254 615 2373 668 577
2424 602 2487 678 (†
2535 616 2590 668 5.
2636 605 2732 664 vel
2764 617 2818 668 6.
2850 608 2993 682 Apr.

369 696 813 756 Homeritarum
850 694 1194 770 composita.
1224 728 1312 739 —
1345 695 1651 759 Theodo·
1716 690 1887 774 582).
1953 694 2274 772 Scripsisse
2305 693 2527 754 dicitur
2556 700 2762 753 contra
2790 695 2995 754 Mono-

370 807 453 846 ru
472 805 499 844 s
576 784 839 862 primum
902 778 1257 858 Origenistis
1319 783 1591 844 addictus
1605 780 1653 864 ²)
1710 784 2002 859 physitas‚
2015 784 2320 859 speciatim
2337 787 2541 851 contra
2556 784 2994 859 Aphthartodo-

365 875 673 934 Theodoro
705 871 971 944 Ascidae,
1011 891 1215 931 eorum
1249 872 1405 943 duci,
1452 891 1653 949 accep·
1713 874 1900 933 ketas.
1968 872 2306 948 Supersunt
2352 874 2588 933 tantum
2639 875 2872 948 epistola
2922 874 2996 932 ad

368 965 645 1025 tissimus
696 965 839 1033 erat,
892 961 1030 1021 hinc
1079 963 1152 1019 ab
1199 981 1268 1021 eo
1313 963 1507 1022 factus
1563 964 1656 1021 est
1711 961 1998 1039 Vigilium
2048 962 2111 1021 in
2151 979 2327 1023 causa
2357 963 2538 1021 trium
2574 962 2992 1042 capitulorum,

371 1052 994 1130 scythopolitanorum
1030 1047 1492 1134 metropolita2).
1544 1052 1656 1111 Ve-
1712 1054 1774 1110 et
1803 1052 2041 1110 homilia
2062 1051 2132 1110 de
2153 1052 2435 1127 paschate
2456 1055 2516 1110 et
2534 1051 2606 1118 de
2627 1055 2997 1120 sacrosancta

372 1163 506 1203 rum
566 1141 820 1216 resipuit
869 1142 1049 1214 atque
1102 1140 1374 1217 Origenis
1425 1158 1655 1203 errores
1712 1140 2072 1203 eucharistia
2131 1141 2339 1203 saltem
2401 1159 2472 1199 ex
2532 1143 2699 1215 parte
2754 1140 2915 1200 edita
2964 1161 2998 1199 a

371 1230 505 1309 (qui
538 1231 751 1289 saltem
798 1228 910 1288 sub
943 1229 1107 1288 illius
1139 1229 1374 1289 nomine
1406 1230 1654 1289 circum·
1713 1229 1859 1289 Mai
1893 1230 2038 1291 Nov.
2071 1230 2217 1291 bibl.
2251 1229 2359 1287 PP.
2394 1229 2491 1296 IV.
2533 1238 2811 1298 54—62‚
2859 1230 2996 1289 inde

380 1317 746 1400 ferebantur)
792 1318 998 1377 libello
1030 1318 1375 1387 Justiniano
1416 1320 1561 1394 imp.
1597 1323 1659 1377 et
1713 1339 1746 1377 a
1780 1310 2033 1395 Mign'e
2080 1319 2143 1382 P.
2176 1319 2243 1382 G.
2273 1318 2575 1388 LXXXVI,
2628 1327 2683 1386 2,
2736 1328 2995 1382 2392-

381 1408 724 1485 patriarchis
773 1407 928 1467 forte
986 1407 1051 1465 in
1097 1407 1390 1483 synodum
1426 1408 1471 1465 V
1519 1426 1658 1471 con·
1718 1416 1906 1471 2405.
1970 1408 2158 1484 Magis
2190 1407 2458 1467 innotuit
2489 1426 2597 1471 suo
2628 1425 2823 1466 errore
2856 1428 2996 1467 con-

379 1498 638 1575 gregatis
657 1516 705 1558 c.
724 1505 916 1559 a.553
940 1496 1141 1555 oblato
1163 1496 1277 1555 sub
1289 1497 1397 1565 XII
1416 1497 1657 1556 anathe-
1713 1500 1809 1556 tra
1839 1515 2039 1555 veram
2071 1514 2137 1555 ac
2168 1497 2539 1561 tractabilem
2560 1514 2874 1572 corporum
2905 1516 2997 1556 re-

388 1586 671 1645 matismis
703 1584 1008 1645 damnavit
1046 1584 1326 1665 (Migne
1357 1586 1656 1656 LXXXVI,

392 1686 443 1747 1,
479 1671 872 1754 229-236).
906 1707 985 1717 —-
1022 1675 1408 1751 Agnellus
1454 1693 1522 1733 ex
1554 1691 1660 1733 no-

377 1764 484 1823 bili
518 1767 685 1822 ortus
717 1763 994 1839 prosapia
1024 1782 1266 1823 uxorem
1298 1764 1471 1829 duxit
1501 1764 1660 1825 mili-

377 1854 642 1929 tiamque
679 1856 774 1911 est
818 1855 1080 1922 secutuS,
1132 1852 1234 1911 sed
1279 1853 1658 1929 postmodum

377 1945 615 2002 mortua
646 1959 827 2000 uxore
872 1960 938 1999 ac
983 1941 1223 2018 cingulo
1271 1942 1520 2000 militari
1559 1942 1659 1999 de-

375 2033 568 2108 posito
598 2034 794 2090 totum
828 2049 888 2088 se
921 2031 1040 2088 Deo
1072 2031 1449 2106 mancipavit.
1486 2032 1660 2090 Anno

383 2131 503 2185 527
554 2141 606 2180 a.
651 2120 864 2179 aetatis
899 2128 998 2185 44.
1050 2122 1324 2195 receptus
1370 2122 1463 2178 est
1508 2119 1662 2183 inter

375 2210 627 2268 clericos
688 2208 1143 2268 ravennatensis
1220 2209 1523 2278 ecclesiae,
1604 2211 1664 2267 et

384 2308 480 2362 22.
532 2298 572 2357 J
577 2318 678 2360 un.
730 2307 853 2360 553
920 2297 986 2355 in
1046 2298 1388 2373 episcopum
1439 2298 1662 2356 electus

375 2384 442 2468 (†
477 2397 624 2456 566,
657 2388 832 2462 juxta
862 2387 1010 2445 alios
1048 2397 1170 2449 569
1207 2405 1256 2445 a.
1288 2387 1498 2446 aetatis
1535 2383 1663 2467 83).

379 2477 634 2553 Scripsit
680 2475 753 2534 ad
800 2475 1147 2535 Armenium
1179 2477 1542 2550 praeclaram
1573 2494 1662 2551 ep.

374 2566 601 2627 arianis
623 2564 954 2641 oppositam
985 2566 1054 2624 de
1085 2566 1314 2628 ratione
1327 2566 1477 2640 fidei,
1513 2584 1664 2639 quae

378 2657 641 2730 primum
687 2654 911 2730 prodiit
956 2655 1218 2714 Basileae
1274 2665 1454 2719 1528.
1520 2656 1665 2720 Earn

386 2745 562 2803 habes
593 2746 657 2803 in
688 2745 750 2802 P.
783 2744 844 2803 L.
880 2743 1406 2821 MigneLXVIII,
1445 2752 1662 2809 381-—

395 2841 539 2895 386.

482 3019 623 3073 293.
653 3011 1088 3088 Eutychius
1136 3011 1376 3069 natione
1407 3011 1661 3087 Phryga,

385 3119 444 3157 n.
476 3118 522 3158 c.
547 3109 688 3171 512,
723 3100 1090 3175 professione
1112 3107 1454 3173 monachus,
1487 3102 1664 3158 Ama-

385 3206 515 3248 seae
534 3188 996 3250 archimandrita
1013 3189 1234 3248 missus
1256 3192 1347 3247 est
1377 3189 1451 3247 ab
1482 3189 1664 3261 huius

384 3277 549 3337 urbis
593 3278 871 3354 episcopo
918 3278 1338 3353 apocrisiarius
1383 3279 1510 3352 GP..
1557 3277 1664 3336 ubi

380 3367 833 3444 impugnatione
894 3366 1184 3434 Theodori
1260 3366 1665 3442 mopsuesteni

379 3457 635 3532 gratiam
687 3457 1064 3531 imperatoris
1127 3455 1464 3515 Justiniani
1523 3454 1666 3515 adeo

382 3544 497 3602 sibi
518 3545 872 3616 conciliavit,
904 3550 977 3610 ut
1007 3545 1208 3605 eadem
1224 3545 1338 3614 die,
1367 3564 1484 3620 qua
1505 3546 1667 3603 Men-

384 3650 488 3693 nas
499 3652 590 3708 ep.
605 3634 710 3697 GP.
722 3637 815 3693 est
826 3636 1116 3704 mortuus,
1131 3635 1194 3693 in
1204 3635 1334 3709 ejus
1345 3635 1669 3711 eligeretur

379 3740 782 3784 successorem
833 3721 1041 3804 (552).
1121 3724 1394 3799 Magnam
1439 3727 1670 3799 partem

385 3811 595 3870 habuit
625 3811 690 3871 in
722 3812 971 3871 concilio
991 3813 1368 3872 oecumenico
1387 3812 1456 3874 V.
1490 3815 1670 3887 atque

389 3901 743 3960 sententiam
764 3900 1107 3976 synodalem
1137 3901 1268 3976 ipse
1293 3900 1672 3962 concinnavit

382 3985 573 4068 (apud
604 3991 849 4048 Mansi
883 3990 979 4058 IX,
1033 3986 1438 4070 367—375):
1487 3989 1590 4054 sed
1637 4008 1670 4047 a

383 4077 732 4138 Justiniano
766 4079 1074 4154 depositus
1120 4082 1182 4137 et
1226 4080 1526 4155 relegatus
1557 4082 1666 4148 est,

385 4167 528 4242 quia
546 4167 747 4228 noluit
764 4168 895 4243 ejus
908 4169 1141 4226 decreta
1154 4166 1668 4242 Aphthartodoke-

388 4261 584 4316 tarum
616 4258 804 4316 errori
838 4256 1095 4316 faventia
1125 4257 1448 4333 approbare
1468 4253 1669 4338 (565).

1715 1586 2161 1656 surrectionem,
2208 1606 2243 1644 a
2289 1604 2408 1661 quo
2452 1604 2589 1645 eum
2623 1586 2920 1644 revocavit
2950 1604 2996 1644 s.

1717 1673 2038 1752 Gregorius
2070 1676 2163 1745 M,
2213 1675 2357 1735 dum
2402 1676 2666 1751 legatum
2702 1675 2997 1750 pontificis

1719 1764 1786 1824 in
1830 1764 2072 1823 civitate
2117 1764 2281 1841 regia
2310 1766 2529 1841 ageret,
2583 1763 2727 1822 adeo
2777 1767 2847 1823 ut
2894 1783 2997 1838 pa·-

1716 1853 1975 1912 triarcha
2017 1856 2208 1912 morte
2240 1853 2505 1915 instante
2537 1852 2753 1929 pellem
2785 1872 2997 1912 manus

1718 1961 1859 2001 suae
1903 1945 2138 2003 teneret
2180 1942 2408 2001 dicens:
2457 1942 2810 2011 ,Confiteor,
2859 1942 3000 2018 quia

1719 2049 1922 2090 omnes
2000 2032 2060 2090 in
2140 2031 2247 2090 hac
2321 2049 2495 2090 carne
2557 2049 2936 2106 resurgemus
2951 2040 2998 2089 ¹.

1719 2122 1765 2178 A
1791 2121 2015 2197 graecis
2047 2121 2206 2179 inter
2236 2124 2470 2181 sanctos
2508 2120 2726 2179 colitur
2741 2116 2805 2200 ¹).
2853 2121 2999 2195 Ejus

1717 2210 1899 2271 vitam
1922 2209 2186 2273 oratione
2210 2210 2444 2268 funebri
2464 2213 2668 2273 narrat
2698 2209 2798 2268 Eu
2812 2213 2998 2269 stra-

1718 2299 1940 2357 thius
1975 2295 2385 2380 (Eustachius)
2418 2298 2730 2374 presbyter
2773 2301 2833 2357 et
2868 2300 2998 2374 ejus

1719 2387 2067 2463 discipulus,
2111 2407 2286 2463 quam
2319 2388 2501 2446 habes
2534 2388 2614 2446 ib.
2645 2407 2702 2463 p.
2740 2396 2999 2451 2273-

1723 2485 1912 2546 2390,
1965 2479 2026 2535 et
2053 2477 2119 2535 in
2150 2477 2316 2535 Actis
2351 2476 2445 2539 SS.
2483 2487 2536 2539 6.
2571 2478 2712 2551 Apr.
2753 2487 2804 2543 1,
2842 2487 2999 2541 550-

1724 2574 1848 2629 572
1903 2560 2159 2647 (latine).
2240 2566 2351 2625 Hic
2399 2564 2552 2626 idem
2607 2565 2848 2642 scripsit
2897 2567 2998 2626 ad-

1721 2673 1929 2715 versus
1960 2673 2081 2725 eos,
2127 2656 2231 2730 qui
2263 2656 2488 2723 dicunt,
2535 2656 2763 2715 animas
2798 2657 2999 2716 statim

1718 2747 1900 2818 atque
1932 2763 1963 2803 e
1996 2762 2238 2819 corpore
2258 2745 2485 2803 solutae
2518 2748 2676 2813 sunt,
2711 2761 2831 2802 non
2859 2764 2999 2819 ope-

1720 2833 1860 2905 rari,
1896 2852 2090 2908 neque
2110 2833 2327 2894 oblatis
2359 2852 2465 2909 pro
2499 2834 2574 2892 iis
2594 2834 2713 2891 Deo
2732 2833 3002 2908 precibus

1721 2925 1782 2980 et
1815 2921 2119 2980 sacrificiis
2166 2925 2228 2981 et
2267 2923 2438 2981 bonis·
2472 2921 2754 2996 operibus
2779 2923 2999 2997 juvari,

1721 3029 1829 3069 seu
1849 3014 2055 3070 contra
2073 3029 2190 3081 eos,
2226 3011 2330 3087 qui
2350 3011 2679 3072 animarum
2701 3011 3000 3070 somnium

1720 3105 2122 3178 propugnant.
2203 3099 2405 3157 Edidit
2453 3099 2607 3158 illud
2658 3119 2871 3176 magna
2932 3119 3001 3157 ex

1721 3192 1890 3263 parte
1909 3189 2025 3247 Leo
2059 3190 2108 3247 A
2129 3189 2416 3247 llatius
2449 3188 2512 3246 in
2545 3207 2637 3263 op.
2670 3187 2741 3246 de
2773 3188 3001 3246 utrius-

1722 3297 1838 3353 que
1857 3278 2146 3337 Ecclesiae
2167 3278 2346 3336 occid.
2367 3281 2429 3336 et
2449 3297 2531 3340 or.
2563 3277 2632 3335 de
2654 3280 3004 3354 puryatorio

1722 3385 2028 3437 consensu,
2076 3367 2288 3426 Romae
2346 3376 2503 3430 1655
2542 3385 2598 3441 p.
2636 3375 3002 3441 336—580.

1822 3553 1964 3606 294.
2012 3545 2067 3602 S.
2115 3545 2585 3603 Anastasius
2631 3544 2861 3621 origine
2893 3546 3003 3604 Pa-

1724 3633 2125 3701 laestinensiS,
2160 3634 2480 3692 monachus
2513 3634 2576 3690 in
2601 3637 2801 3692 monte
2824 3634 3003 3704 Sinai,

1724 3723 1865 3791 hinc
1925 3722 2105 3778 etiam
2168 3722 2478 3781 Sinaita
2537 3723 3004 3798 cognominatuS,

1724 3814 1967 3870 evectus
2032 3812 2124 3866 est
2186 3809 2260 3868 ad
2336 3811 2533 3869 sedem
2598 3812 3005 3870 antiochenam

1729 3897 1929 3982 (559),
1967 3897 2068 3957 sed
2100 3899 2241 3973 quia
2260 3899 2484 3958 restitit
2501 3900 2540 3957 J
2544 3901 2833 3959 ustiniani
2863 3901 3003 3976 imp.

1727 3988 1995 4057 decretis,
2047 3987 2269 4062 quibus
2318 3988 3002 4064 Aphthartodoketarum

1726 4076 2017 4153 probabat
2037 4095 2265 4135 errores
2298 4085 2359 4136 et
2389 4078 2689 4136 catholicis
2723 4096 3003 4155 oggerere

1726 4166 2051 4235 nitebatur,
2086 4166 2159 4223 ab
2191 4166 2357 4224 illius
2390 4183 2726 4224 successore
2758 4165 2796 4223 J
2802 4167 3004 4225 ustino

1727 4256 1789 4313 in
1823 4255 2101 4316 exsilium
2133 4258 2225 4314 est
2255 4255 2466 4329 pulsus
2491 4264 2633 4323 570,
2669 4255 2731 4313 in
2757 4257 3004 4330 ejusque

1726 4345 1923 4418 locum
1953 4344 2225 4403 intrusus
2258 4343 2497 4419 quidam
2519 4344 2840 4402 monachus
2861 4344 3002 4402 Gre-

467 4447 502 4506 1)
530 4443 634 4497 His
687 4443 918 4497 favebat
966 4443 1139 4498 etiam
1190 4443 1237 4497 D
1256 4461 1287 4497 o
1303 4445 1396 4498 mi
1412 4443 1520 4497 tia
1537 4462 1574 4496 n
1593 4463 1630 4497 u
1648 4460 1674 4496 s
1728 4434 1962 4509 gorius:
1986 4452 2102 4508 quo
2125 4433 2401 4492 defuncto
2422 4435 2635 4509 agente
2655 4433 3003 4508 praeprimis

383 4514 717 4582 anssytenssiss
756 4514 1058 4586 episcopus
1096 4518 1260 4588 (537)*
1309 4531 1376 4568 0¹
1416 4516 1580 4584 Cujus
1606 4515 1673 4568 li·
1730 4522 2011 4598 Gregorio
2047 4523 2137 4591 M„
2178 4523 2349 4598 cujus
2382 4520 2570 4580 fidelis
2602 4537 2731 4580 erat.
2761 4521 3002 4590 amicus,

391 4584 536 4640 bello
553 4586 625 4639 ad
639 4585 923 4655 Vigilium
940 4587 1220 4641 nonnulla
1234 4586 1407 4641 affert
1421 4586 1462 4650 F
1475 4602 1510 4648 a
1520 4604 1549 4639 c
1564 4605 1601 4640 u
1614 4604 1674 4640 n-

390 4656 589 4712 dusl.
620 4666 645 4713 1
676 4673 723 4710 c.
751 4664 812 4713 2:
841 4657 878 4711 1.
905 4666 1010 4714 40.
1036 4667 1085 4713 4.

466 4731 504 4794 ἰ)
534 4727 618 4783 cf.
647 4727 694 4781 D
713 4728 780 4781 i'e
796 4728 837 4781 k
853 4744 887 4781 a
902 4746 958 4781 m
976 4748 1012 4798 p
1053 4727 1158 4782 Die
1185 4727 1480 4798 origenist.
1506 4727 1674 4783 Strei-

390 4796 692 4868 tigkeiten.

1730 4631 1765 4668 a
1795 4611 2072 4671 Mauritio
2105 4612 2244 4690 imp.
2279 4611 2403 4669 sedi
2437 4629 2576 4671 suae
2609 4611 2727 4669 fuit
2758 4611 3002 4671 restitu-

1813 4803 1846 4870 ¹)
1876 4799 1958 4854 Cf.
1985 4798 2033 4853 K
2051 4817 2078 4851 r
2093 4805 2130 4853 u
2147 4818 2185 4869 g
2201 4814 2229 4851 e
2246 4817 2274 4853 r
2308 4799 2735 4870 Realencyclop.
2764 4801 2856 4864 V’.
2885 4807 3007 4857 648.
