3505 5161
550 169 671 222 547

967 153 1265 205 551-600.
1294 149 1487 204 Theol.
1516 151 1791 219 practica.
1818 149 1852 204 J
1857 163 2069 203 oannes
2088 148 2391 218 Jejunator
2416 149 2474 203 et
2497 148 2526 201 J
2535 164 2584 200 0.
2614 150 2731 203 ant.

3035 163 3158 218 548

543 354 733 414 genus
767 354 875 396 suo
920 336 1186 412 exemplo
1219 335 1603 413 inauguravit
1634 332 1729 410 (of,
1763 353 1821 410 p.
1879 353 2043 409 pum,
2075 334 2140 393 in
2170 352 2291 409 quo
2323 334 2473 394 nihil
2508 334 2815 410 proprium
2835 334 3024 409 ponit,
3059 334 3159 393 sed

546 437 671 490 436
691 424 768 509 a).
790 426 1050 501 Aprima
1072 426 1395 501 juventute
1416 424 1590 483 duxit
1613 423 1823 482 miram
1879 423 2290 482 tantummodo
2344 423 2731 498 antiquorum
2779 428 3018 499 patrum
3067 442 3157 482 re-

543 515 693 575 hano
712 516 896 575 vitam
919 514 984 574 in
1005 516 1203 575 monte
1226 533 1408 591 prope
1430 513 1823 583 Antiochiam,
1879 512 2064 587 plicat
2112 512 2184 570 de
2229 512 2388 570 trina
2432 513 2726 573 mersione
2770 513 3157 571 sententias.‘

542 605 649 681 qui
725 606 1038 681 propterea
1093 604 1261 665 Mons
1336 602 1630 666 mirabilis
1707 601 1828 661 fuit
1880 601 1972 660 Ita
2003 600 2364 662 Isidorus
2395 600 2554 676 hisp.
2584 601 2656 661 de
2687 601 2835 661 viris
2867 601 2955 660 ill.
2982 619 3032 661 c.
3059 610 3160 665 39.

543 693 996 771 cognominatus
1040 689 1102 766 (†
1151 693 1321 773 596).
1387 692 1511 752 Sub
1542 692 1674 768 ejus
1719 710 1826 750 no·
1881 690 1993 749 Hic
2041 690 2081 751 1.
2135 690 2210 749 de
2260 690 2553 765 baptismo
2603 688 2798 766 periit.
2864 689 3160 749 Poeniiaen·

541 782 701 842 mine
783 791 862 845 30
945 782 1450 843 circumferuntur
1531 784 1826 841 tractatus
1881 781 2037 854 ciale,
2083 779 2244 854 quod
2290 779 2346 839 ei
2390 780 2581 841 tribui
2621 780 2851 839 solebat
2883 774 3163 863 (Migne

542 871 797 943 ascetici,
845 889 995 946 quos
1028 871 1216 930 edidit
1248 869 1716 933 Cozza-Luzi
1761 869 1825 928 in
1884 870 1944 926 P.
1993 869 2056 927 G.
2106 868 2464 940 LXXXVIII,
2519 864 2981 949 1889—1919)
3030 868 3164 944 ipso

541 980 696 1020 nova
732 960 843 1019 PP.
888 958 1036 1019 bibl.
1083 960 1298 1020 Romae
1355 969 1509 1024 1871
1553 959 1710 1029 VIII,
1768 968 1824 1027 3.

545 1058 836 1119 4--1563
900 1049 1188 1125 quaedam
1241 1051 1613 1123 epistolarum
1665 1048 1824 1124 frag·

541 1142 741 1197 menta
803 1136 1085 1216 (Migne
1147 1139 1209 1197 P.
1274 1139 1338 1199 G.
1401 1138 1700 1207 LXXXVI,
1769 1146 1823 1205 2,

544 1226 1030 1304 3216—3220).
1078 1228 1466 1303 Apocalypsis
1484 1227 1668 1286 latine
1688 1230 1822 1284 tan-

540 1320 688 1384 tum,
721 1316 785 1373 in
818 1334 937 1393 qua
955 1316 1199 1376 disserit
1229 1317 1301 1375 de
1334 1317 1667 1377 animarum
1686 1333 1823 1374 con-

541 1405 770 1464 ditione
817 1407 959 1480 post
996 1425 1199 1465 earum
1232 1425 1266 1464 a
1296 1424 1539 1482 corpore
1589 1422 1825 1480 separa-

539 1494 762 1553 tionem
780 1493 841 1552 in
875 1493 1019 1553 bibl.
1050 1514 1201 1554 max.
1216 1496 1345 1563 PP..
1366 1493 1629 1571 Lugdini
1661 1502 1819 1555 1687

540 1582 668 1653 VII,
711 1591 873 1647 1228
898 1601 990 1653 se„
1020 1602 1218 1659 preces
1248 1586 1569 1662 litut-qicae,
1603 1583 1821 1658 hymni,

540 1674 827 1748 tropario.
875 1672 1035 1730 Num
1067 1674 1208 1732 haec
1241 1674 1364 1732 sint
1393 1672 1671 1750 genuina,
1704 1689 1826 1729 non

540 1761 828 1820 audemus
860 1761 1182 1821 affirmare:
1233 1762 1594 1838 quibusdam
1640 1762 1824 1819 utun·

539 1854 645 1909 tur
689 1850 801 1908 sub
846 1851 977 1925 ejus
1016 1851 1257 1911 nomine
1287 1851 1472 1927 aliqui
1504 1851 1825 1925 scriptores

540 1941 771 1999 veteres
786 1934 855 2019 ¹).
888 1973 974 1983 -—
1007 1940 1090 2009 ,J
1105 1958 1390 2000 oannes
1430 1959 1475 1998 s.
1507 1937 1825 1998 memoriae

540 2027 1221 2104 constantinopolitanus
1243 2029 1555 2105 episcopus
1578 2027 1827 2108 (582—

546 2114 718 2195 595),
766 2117 1010 2176 natione
1049 2118 1375 2193 Cappadox,
1423 2118 1497 2176 ad
1543 2136 1721 2193 quem
1768 2116 1826 2180 b.

541 2205 862 2282 Gregorius
893 2207 935 2265 l.
965 2208 1211 2283 regulae
1231 2206 1543 2282 pastoralis
1564 2205 1824 2281 scripsit,

537 2295 634 2352 vir
695 2294 1150 2355 inaestimabilis
1200 2295 1600 2356 abstinentiae
1661 2290 1827 2376 (hinc

537 2378 570 2444 ὁ
603 2388 947 2468 νηστευτής,
983 2383 1299 2460 Jejunator
1319 2378 1542 2467 dictus)
1578 2387 1640 2443 et
1670 2384 1823 2442 elee-

538 2473 804 2548 mosynis
848 2475 1087 2532 tantum
1135 2473 1531 2550 largissimus,
1584 2475 1655 2532 ut
1703 2472 1827 2532 zelo

538 2561 821 2622 avaritiae
852 2563 1136 2622 adversus
1169 2583 1305 2622 eum
1337 2563 1480 2639 imp.
1513 2562 1828 2621 Mauritius

537 2655 865 2726 permotus,
931 2652 1083 2711 urbe
1149 2670 1438 2728 pauperes
1518 2650 1828 2727 pellendos

416 2792 422 2798 .
536 2741 807 2800 ediceret.
875 2740 989 2800 Hic
1028 2759 1240 2817 graeco
1271 2741 1509 2817 eloquio
1541 2739 1732 2800 edidit
1762 2741 1831 2799 de

534 2837 899 2888 sacramento
932 2830 1304 2905 baptismatis
1350 2830 1708 2906 rescriptum
1756 2829 1830 2887 ad

534 2918 722 2977 bonae
753 2937 919 2977 recor
932 2918 1195 2978 dationis
1215 2919 1525 2978 dominum
1556 2920 1831 2977 nostrum

536 3010 598 3066 et
653 3007 873 3084 praede
889 3025 1180 3068 cessorem
1224 3008 1561 3067 Leandrum
1604 3007 1831 3082 episco-

610 3217 649 3284 ¹)
678 3212 760 3268 cf.
823 3212 893 3266 de
956 3229 1021 3267 eo
1064 3213 1410 3267 Ehrhard
1469 3212 1529 3264 in
1583 3213 1832 3267 Krum-

534 3286 813 3338 bacher
839 3301 929 3355 op.
957 3284 1054 3337 cit.
1082 3301 1214 3355 pag.
1249 3292 1349 3340 144
1375 3301 1451 3344 s.;
1494 3283 1605 3338 Leo
1633 3284 1829 3338 Alla-

534 3356 648 3410 tiu
666 3374 691 3409 s
717 3356 786 3409 de
812 3357 880 3423 Sy
892 3372 1156 3408 meonum
1186 3355 1415 3426 scriptis
1436 3354 1707 3419 diatriba,
1730 3355 1830 3410 Pa.-

534 3426 687 3481 risiis
721 3435 855 3483 1644
880 3447 933 3496 p.
974 3430 1155 3485 37-223
1191 3427 1327 3479 Ant.
1354 3426 1614 3480 Bocchi
1642 3426 1711 3479 de
1731 3443 1830 3481 au·

534 3497 808 3552 theuticis
857 3495 1213 3550 sermonibus
1264 3516 1306 3555 s.
1333 3499 1629 3566 Symeonis
1657 3497 1829 3566 Styli-

535 3571 626 3622 tae
653 3569 715 3621 in
741 3569 827 3621 ed.
857 3567 1197 3622 Coma-Lusi
1225 3569 1603 3623 XVII—XXI.
1633 3568 1827 3624 Vitam

536 3640 659 3709 ejus
686 3639 991 3709 descripsit
1018 3641 1067 3692 A
1085 3658 1113 3692 r
1128 3658 1157 3695 c
1172 3656 1205 3692 a
1222 3641 1258 3694 d
1281 3641 1299 3693 i
1318 3659 1354 3695 u
1373 3659 1399 3694 s
1425 3642 1549 3710 ejus
1575 3640 1826 3712 discipu·

535 3712 625 3765 lus
670 3713 728 3762 et
769 3709 1237 3781 archiepiscopus
1276 3709 1716 3767 constantiensis
1762 3712 1824 3765 in

535 3781 709 3851 Cypri
726 3780 934 3846 insula,
951 3799 1127 3851 quam
1142 3783 1399 3853 allegant
1425 3783 1457 3836 J
1463 3801 1511 3836 o.
1540 3783 1587 3836 D
1605 3801 1639 3836 a
1654 3801 1711 3836 m
1727 3800 1759 3837 a
1778 3801 1825 3837 s-

534 3869 762 3905 cenus
802 3855 859 3906 et
904 3855 1156 3921 synodus
1191 3854 1315 3907 VH.
1366 3855 1711 3924 Fragmenta
1755 3871 1823 3909 ex

533 3940 599 3977 ea
637 3922 911 3978 exhibent
948 3925 1051 3978 Ma
1071 3946 1109 3980 n
1126 3925 1188 3979 si
1214 3926 1345 3983 coll.
1372 3942 1523 3981 conc.
1557 3926 1703 3989 XIII,
1731 3930 1823 3982 73-

532 4003 618 4051 80.
640 3995 760 4048 Hac
773 4013 908 4049 usus
928 3996 1094 4050 estin
1117 4014 1219 4051 sua
1230 3997 1632 4053 retractatione
1654 4014 1823 4078 pane·

531 4067 731 4138 gyrica
772 4067 1219 4137 Nicephorus
1263 4071 1291 4123 ὁ
1335 4070 1552 4140 Οὐρανός
1614 4069 1822 4133 dictus,

531 4138 806 4208 magister
852 4139 1191 4192 Antiochiae
1237 4143 1492 4209 tempore
1540 4140 1739 4193 Basilii
1771 4141 1823 4193 ΙΙ

532 4214 912 4280 (976ψ10251,
953 4210 1050 4264 sed
1084 4212 1256 4280 juxta
1297 4211 1441 4266 alios
1481 4211 1678 4265 floruit
1695 4212 1820 4281 jam

532 4297 637 4333 sec.
672 4281 788 4333 Vll.
841 4280 979 4334 Eam
1022 4281 1269 4352 reperies
1312 4281 1373 4336 in
1421 4282 1579 4336 Actis
1624 4282 1716 4336 SS.
1743 4284 1817 4336 ad

532 4350 681 4406 diem
712 4351 782 4409 V.
809 4352 937 4420 Maj.
969 4373 1023 4422 p.
1054 4359 1367 4412 307-401;
1399 4353 1641 4422 Migne
1670 4353 1729 4407 P.
1754 4353 1820 4408 G.

533 4423 829 4487 LXXXVI,
871 4429 919 4487 2,
963 4429 1316 4481 2987--3216
1358 4425 1450 4494 (cf.
1492 4425 1631 4479 ibid.
1673 4443 1821 4478 com-

532 4495 875 4548 mentarium
928 4494 961 4546 J
978 4512 1009 4547 a
1029 4515 1065 4549 n
1085 4495 1159 4549 ni
1178 4514 1213 4547 n
1229 4515 1267 4566 g
1283 4497 1322 4549 h
1340 4495 1359 4548 i
1409 4516 1466 4566 p.
1518 4503 1656 4552 2965
1709 4502 1817 4568 ss).

531 4564 884 4635 Biographia
905 4568 1105 4619 matris
1132 4567 1312 4620 nostri
1340 4566 1620 4621 Simeonis
1648 4567 1703 4619 M
1720 4585 1754 4620 a
1770 4585 1818 4620 r·

1883 976 2013 1018 esse
2031 957 2332 1016 recentius
2353 957 2617 1017 ostendit
2647 959 2696 1016 B
2713 958 2734 1017 i
2750 977 2791 1018 n
2805 960 2878 1016 te
2896 957 3035 1016 rim
3069 957 3165 1017 die

1882 1047 2147 1123 vorziigl.
2171 1046 2782 1124 Denkwiirdigkeiten
2813 1047 2919 1105 der
2937 1046 3166 1106 christL

1882 1137 2043 1195 kath.
2090 1136 2305 1197 Kirche
2350 1136 2417 1207 V,
2469 1145 2526 1207 3,
2576 1146 2943 1203 383—390.
3009 1135 3165 1194 Hinc

1882 1227 1944 1284 et
1972 1244 2158 1284 sermo
2191 1224 2263 1285 ad
2312 1243 2429 1296 e08,
2477 1226 2583 1301 qui
2617 1230 2992 1301 peccatorum
3025 1244 3164 1284 con-

1880 1314 2195 1374 fessionem
2240 1315 2398 1389 patri
2444 1332 2554 1373 suo
2602 1314 2906 1391 spirituali
2941 1314 3166 1373 edituri

1883 1407 2029 1462 sunt
2059 1422 2127 1462 ex
2162 1402 2270 1462 illo
2302 1403 2632 1475 derivatus,
2665 1404 2890 1481 pariter
2908 1422 3029 1463 non
3050 1403 3166 1463 erit

1883 1491 2094 1568 ipsius.
2173 1491 2338 1556 Card.
2403 1492 2621 1552 Pitra
2680 1496 2881 1552 tamen
2942 1493 3166 1568 reperit

1881 1582 2055 1658 eique
2089 1580 2350 1641 vindicat
2377 1578 2706 1641 doctrinam
2735 1582 3076 1641 monialium
3105 1584 3168 1641 et

1880 1688 2101 1746 poenas
2142 1688 2251 1747 pro
2283 1670 2543 1747 singulis
2575 1670 2830 1747 peccatis
2863 1688 3001 1730 cum
3031 1671 3163 1746 qui-

1879 1760 2133 1820 busdam
2167 1758 2299 1819 aliis
2332 1760 2403 1817 ad
2434 1759 2865 1835 poenitentiam
2896 1762 3158 1834 spectan-

1882 1849 2047 1908 tibus
2081 1848 2282 1924 Spicil.
2316 1849 2546 1911 solesm.
2579 1849 2818 1908 Parisiis
2850 1857 3032 1912 1858.
3060 1848 3161 1917 IV,

1883 1945 2251 2007 416-444,
2304 1943 2367 1996 et
2413 1936 2582 1997 Juris
2626 1938 2764 1999 eccl.
2811 1938 3163 1997 Graecorum

1881 2027 2135 2087 historia
2183 2030 2245 2086 et
2292 2026 2661 2097 documenta,
2713 2027 2928 2087 Romae
2984 2034 3165 2090 1868.

1887 2117 1961 2191 11,
2021 2123 2388 2178 222—237.
2452 2106 2654 2176 Sermo
2704 2118 2774 2175 de
2811 2117 3169 2189 poenitentia

1884 2212 1934 2263 et
1951 2207 2298 2264 continentia
2317 2211 2368 2262 et
2387 2207 2714 2281 virqinitate
2729 2205 2890 2281 apud
2912 2205 2970 2264 M
2986 2205 3008 2263 i
3024 2225 3063 2283 g
3078 2224 3121 2265 n
3138 2224 3169 2263 e

1882 2295 1993 2354 l.c.
2016 2314 2068 2369 p.
2101 2303 2552 2362 1937-1978,
2588 2294 2767 2355 etiam
2798 2294 2910 2353 sub
2945 2295 3169 2369 Chry-

1886 2403 1913 2442 s
1932 2382 2218 2442 ostomi
2277 2382 2515 2443 nomine
2566 2385 2884 2460 comparet.
2969 2383 3169 2442 Vitam

1882 2472 2070 2548 ipsius
2115 2473 2379 2547 narratl)
2422 2473 2809 2533 Photinus
2853 2473 3171 2548 presbyter

1885 2563 2008 2634 GP„
2067 2562 2239 2638 cujus
2288 2560 2619 2637 fragmenta
2668 2560 3052 2638 reperiuntur
3101 2561 3163 2621 in

1885 2651 2033 2710 actis
2085 2650 2298 2727 synodi
2347 2650 2475 2710 VII.
2526 2651 2768 2710 Mansi
2815 2652 2942 2711 coll.
3002 2670 3166 2712 conc.

1884 2741 2042 2811 XIII,
2078 2748 2356 2804 80—85.
2391 2772 2478 2784 -—-
2510 2742 2604 2799 Ab
2635 2759 2704 2799 eo
2736 2740 3034 2817 distingui
3063 2741 3167 2800 de-

1884 2830 1988 2888 bet
2018 2829 2053 2888 J
2069 2847 2335 2888 oannes
2363 2829 2428 2888 in
2456 2829 2673 2906 oppido
2705 2829 2962 2889 Serenne
2980 2848 3168 2907 prope

1889 2917 2260 2977 Antiochiam
2291 2929 2491 2989 natus,
2534 2919 2853 2978 advocatus
2885 2919 3166 2994 primum,

1887 3007 2023 3065 hinc
2056 3006 2451 3066 Scholasticus
2482 3007 2699 3079 dictus,
2749 3006 2855 3083 qui
2893 3007 3169 3067 intrusus

1887 3097 2004 3154 fuit
2034 3115 2069 3154 a
2098 3096 2136 3153 J
2141 3096 2442 3156 ustiniano
2488 3097 2629 3172 imp.
2674 3096 2737 3155 in
2783 3096 2984 3156 sedem
3029 3114 3168 3156 con-

1888 3184 2482 3259 stantinopolitanam
2530 3205 2637 3261 pro
2688 3185 2980 3261 Eutychio
3040 3186 3168 3262 epi-

1887 3291 2064 3350 scopo
2094 3274 2381 3351 legitimo,
2427 3275 2571 3350 quia
2601 3275 2874 3334 noluerat
2903 3275 3034 3350 ejus
3066 3277 3168 3333 de-

1885 3365 2046 3422 creta
2089 3381 2194 3438 pro
2240 3382 2435 3422 errore
2481 3365 2552 3423 de
2598 3362 3167 3440 incorruptibilitate

1884 3452 2146 3529 corporis
2195 3452 2410 3512 Christi
2472 3457 2610 3512 ante
2671 3455 3164 3513 resurrectionem

1885 3541 2210 3617 approbare
2243 3536 2303 3622 (†
2340 3541 2513 3623 577).
2573 3542 2965 3602 Collectionem
2996 3543 3164 3600 ador·

1883 3631 2051 3689 navit
2108 3649 2392 3689 canonum
2454 3631 2908 3706 apostolicorum
2926 3675 2939 3700 ,
3002 3649 3163 3693 conc.

1881 3719 2132 3792 nicaeni,
2155 3720 2452 3795 ancyrani,
2492 3720 3006 3788 neocaesariensis,
3041 3738 3165 3779 sar-

1880 3809 2154 3878 dicensis,
2201 3810 2570 3886 gangrensiS,
2617 3809 2923 3878 laodiceni,
2971 3809 3076 3868 GP.
3117 3810 3162 3878 I,

1879 3897 2165 3973 ephesini,
2200 3899 2679 3959 chalcedonensis
2731 3902 2793 3957 et
2844 3908 2955 3970 68,
3016 3916 3167 3973 quos

1879 3987 2137 4046 extraxit
2179 4006 2248 4045 ex
2294 3986 2566 4063 epistolis
2613 3988 2910 4048 canonicis
2957 4007 3001 4046 s·
3049 3988 3164 4046 Ba-

1958 4214 1991 4281 ι)
2022 4209 2105 4266 Cf.
2153 4209 2709 4265 Bardenhewer
2757 4220 2786 4278 ς
2841 4215 2940 4267 106
2993 4229 3047 4261 n.
3097 4217 3163 4266 2:

1878 4280 2221 4335 Ehrhard
2272 4283 2427 4352 apud
2492 4281 3006 4336 Krumbacher
3069 4298 3165 4351 op.

1876 4352 1970 4408 cit.
2000 4372 2054 4422 p.
2082 4361 2210 4412 144:
2260 4353 2309 4405 K
2328 4360 2413 4408 ιιὸ
2431 4373 2467 4424 p
2485 4353 2590 4408 fle
2609 4372 2636 4406 r
2676 4353 2786 4406 KL.
2829 4353 2922 4418 VI,
2954 4357 3164 4410 1662--

1880 4430 2033 4481 1664.
2087 4424 2167 4477 De
2197 4424 2413 4480 famosa.
2458 4424 2845 4480 controversia
2871 4442 3000 4479 cum
3029 4424 3165 4477 Gre-

1874 4495 2037 4565 gorio
2067 4495 2140 4549 M.
2167 4497 2241 4550 ob
2271 4495 2506 4550 titulum
2523 4497 2887 4567 patriarchae
2906 4511 3164 4551 oecume-

1876 4566 1990 4620 nici
2017 4566 2128 4621 sibi
2168 4567 2340 4622 nimis
2380 4567 2678 4622 ambitiose
2719 4569 3062 4637 usurpatum
3088 4566 3162 4619 cf.

532 4636 705 4689 thae
734 4641 780 4706 (†
811 4641 932 4707 551)
977 4637 1222 4708 reperies
1268 4638 1441 4692 etiam
1487 4639 1548 4691 in
1576 4641 1701 4693 Act.
1729 4640 1817 4693 SS.
1874 4639 1921 4692 G
1940 4638 2140 4692 risar
2164 4637 2435 4695 Zeitschr.
2465 4640 2502 4691 f.
2531 4640 2588 4693 k.
2616 4639 2812 4694 Theol.
2840 4637 3162 4692 Innsbruck

534 4708 569 4759 l.
597 4723 642 4758 c.
672 4726 724 4775 p.
754 4714 1054 4763 «ios—431.

1879 4717 2030 4765 1880.
2061 4711 2172 4773 IV„
2200 4717 2502 4767 468—523.
