3505 5161
377 214 455 269 91
469 215 503 267 3
692 240 697 245 ,
1271 194 1312 248 F
1315 194 1636 260 lodoardus‚
1665 195 1941 249 Richerus
1967 212 2085 249 rem
2099 234 2118 247 .
2429 216 2432 217 ⁷
2872 218 2906 268 9
2922 218 2944 269 1
2959 216 2996 268 4

378 382 933 459 Romamprofectus
946 383 1059 442 sub
1080 402 1128 446 a.
1147 392 1270 446 536
1287 383 1520 442 aLeone
1533 382 1658 441 VII.
1712 383 2038 458 chronicon,
2106 380 2305 440 Reims
2366 391 2549 453 1855,
2615 383 2773 442 inter
2822 402 3000 461 opera

374 471 798 548 perhonorifice
833 472 953 531 fuit
969 474 1271 547 exceptae,
1303 492 1338 531 a
1357 489 1477 547 quo
1496 489 1657 548 pres·
1712 471 2029 530 Flodoardi
2059 475 2102 529 t.
2125 471 2211 529 111
2240 471 2424 530 latine
2444 474 2506 531 et
2524 472 2749 549 gallice.
2771 506 2855 516 --
2881 474 2993 532 Sed

375 562 690 638 byteratus
723 561 991 621 ordinem
1011 562 1251 637 accepit.
1302 562 1543 620 Electus
1576 561 1658 619 le·
1714 560 2100 637 praecipuum
2121 560 2387 636 ejusdem
2407 579 2558 636 opus
2577 564 2672 620 est
2689 562 2995 622 Historia-

376 652 546 728 gitnr
594 651 904 726 episcopus
955 650 1357 710 noviomensis
1408 647 1490 732 (N
1495 646 1658 731 olon)
1713 669 1851 708 rum
1882 650 2144 709 ecclesiae
2174 652 2453 708 remensis
2483 651 2542 708 ll.
2566 649 2606 708 I
2615 650 2759 709 Vad
2778 670 2827 715 a.
2853 660 2997 722 948,

375 743 440 798 et
468 740 856 810 tornacensiS,
904 740 1007 799 sed
1038 740 1351 799 Fulcherio
1384 758 1492 799 seu
1523 740 1658 798 Fol-
1714 738 1806 796 ed.
1838 759 1872 797 a
1907 739 2007 797 Ge.
2061 738 2525 798 Oolvenerio
2588 738 2769 798 Duaci
2830 750 2993 803 1617

375 829 532 888 cario
563 827 768 887 cedere
788 833 1025 889 coactus
1058 831 1152 888 est
1168 824 1230 911 ¹).
1279 828 1469 897 Quare
1501 828 1659 887 ordi·
1715 828 1776 885 in
1802 836 1871 898 83
1907 827 2064 904 apud
2098 827 2355 905 Migne
2387 848 2444 904 p.
2469 837 2814 892 327—406
2850 832 2912 888 et
2935 830 3000 887 in

378 936 515 977 nem
561 936 607 977 s.
653 919 798 979 Ben.
854 921 947 978 est
989 919 1299 995 ingressus
1347 919 1659 992 factusque
1714 917 1804 978 ed.
1838 935 1970 993 opp.
2002 935 2145 975 cura
2174 917 2643 977 Baudeville
2687 937 2824 978 mox
2870 920 2999 977 lau·

376 1007 558 1066 abbas
577 1008 939 1078 monasterii,
976 1008 1145 1083 cujus
1166 1026 1380 1065 nomen
1413 1026 1532 1065 non
1566 1025 1658 1065 sa·
1715 1005 1855 1064 data
1868 1001 1934 1088 ¹).
1985 1006 2252 1065 Pretiosa
2283 1009 2430 1065 sunt
2459 1007 2773 1065 Flodoardi
2805 1026 2997 1084 opera,

374 1098 456 1156 tis
485 1096 770 1158 innotuit.
835 1098 1008 1156 Anno
1044 1105 1169 1159 963
1204 1099 1265 1154 et
1294 1098 1432 1155 huic
1462 1096 1660 1173 digni-
1714 1094 2062 1170 praesertim
2096 1096 2235 1155 haec
2281 1095 2400 1155 duo
2446 1096 2779 1171 posteriora
2821 1101 2884 1156 et
2926 1096 3000 1155 ab

375 1185 489 1245 tati
522 1186 898 1244 renunciavit
942 1186 1315 1260 decessitque
1351 1195 1454 1249 28.
1488 1187 1658 1244 Mart.
1715 1183 2169 1260 historigraphis
2220 1185 2421 1261 magni
2469 1183 2623 1242 fiunt
2684 1185 2758 1244 ob
2820 1186 3000 1245 docu-

386 1285 531 1345 966,
566 1275 716 1344 ,vin
750 1279 822 1333 ut
851 1275 1108 1351 legimus
1127 1276 1192 1333 in
1212 1274 1659 1334 continuatione
1714 1275 2052 1332 mentorum
2100 1273 2580 1333 authenticorum
2642 1278 2704 1332 et
2757 1275 2999 1333 notitia-

376 1364 473 1424 sui
506 1363 787 1435 chronici,
830 1363 988 1423 vitae
1017 1364 1375 1424 venerabilis
1409 1408 1422 1421 .
1456 1408 1469 1422 .
1504 1408 1518 1422 .
1551 1364 1657 1422 ho·
1714 1381 1849 1421 rum
1882 1363 2126 1439 copiam.
2173 1362 2248 1421 ob
2293 1363 2650 1421 narrationis
2695 1364 2999 1422 sincerita-

376 1471 521 1511 nore
553 1452 888 1511 sanctitatis
935 1454 1319 1524 veneranduS,
1366 1453 1658 1512 castitatis
1713 1456 1838 1510 tem
1899 1455 1959 1509 et
2034 1451 2425 1529 diligentiam.
2506 1451 2739 1526 Scripta
2798 1456 3001 1510 autem

381 1541 691 1618 splendore
715 1542 1036 1618 angelicuS,
1069 1542 1302 1619 fulgore
1334 1542 1660 1617 sapientiae
1716 1543 1861 1599 sunt
1891 1540 2032 1600 stilo
2063 1541 2319 1616 simplici
2349 1548 2410 1600 et
2440 1541 2793 1616 plerumque
2826 1542 2998 1610 clare,

374 1628 628 1689 coelicus
639 1630 1658 1707 ceterarumquevirtutuminsigni·
1716 1628 1970 1688 subinde
2004 1629 2079 1688 ob
2110 1631 2316 1706 longas
2347 1629 2620 1705 periodos
2652 1629 2909 1704 implexo
2940 1632 3001 1688 et

377 1719 492 1778 bus
537 1718 910 1778 abundanter
954 1720 1270 1796 oppletus‘
1320 1723 1430 1779 etc.
1506 1720 1660 1778 Haec
1715 1718 1794 1775 ob
1843 1737 2014 1777 voces
2060 1736 2221 1777 nunc
2279 1737 2401 1777 non
2445 1718 2702 1793 amplius
2747 1719 3000 1777 usitatas

376 1807 642 1882 ejusdem
692 1825 898 1882 opera:
950 1809 1040 1867 De
1082 1810 1394 1884 triumphis
1443 1808 1661 1867 Christi
1715 1807 1983 1867 obscure.

379 1899 836 1973 sanctorumque
898 1898 1263 1957 Palaestinae
1325 1899 1388 1961 ll.
1454 1907 1522 1968 33
1592 1899 1661 1955 de

375 1987 695 2058 triumphis
713 1985 933 2045 Christi
947 1988 1295 2046 Antiochiae
1311 1987 1499 2063 gestis
1515 1987 1658 2057 11.2;
1829 1996 1974 2049 503.
2022 1985 2333 2044 Flodoardi
2392 1985 2512 2044 fere
2561 1986 2825 2061 aequalis
2875 1989 3002 2044 erat

376 2076 449 2133 de
496 2074 712 2133 Christi
754 2077 1068 2151 triumphis
1111 2075 1270 2152 apud
1315 2075 1551 2134 Italiam
1598 2077 1659 2135 ll.
1717 2074 2101 2133 Richerus
2147 2074 2470 2133 monachus
2519 2075 2584 2135 O.
2619 2073 2675 2133 S.
2707 2075 2850 2132 Ben.
2897 2094 3001 2151 pa-

380 2164 529 2234 XIV,
564 2164 628 2222 in
660 2164 879 2239 quibus
898 2165 1142 2224 metrice
1163 2161 1463 2246 (versibus
1483 2165 1658 2223 hexa-
1714 2164 1863 2222 riter
1894 2163 2202 2233 remensis,
2238 2163 2484 2222 celebris
2518 2163 2788 2222 Gerberti
2821 2162 3001 2222 disci-

378 2248 609 2334 metris)
654 2272 799 2316 rom.
848 2254 1200 2330 pontificum
1257 2256 1424 2331 gesta
1468 2272 1660 2329 usque
1717 2253 1917 2329 pulus,
1968 2254 2139 2328 cujus
2173 2253 2419 2311 hortatu
2458 2255 2711 2311 exeunte
2757 2253 2865 2311 hoc
2910 2271 3002 2311 se-

379 2341 454 2400 ad
484 2361 534 2405 a.
569 2352 692 2405 935
729 2342 1033 2413 describit,
1080 2361 1313 2402 necnon
1344 2345 1404 2401 et
1435 2346 1658 2419 marty-
1717 2343 1851 2400 culo
1885 2341 2223 2417 ‚pulchrum
2247 2344 2309 2400 et
2327 2341 2812 2417 compendiosum
2832 2349 3000 2416 opus‘

378 2450 512 2490 rum
544 2434 1024 2507 sanctorumque,
1057 2451 1260 2491 eorum
1291 2433 1657 2508 praesertim,
1716 2449 2038 2508 aggressus
2071 2434 2180 2500 est,
2214 2430 2342 2489 scil.
2376 2430 2780 2489 Historiarum
2812 2430 2998 2506 ILIV,

379 2520 484 2597 qui
520 2520 759 2595 speciali
790 2522 1018 2582 ratione
1051 2541 1184 2582 cum
1217 2521 1479 2580 romanis
1512 2539 1658 2598 pon-
1720 2516 2150 2601 (884-995),
2204 2519 2425 2597 quibus
2476 2519 2857 2597 prosequitur
2903 2538 3000 2579 res

381 2610 644 2668 tificibus
677 2614 849 2668 erant
878 2611 1199 2688 conjuncti.
1262 2613 1474 2671 Totum
1510 2628 1659 2686 opus
1717 2610 1957 2668 Galliae.
2008 2610 2170 2685 Opus
2191 2610 2296 2668 diu
2315 2609 2676 2686 neglectum,
2710 2610 2870 2685 quod
2897 2609 3000 2668 de-

378 2698 602 2774 prodiit
632 2699 695 2757 in
726 2699 979 2776 Migne
1011 2701 1073 2760 P.
1105 2700 1170 2762 L.
1199 2700 1466 2770 CXXXV,
1505 2711 1660 2763 491·
1716 2718 1879 2757 mum
1914 2699 2133 2757 Pertz
2177 2699 2326 2758 mira
2372 2698 2725 2757 dexteritate
2771 2717 2842 2756 ex
2875 2699 2999 2760 cod.

386 2797 543 2858 8863
586 2787 921 2863 fragmenta
964 2789 1145 2865 hujus
1188 2790 1400 2848 tertiae
1434 2809 1490 2864 p.
1524 2808 1657 2865 pas·
1715 2791 1788 2846 ut
1817 2787 2057 2847 videtur
2075 2787 2353 2865 originali
2385 2787 2505 2845 luci
2536 2787 2804 2862 publicae
2835 2786 3002 2845 dedit

377 2878 488 2936 sim
535 2895 642 2951 pro
686 2878 1136 2952 opportunitate
1181 2878 1339 2954 apud
1379 2878 1435 2934 M
1455 2898 1488 2936 a
1507 2879 1658 2936 bil·
1716 2877 1781 2934 in
1801 2877 1927 2935 ΜΘ.
1950 2875 2168 2948 SS.III,
2197 2885 2486 2939 561-694
2510 2874 2671 2953 (cu'm
2691 2871 3000 2956 append.);

376 2967 521 3036 lon,
555 2965 952 3036 Muratori,
988 2968 1365 3042 Bouquet,
1399 2967 1463 3025 in
1493 2967 1659 3025 Actis
1717 2967 1876 3023 inter
1908 2965 2109 3040 script.
2140 2984 2254 3027 rer.
2277 2966 2469 3023 Germ.
2505 2965 2570 3022 in
2601 2982 2778 3023 usum
2801 2965 3000 3035 schol„

379 3055 478 3117 SS.
508 3058 617 3114 etc.
649 3088 735 3097 —
769 3057 1035 3115 Annales
1080 3075 1186 3114 seu
1218 3056 1542 3114 Chronicon
1587 3055 1660 3114 ab
1716 3055 2105 3113 Hannoverae
2162 3063 2357 3120 184Ο;
2417 3062 2581 3116 1877
2635 3055 2727 3117 ed.
2780 3063 2834 3115 2.
2880 3072 3001 3113 cur.

374 3162 429 3205 a.
465 3153 834 3213 919-966,
885 3161 1036 3220 opus
1082 3145 1157 3203 ob
1203 3145 1554 3204 notitiarum
1588 3145 1660 3202 de

378 3232 758 3308 Lotharingia
819 3235 880 3290 et
949 3234 1275 3311 generatim
1340 3234 1410 3292 de
1473 3233 1663 3291 Gallia
1796 3263 1832 3330 1)
1862 3258 1945 3313 Cf·
1992 3259 2354 3312 potthast
2402 3276 2457 3328 p·
2511 3265 2644 3317 449:
2698 3258 3004 3312 sbreber

379 3322 629 3397 copiam,
683 3323 1117 3381 accurationem
1166 3322 1658 3400 chronologicam,
1716 3330 1830 3383 KL.
1847 3331 1942 3392 IV,
1965 3334 2116 3389 1557;
2145 3330 2290 3386 Hist.
2317 3329 2404 3382 lit.
2431 3331 2500 3383 de
2527 3329 2616 3383 Fr.
2638 3329 2733 3394 VI,
2754 3334 3003 3387 313-329:

377 3410 909 3469 laudabilissimam
931 3412 1309 3470 veracitatem
1328 3414 1508 3486 atque
1537 3412 1661 3469 sin·
1717 3402 1763 3454 Ε
1784 3404 1949 3456 berb
1977 3401 2071 3464 111
2091 3404 2400 3459 354—357·
2427 3406 2726 3458 409—414
2757 3401 3007 3455 Inseruit

376 3499 681 3558 ceritatem
713 3499 1043 3574 plurimum
1090 3500 1488 3569 aestimatum,
1536 3500 1661 3557 edi
1718 3488 1853 3526 suae
1870 3443 2144 3527 historiae
2164 3472 2254 3535 lV,
2275 3479 2342 3528 35
2371 3471 2679 3542 pretiosam
2701 3471 3004 3553 epistolam

1719 3546 1768 3597 A
1783 3561 1813 3597 r
1828 3546 1854 3597 t
1867 3544 1937 3596 al
1955 3544 2029 3596 di
2058 3543 2322 3625 (Artaud)
2351 3542 2766 3624 archiepiscopi
2786 3559 3001 3597 remen-

377 3591 511 3646 fum
543 3587 806 3688 1³15me}
852 3608 885 3645 ²²
916 3589 962 3645 P
977 3588 1243 3647 ith⁰00
1278 3590 1427 3646 Ann-
1460 3588 1661 3664 script·
1717 3614 1794 3669 sis
1822 3618 1945 3683 (93.
1925 3618 2164 3686 ‘‚—961)
2205 3614 2266 3668 in
2309 3632 2424 3682 qua
2463 3613 2594 3670 stilo
2635 3616 2785 3670 claro
2812 3618 2871 3667 et
2895 3615 3006 3668 sin-

379 3681 564 3736 coaet.
586 3677 830 3734 Parisiis
863 3686 1045 3740 1588.
1068 3677 1195 3746 ΧΠ,
1227 3686 1376 3747 14’7;
1410 3677 1662 3734 Franco·
1720 3702 1846 3740 cero
1874 3689 2071 3740 narrat
2096 3689 2252 3757 gesti
2282 3690 2341 3738 et
2367 3688 2563 3740 turbas
2590 3689 2788 3740 contra
2813 3685 3005 3755 ipsum

381 3765 529 3824 furti
569 3774 732 3828 1594
765 3784 822 3840 p,
861 3775 1115 3828 109—2
1133 3777 1152 3827 1
1171 3776 1239 3836 33
1290 3765 1662 3825 emendatius
1720 3757 2022 3810 suscitatas
2047 3759 2122 3810 ab
2148 3758 2271 3826 ejus
2295 3758 2517 3812 aemulo
2553 3759 2612 3811 et
2635 3758 3005 3828 competitore

1720 3828 1966 3898 Hugone
1993 3829 2198 3882 comite
2224 3828 2544 3898 parisiensi.
2598 3829 2880 3910 Inscripta.
2923 3832 3009 3882 est

380 3875 417 3913 a
464 3854 869 3913 Dnchesne
917 3853 1070 3916 Hist.
1108 3855 1311 3912 Franc.
1345 3855 1556 3930 Script.
1588 3856 1662 3924 ΙΙ,
1719 3899 1944 3952 Manno
1996 3899 2186 3970 legato
2236 3899 2550 3968 pontificio
2604 3899 2707 3967 qui
2752 3899 3008 3970 praefust

389 3953 542 4007 590·
552 3952 711 4013 6233
754 3943 976 4018 optlme
1001 3943 1260 4001 apertz
1293 3943 1663 4014 MG.SS.111‚
1720 3970 1938 4039 synodo
1969 3969 2409 4040 ingelheimensi
2436 3974 2598 4041 (948),
2625 3970 2688 4024 in
2714 3987 2829 4038 qua
2849 3971 3008 4024 sedes

387 4040 767 4101 368—4083
818 4031 957 4090 inde
1006 4032 1071 4090 in
1121 4032 1369 4108 Migne
1419 4037 1461 4091 t.
1512 4051 1559 4094 c.
1609 4053 1667 4108 p.
1720 4041 2052 4123 adjudicata
2080 4041 2234 4095 fuit‘
2218 4041 2332 4111 ipsi
2359 4041 2615 4095 Artald0.
2667 4042 2855 4095 Habes
2882 4057 3006 4094 eam

386 4130 765 4190 417—4903
829 4121 1296 4180 Baudeville
1345 4121 1668 4180 Flodoardi
1721 4114 1898 4168 etiam
1943 4112 2005 4167 111
2049 4113 2199 4183 Μ18*
2215 4128 2298 4166 ne
2345 4112 2639 4176 CXXXIII
2691 4115 3005 4171 957-·963·

1722 4184 1966 4238 Labbe
1994 4184 2123 4238 coll.
2151 4201 2307 4239 conc.
2333 4185 2428 4248 IX,
2456 4186 2627 4240 627-
2634 4189 2735 4240 631
2764 4187 2870 4236 etc.
2922 4181 3006 4237 Cf.

1723 4256 1872 4312 Hist.
1897 4255 1985 4314 lit
2007 4255 2103 4320 VI,
2131 4261 2299 4312 295—
2308 4261 2429 4312 300.
2457 4254 2720 4309 Ceterum
2739 4254 2812 4307 ad
2834 4253 3008 4308 histo·

465 4323 652 4390 ¹Qua
691 4326 836 4380 forte
877 4326 1170 4381 occasione
1197 4327 1251 4381 S.
1279 4328 1328 4380 A
1345 4327 1383 4380 d
1400 4345 1428 4381 e
1446 4327 1625 4397 lagu
1642 4346 1667 4381 s
1724 4329 1869 4382 riam
1894 4342 2203 4381 remensem
2243 4325 2444 4380 referri
2470 4328 2661 4396 potest
2685 4328 2743 4380 et
2767 4325 3009 4396 epistola

382 4397 457 4466 (A
499 4396 756 4468 eldagus)
831 4397 1296 4468 archiepiscopus
1359 4399 1669 4453 bremensis
1723 4398 1997 4453 Leonis
2036 4399 2127 4453 ab.
2155 4397 2375 4453 romani
2415 4399 2475 4451 et
2498 4397 2677 4466 legati
2704 4396 3010 4467 apostolici

386 4469 711 4549 (936-988)
729 4469 1029 4539 pulchram
1049 4469 1208 4523 misit
1221 4469 1524 4538 epistolam
1542 4486 1669 4524 con·
1725 4471 1802 4542 (fl.
1830 4472 1954 4542 991)
1980 4470 2055 4522 ad
2082 4469 2175 4523 Hu
2179 4485 2386 4540 gonem
2413 4471 2472 4524 et
2490 4468 2801 4523 Robertum
2829 4483 3009 4538 reges,

385 4537 714 4592 solator-iam
767 4542 826 4593 et
867 4540 1331 4604 exhortatoriam,
1383 4558 1498 4608 qua
1537 4557 1668 4596 eum
1726 4558 1874 4610 quae
1901 4541 2136 4622 respicit
2159 4489 2471 4595 Agr-nulfum
2499 4542 2555 4594 et
2579 4539 2889 4594 Gebertum
2925 4554 3008 4592 ar-

386 4612 598 4672 monet,
643 4611 712 4663 ut
749 4610 1119 4681 perfectionis
1161 4611 1323 4665 ineat
1365 4611 1535 4666 viam.
1587 4613 1668 4666 Ea
1724 4611 2013 4681 chiepisco
2058 4630 2120 4666 os
2179 4628 2494 4674 remenses,
2557 4611 2714 4681 apud
2790 4610 2833 4664 P
2850 4613 3008 4664 ertz

386 4680 695 4804 praemissa
740 4684 826 4736 est
874 4697 925 4751 ε]
932 4700 999 4736 us
1042 4683 1316 4737 historiae
1341 4683 1587 4738 remensi
1613 4687 1672 4738 et
1724 4631 2408 4744 MG.SS.11¹1³1686-690;
2436 4654 2525 4736 Μ
2511 4700 2530 4735 ι
2546 4703 2584 4754 g
2600 4702 2636 4736 n
2656 4699 2685 4736 e
2714 4681 3009 4747 CXXXLX,

413 4750 606 4822 egitur
629 4771 692 4808 ln
718 4752 809 4805 Μ·
790 4771 814 4805 ι
830 4772 868 4823 g
885 4770 923 4806 n
940 4769 970 4806 e
998 4752 1269 4819 CXXXV,
1299 4763 1382 4812 14.
1729 4757 1834 4812 337
1851 4762 2031 4811 -344.
