3505 5161
1115 196 1415 246 401-431,
1441 189 1495 243 S.
1522 185 1840 258 Augustini
1865 191 2063 241 contra
2088 186 2434 251 Donatistae,

465 214 593 269 283
2958 207 3081 264 284

462 382 546 441 tis
596 380 831 439 habitae
849 378 890 456 ¹)
942 377 1293 454 Carthagine
1357 396 1410 439 a.
1461 384 1577 438 411
1640 368 1743 455 (ib.
1801 374 1995 433 tianae
2045 374 2443 434 defensionem
2494 378 2690 435 totum
2744 377 3082 449 provocavit

464 490 522 546 p.
558 467 963 546 613—651);
1016 467 1051 524 1.
1102 467 1179 524 ad
1226 466 1565 524 Donati-stas
1609 468 1746 539 post
1801 464 2130 541 Augustini
2162 464 2427 524 animum
2462 468 2643 541 atque
2674 466 2884 525 zelum.
2944 466 3083 526 Fuit

462 560 835 619 collationem
883 553 1017 638 (scr.
1048 576 1099 614 a.
1132 565 1277 625 412,
1324 554 1405 616 ib.
1435 572 1490 629 p.
1526 563 1745 616 651—
1801 553 1943 611 haec
1962 554 2221 613 haeresis
2253 554 2687 631 pelagiana,
2723 573 2874 630 quae
2905 558 3081 614 natu-

466 642 651 730 689):
688 648 753 705 in
773 650 1032 723 utroque
1051 663 1191 704 vero
1220 644 1441 702 invicte
1462 641 1742 711 ostendit,
1800 642 2028 700 ralismi
2075 646 2137 701 et
2181 643 2573 702 rationalismi
2620 662 2985 720 praecursor,
3018 645 3081 703 in

462 757 646 814 quam
706 736 942 810 ineptae
1003 733 1232 793 fuerint
1293 731 1742 791 Donatistarum
1802 731 2007 806 primis
2083 735 2391 807 peccatum
2468 733 2712 810 negavit
2773 733 3080 810 originale,

460 825 987 903 tergiversationes
1021 826 1082 882 et
1131 823 1396 881 infirmae
1427 838 1743 897 argumen-
1800 820 2025 895 gratiae
2056 823 2177 880 tam
2201 821 2611 880 necessitatem
2646 841 2822 898 quam
2854 824 3081 900 gratui-

462 916 740 985 tationeS‚
804 931 1023 989 eosque
1072 931 1275 971 revera
1324 910 1476 969 nihil
1529 908 1743 967 habere
1797 914 2004 980 tatem,
2069 912 2151 969 et·
2188 910 2531 970 adulatione
2591 917 2842 975 naturae
2902 912 3082 987 hujus

463 1004 623 1080 quod
656 1003 729 1061 ad
762 1021 937 1063 suum
983 1000 1238 1060 schisma
1280 999 1573 1060 tuendum
1603 1016 1741 1073 pro·
1800 998 2085 1057 virtutem
2107 1002 2168 1057 et
2187 998 2453 1076 vigorem
2476 1000 2928 1077 depraedicavit.
2950 1001 3081 1060 Huc

462 1093 617 1152 ferre
648 1092 899 1167 possint.
931 1124 1019 1133 --
1052 1090 1250 1149 Sermo
1295 1090 1374 1148 ad
1417 1106 1744 1146 caesareen-
1800 1091 2071 1162 spectant
2086 1107 2281 1164 opera:
2296 1088 2461 1149 Libri
2473 1092 3017 1165 quatuordeam‘ma
3032 1097 3083 1149 et

465 1185 546 1240 sis
605 1183 861 1241 ecclesiae
902 1180 1142 1256 plebem,
1206 1176 1291 1259 (p.
1346 1172 1740 1257 689-697),
1801 1178 1922 1251 ejus
1954 1179 2175 1255 oriyine
2206 1172 2280 1260 (c.
2314 1198 2364 1236 a.
2401 1174 2557 1260 419)
2590 1179 2663 1237 ad
2685 1179 2849 1238 Vinc.
2882 1179 3080 1239 Victo-

464 1271 726 1330 Emerito
787 1269 1232 1329 Donatistarum
1310 1267 1584 1343 episcopo
1645 1283 1744 1323 eo·
1798 1285 1924 1324 rem
1950 1268 2231 1340 juvenem
2253 1285 2286 1325 e
2308 1267 2754 1327 Donatistarum
2775 1269 2984 1328 castris
3005 1268 3079 1327 ad

464 1379 597 1418 rum
644 1360 708 1417 in
754 1358 1066 1417 collatione
1111 1356 1551 1433 carthaginensi
1596 1354 1744 1413 duce
1799 1354 2119 1414 Ecclesiam
2180 1374 2505 1428 reversum,
2559 1357 2663 1432 qui
2711 1358 3080 1417 Manichaeo-

464 1455 793 1526 praesente‚
849 1465 968 1524 quo
1017 1464 1153 1504 cum
1215 1463 1484 1505 sermone
1532 1444 1743 1502 intime
1799 1463 1951 1515 rum,
2006 1444 2478 1521 origenistarum
2525 1449 2587 1505 et
2630 1446 3080 1524 Pelagianorum

461 1540 738 1597 cohaeret
757 1539 793 1594 l.
810 1538 878 1595 de
895 1537 1207 1614 qestiscum
1226 1535 1480 1592 Emerito
1498 1528 1743 1615 (p.697·
1799 1551 2026 1592 errores
2056 1534 2301 1592 miscuit
2333 1535 2449 1613 (Mi
2465 1554 2609 1612 gne
2642 1534 2837 1604 XLIV,
2865 1546 3081 1599 475-

468 1623 642 1709 707).
677 1660 763 1668 —
783 1626 950 1685 Libri
981 1626 1098 1684 duo
1129 1632 1329 1682 contra
1353 1624 1743 1681 Gaudentium
1805 1631 1976 1702 549).
2007 1656 2095 1667 -—·
2128 1624 2213 1681 De
2256 1631 2621 1698 peccatorum
2652 1627 2874 1683 meritis
2904 1633 2955 1683 et
2984 1644 3077 1683 re-

464 1713 548 1798 (p.
586 1728 617 1779 7
629 1710 982 1795 07—753)‚
1028 1714 1251 1789 pariter
1298 1712 1742 1770 Donatistarum
1801 1713 2065 1770 missione
2096 1711 2156 1773 ll.
2187 1714 2310 1771 tres
2343 1714 2438 1771 vel
2470 1713 2649 1773 etiam
2700 1715 2769 1772 de
2800 1715 3081 1788 baptismo

462 1806 813 1882 episcopum
841 1806 903 1862 et
917 1804 980 1861 in
999 1803 1105 1861 illa
1126 1802 1440 1861 collatione
1459 1801 1669 1859 ducem
1680 1800 1743 1876 2).
1789 1801 2179 1873 parvulorum
2204 1797 2310 1881 (ib.
2324 1822 2381 1876 p.
2408 1813 2428 1864 1
2448 1800 2797 1884 00-199),
2820 1802 3078 1879 primum

464 1896 537 1953 In
568 1895 845 1953 omnibus
878 1892 1038 1951 hisce
1070 1891 1348 1967 operibus
1380 1891 1617 1949 elucent
1634 1907 1742 1947 no·

463 1983 796 2042 bilissimus
848 2000 891 2040 s.
936 1980 1267 2058 Augustini
1316 1978 1568 2049 animus,
1620 1997 1742 2036 ma-

459 2078 635 2131 terna
666 2071 930 2129 caritatis
961 2070 1203 2141 viscera,
1236 2069 1456 2144 quibus
1490 2068 1741 2126 salutem

462 2161 621 2221 zelat
652 2162 745 2220 tot
775 2159 1039 2218 fidelium
1072 2158 1384 2216 fraudibus
1404 2156 1743 2216 Donatista-

464 2270 597 2309 rum
630 2249 1030 2316 seductorum,
1077 2246 1533 2306 ardentissimus
1564 2246 1743 2304 eccle-

466 2339 738 2398 siasticae
782 2337 942 2412 pacis
988 2355 1165 2407 amor,
1220 2335 1498 2395 sublimis
1530 2335 1601 2392 de
1633 2335 1743 2392 Ec-

460 2428 641 2486 clesia
672 2425 970 2504 cogitandi
1000 2425 1168 2485 rati0.

562 2615 699 2669 155.
733 2604 1014 2664 Nondum
1060 2604 1272 2680 sopitis
1322 2603 1557 2661 acribus
1606 2620 1742 2661 cum

464 2694 789 2753 Donatistis
822 2694 1242 2753 controversiis
1282 2712 1437 2752 nova
1481 2692 1742 2750 insurre-

460 2785 551 2842 xit
582 2784 839 2842 haeresis
890 2782 1275 2857 turbavitque
1322 2781 1618 2841 Ecclesiae
1649 2799 1743 2839 oc-

1799 1890 1949 1947 forte
1982 1889 2088 1948 hac
2118 1890 2183 1948 in
2215 1909 2389 1949 causa
2426 1909 2471 1949 s.
2505 1892 2760 1951 doctoris
2793 1910 2958 1968 opus,
2995 1926 3076 1938 —-

1799 1979 1886 2036 De
1932 1980 2155 2052 spiritu
2204 1987 2256 2037 et
2303 1982 2473 2039 litera
2524 1978 2630 2061 (ib.
2690 1983 3078 2061 iss—247),

1800 2085 1918 2141 quo
1951 2068 2016 2126 in
2048 2068 2084 2129 l.
2119 2071 2326 2127 tuetur
2371 2071 2596 2144 gratiae
2640 2071 2909 2129 internae
2940 2089 3081 2147 prae

1799 2158 2042 2215 externa
2071 2158 2502 2228 necessitatem,
2537 2162 2904 2234 pertractans
2936 2178 3078 2236 apo·

1800 2245 2068 2304 stolicam
2131 2247 2520 2306 sententiam:
2592 2248 2793 2306 Litera
2854 2250 3075 2325 occidit,

1799 2336 2047 2407 spiritus
2076 2343 2266 2393 autem
2303 2339 2542 2410 vIvificat
2573 2340 2635 2410 (2
2674 2338 2800 2395 Cor.
2826 2348 2881 2405 3,
2908 2335 3081 2417 6).—

1797 2423 1977 2483 Liber
2006 2425 2075 2481 de
2106 2432 2324 2483 natura
2368 2433 2418 2483 et
2443 2428 2644 2501 qratia
2694 2427 2798 2503 (ib.
2831 2446 2887 2501 p.
2924 2437 3079 2491 247-

1803 2508 1976 2594 29]),
2040 2512 2359 2573 defendens
2408 2516 2660 2591 gratiam
2707 2534 2827 2574 non
2876 2518 3081 2575 contra

1798 2605 2090 2672 naturam,
2125 2603 2226 2662 sed
2261 2623 2367 2679 per
2410 2623 2589 2680 quam
2620 2608 2834 2664 natura
2865 2606 3079 2665 libera-

1798 2693 1902 2749 tur
1932 2695 1994 2750 et
2023 2693 2256 2768 regitur
2288 2693 2563 2771 (Retract.
2584 2695 2658 2764 11,
2685 2691 2794 2776 42)
2817 2697 3021 2754 contra
3039 2696 3078 2758 l.

1798 2780 2104 2856 Pelagii
2156 2781 2228 2839 de
2277 2785 2493 2841 natura
2541 2778 2619 2866 (a.
2655 2780 2827 2864 415).
2877 2818 2962 2828 -
2995 2785 3082 2843 De

461 2873 773 2932 cidentalis
807 2889 1008 2947 pacem
1056 2873 1234 2946 atque
1279 2871 1352 2928 ad
1384 2870 1521 2929 fidei
1553 2870 1741 2930 chris·
1790 2871 2142 2945 perfectione
2157 2870 2428 2944 justitiae
2457 2873 2709 2930 hominis
2740 2890 2847 2931 seu
2879 2892 2970 2949 ep.
3005 2873 3082 2931 ad

544 3115 576 3182 ¹)
604 3114 897 3166 Elenchum
923 3115 1283 3181 capitulorum
1322 3111 1614 3180 gestorum
1640 3109 1741 3162 hu-

451 3183 552 3256 jus
614 3182 938 3238 collationis
1000 3181 1454 3262 carthaginensis
1499 3179 1745 3234 confecit

464 3253 520 3305 M
536 3271 568 3306 a
584 3271 612 3306 r
627 3271 655 3308 c
672 3270 701 3307 e
719 3255 734 3307 l
755 3253 776 3306 1
794 3272 831 3307 u
849 3271 874 3306 s
914 3252 1276 3317 Memoriam,
1303 3252 1488 3307 socius
1514 3252 1743 3304 Marcel-

1800 2958 2158 3034 Eutropium
2188 2964 2249 3018 et
2280 2960 2516 3020 Gallum
2550 2961 2652 3039 (ib.
2677 2971 2710 3024 2
2728 2960 3079 3044 sl-318)‚

1799 3065 1918 3121 quo
1968 3049 2031 3105 in
2063 3048 2102 3106 l.
2153 3048 2229 3106 ad
2277 3049 2653 3110 definitiones
2704 3050 3082 3110 Coelestii

1797 3136 2120 3210 respondet
2153 3133 2176 3204 ί
2181 3157 2229 3195 a.
2267 3134 2441 3218 415).
2474 3173 2563 3184 --
2594 3139 2770 3197 Liber
2815 3141 2883 3197 de
2908 3144 3082 3217 yestis

1799 3225 2019 3302 Petayii
2073 3223 2176 3307 (ib.
2215 3223 2592 3307 319-359)
2646 3228 2717 3286 ad
2770 3229 3081 3287 Aurelium

462 3325 587 3390 lini,
629 3325 851 3379 tribuni
901 3328 959 3379 et
996 3324 1223 3386 notarii,
1259 3341 1428 3392 quem
1456 3323 1742 3377 Honorius
1799 3333 1888 3389 ep.
1921 3315 2430 3391 carthaginensem
2449 3312 2513 3399 ¹),
2561 3320 2624 3375 in
2657 3336 2774 3393 quo
2807 3321 2938 3376 acta
2983 3336 3081 3393 sy-

461 3395 610 3478 imp..
650 3397 724 3450 ad
774 3413 898 3449 eam
962 3395 1338 3466 delegaverat.
1400 3394 1746 3449 Prodierunt
1798 3404 2356 3479 nodidigpolitange
2393 3403 2577 3488 (415)
2610 3401 2912 3490 exhibets)
2943 3427 3080 3483 ape-

462 3483 674 3537 passim
695 3490 705 3520 :
752 3467 998 3537 primum
1023 3471 1257 3521 curante
1285 3464 1531 3537 Papyrio
1574 3465 1630 3518 M
1647 3483 1680 3517 a
1696 3483 1742 3518 s-

461 3556 488 3590 s
505 3554 536 3590 o
554 3557 592 3591 n
609 3556 659 3603 o,
687 3537 921 3591 Parisiis
952 3544 1088 3594 1589
1107 3560 1117 3599 ;
1146 3537 1530 3592 emendatiora
1548 3554 1665 3590 cur.
1680 3536 1741 3590 P.
1803 3563 1972 3568 ἡμή

463 3608 506 3661 Ρ
522 3608 542 3661 i
559 3612 584 3662 t
598 3610 638 3661 h
655 3626 686 3662 o
703 3626 733 3662 e
751 3626 801 3672 0,
828 3609 906 3662 ib.
939 3616 1089 3672 1596,
1107 3609 1238 3664 dein
1256 3609 1314 3664 in
1331 3610 1552 3663 collect.
1569 3625 1740 3668 conc.;

1877 3611 1912 3679 ¹)
1943 3608 2048 3662 Hio
2078 3611 2125 3660 A
2144 3626 2223 3662 ur
2240 3625 2269 3662 e
2287 3609 2340 3663 li
2359 3627 2396 3662 u
2416 3627 2440 3662 s
2486 3610 2644 3679 prius
2672 3612 2940 3666 ecclesiae
2966 3629 3081 3666 car-

462 3697 611 3733 novo
638 3680 829 3734 studio
856 3680 1130 3735 recensita
1156 3698 1190 3734 a
1216 3681 1294 3735 St.
1322 3681 1508 3734 Balu
1525 3680 1639 3733 zio
1680 3679 1738 3733 in
1798 3679 2157 3749 thaginensis
2218 3680 2512 3744 diaconuS‚
2575 3681 2710 3735 dein
2778 3682 3082 3752 episcopus

463 3754 501 3803 t.
534 3761 581 3807 1.
607 3769 763 3806 conc.
784 3751 917 3805 etin
933 3753 1019 3806 ed.
1049 3752 1093 3805 O
1113 3771 1150 3822 p
1167 3755 1239 3805 ta
1256 3752 1317 3805 ti
1344 3751 1549 3816 milev.‚
1568 3768 1740 3819 quam
1799 3755 2138 3821 (sss-426),
2166 3770 2313 3807 unus
2340 3755 2464 3805 erat
2478 3769 2544 3805 ex
2565 3757 2780 3823 septem
2802 3753 3083 3825 episcopis

458 3826 764 3877 curaverat
810 3823 858 3877 D
878 3842 914 3876 u
932 3823 1076 3893 pin,
1128 3827 1186 3877 et
1236 3823 1369 3876 inde
1419 3841 1549 3875 cum
1602 3821 1742 3892 ipsis
1799 3823 2021 3875 selectis
2046 3823 2121 3876 ad
2147 3823 2428 3892 agendam
2467 3841 2694 3878 causam
2740 3825 3082 3879 catholicam

458 3893 604 3947 actis
630 3911 665 3947 a
689 3894 927 3950 notariis
954 3893 1205 3963 publicis
1225 3893 1560 3964 conscriptis
1586 3895 1741 3964 apud
1797 3893 1859 3946 in
1886 3893 2190 3947 collatione
2237 3911 2367 3947 cum
2393 3894 2707 3949 Donatistis
2734 3896 3083 3968 Carthagine

462 3964 556 4017 Mi
572 3983 710 4036 gne
738 3966 797 4019 P.
826 3966 884 4022 L.
912 3966 1005 4030 XI,
1037 3973 1617 4022 1231—1258-14-20:
1644 3965 1740 4018 sed
1796 3980 1832 4017 a
1858 3974 1957 4021 411
1990 3964 2205 4017 habita.
2234 3964 2433 4018 Exstat
2453 3966 2575 4035 ejus
2594 3971 2809 4036 epistola
2828 3972 3082 4038 encyclica

457 4040 713 4092 actorum
741 4055 950 4108 magna
1016 4054 1107 4090 ars
1149 4054 1183 4090 a
1222 4036 1409 4092 media
1434 4036 1741 4092 collatione
1797 4035 1871 4088 ad
1916 4053 2106 4090 omnes
2151 4036 2445 4105 episcopos
2491 4054 2591 4106 per
2643 4040 2981 4106 byzacenam
3025 4044 3086 4092 et

459 4109 705 4164 secunda
754 4109 956 4163 interci
1000 4111 1185 4172 erunt,
1236 4109 1369 4163 hinc
1420 4108 1742 4179 supplenda
1797 4107 2164 4177 azugitauam
2228 4108 2580 4177 provinciam
2647 4109 2961 4165 contitutos
3012 4110 3083 4163 de

460 4181 598 4235 sunt
621 4197 650 4233 e
679 4180 977 4236 Breviculo
1006 4182 1055 4233 A
1071 4198 1109 4232 ιι
1126 4199 1164 4249 g
1181 4198 1218 4233 u
1236 4197 1260 4232 s
1279 4179 1336 4232 ti
1352 4179 1442 4234 ni.

1798 4178 2161 4232 damnatione
2189 4178 2409 4249 Pelagii
2448 4182 2622 4246 atque
2664 4181 2927 4236 Coelestii
2955 4181 3085 4235 hae-

536 4257 574 4322 2)
604 4251 846 4318 Aliquot
870 4253 1067 4306 contra
1093 4251 1422 4306 Donatistae
1467 4252 1742 4331 opuscula
1795 4250 2122 4314 reticornm,
2174 4267 2345 4316 quam
2398 4251 2673 4307 exhibent
2717 4251 2762 4305 G
2781 4255 2934 4307 alla
2951 4270 2989 4304 n
3006 4252 3082 4306 di

460 4323 787 4391 perierunt:
814 4323 1012 4391 aliqua
1027 4324 1185 4376 fuere
1204 4340 1243 4375 s.
1263 4324 1589 4392 Augustino
1612 4339 1741 4390 sup·
1799 4320 1934 4376 bibl.
1974 4322 2034 4374 P.
2062 4321 2122 4373 P.
2163 4321 2324 4380 VHI:
2372 4321 2467 4374 Ga
2485 4321 2647 4377 ruie
2664 4341 2690 4374 r
2734 4323 2867 4376 diss.
2910 4323 2960 4375 V
3008 4324 3085 4378 ad

461 4395 663 4462 posita,
690 4397 757 4446 ut
770 4397 956 4450 Sermo
975 4394 1045 4447 de
1062 4393 1373 4447 Rusticano
1391 4392 1739 4447 subdiacono
1798 4409 1969 4461 opera
2010 4392 2082 4448 M.
2111 4392 2458 4456 Mercatoris,
2500 4393 2593 4447 Mi
2609 4415 2647 4464 g
2664 4411 2746 4449 ne
2787 4394 2848 4448 P.
2878 4395 2935 4448 L.
2965 4395 3084 4456 XX,

457 4481 493 4517 a
519 4465 834 4519 Donatistis
861 4464 1215 4535 rebaptizato
1261 4468 1317 4517 et
1343 4464 1403 4517 in
1432 4463 1740 4517 diaconum
1800 4470 2098 4520 ‘loos—14.

459 4535 725 4589 ordinato
764 4536 1032 4607 (Migne
1072 4536 1261 4598 XLIII,
1290 4537 1572 4617 753-758):
1612 4539 1742 4589 liber

1869 4539 1912 4607 ²)
1935 4535 2082 4589 Huic
2097 4535 2311 4602 synodo
2330 4535 2676 4591 occasionem
2695 4538 3087 4607 praebuerunt

458 4612 877 4661 testimoniorum
922 4610 1045 4674 fidei
1091 4610 1287 4663 contra
1328 4606 1657 4661 Donatistae
1708 4623 1741 4659 a
1799 4604 2030 4660 Heros
2056 4625 2098 4659 s.
2128 4606 2361 4661 Martini
2406 4607 2743 4676 discipulus,
2783 4607 3085 4689 episcopus

462 4677 671 4731 Pitra
696 4678 883 4732 editus
917 4684 1069 4742 1888,
1097 4679 1198 4746 qui
1216 4678 1409 4747 potius
1443 4681 1527 4731 est
1543 4682 1741 4731 contra
1797 4678 2130 4732 arelatensis
2156 4682 2300 4748 (407)
2341 4696 2374 4731 a

460 4749 705 4803 Arianos
730 4753 787 4802 et
813 4749 1265 4804 Macedonia-noe.

2458 4679 2633 4748 opulo
2679 4678 2786 4734 etsi
2812 4696 3085 4735 innocens

1799 4749 1926 4802 sede
1997 4750 2215 4819 pulsuS‚
2288 4754 2348 4803 et
2485 4768 2518 4804 a
2534 4769 2563 4803 z
2579 4767 2613 4803 a
2629 4769 2655 4803 r
2675 4769 2710 4804 u
2728 4770 2751 4803 s
2814 4750 3085 4820 aquensis
