3505 5161
461 220 582 273 639

1292 209 1591 261 701-750,
1619 205 1804 274 Opera
1831 221 2018 258 vener.
2049 205 2249 259 Bedae.

2949 226 3076 278 640

455 388 519 448 in
552 389 641 451 ed.
676 389 919 446 Smith
953 393 1013 446 et
1046 391 1479 449 Stevenson
1512 390 1609 452 cit.
1644 386 1741 472 (cf.
1799 409 1914 465 que
1947 391 2183 468 linguas
2215 411 2282 451 ea
2313 392 2430 450 fuit
2452 411 2636 461 versa,
2670 393 2746 451 ab
2781 412 3080 468 anonymo

457 478 828 536 Potthast
872 498 927 552 p.
985 473 1211 560 1202);
1260 482 1374 537 vita
1422 499 1466 537 8.
1516 480 1738 543 Felicis,
1798 480 2144 538 continuata
2193 480 2266 538 ab
2299 501 2347 543 a.
2387 490 2750 543 731—766.
2815 482 2902 541 Ea
2936 500 3082 540 sane

458 566 845 625 Concinnavit
893 570 954 625 et
1006 566 1485 645 Martyroloyium
1537 568 1740 627 addito
1797 572 1890 626 est
1921 568 2159 643 copiosa
2189 573 2250 627 et
2281 569 2596 628 admodum
2624 570 2902 645 pretiosa,
2937 571 3086 646 quia

455 659 790 731 martyrum
821 656 1164 715 nominibus
1198 657 1362 716 brevi
1395 658 1619 734 elogio:
1654 657 1740 716 ita
1796 657 1971 715 unica
2031 658 2102 715 de
2151 658 2355 732 primis
2405 659 2684 718 ecclesiae
2735 660 3082 736 anglicanae

456 746 611 803 enim
642 746 706 803 in
737 745 891 803 Hist.
923 747 1059 804 0001.
1093 746 1157 816 V,
1200 756 1277 808 24
1315 742 1541 826 (Migne
1574 747 1735 817 XCV,
1797 747 2147 823 originibus,
2182 746 2282 805 sed
2313 766 2381 805 ex
2413 747 2650 806 defectu
2669 748 2928 807 fontium
2953 749 3079 807 sin-

460 845 583 898 289
619 831 689 916 0.)
735 835 935 909 ipsum
983 835 1294 893 describit:
1346 836 1737 912 ,Martyrolo·
1794 852 2063 894 cerorum
2109 854 2230 893 non
2276 837 2419 895 satis
2465 837 2528 894 in
2570 837 2846 895 omnibus
2879 838 3083 917 fidal).

458 925 624 999 gium
671 926 743 981 de
787 924 1079 982 natalitiis
1127 942 1204 982 ss.
1249 929 1582 1001 martyrum
1614 925 1736 983 die-

453 1012 600 1081 00ος
647 1013 711 1071 10
745 1030 863 1086 quo
896 1031 1117 1083 omnes,
1152 1032 1301 1088 quos
1336 1014 1599 1072 invenire
1635 1033 1735 1089 po·

456 1101 565 1169 tui,
600 1120 720 1160 non
754 1101 947 1160 solum
994 1121 1112 1177 quo
1156 1102 1270 1174 die,
1317 1121 1523 1162 verum
1555 1104 1735 1161 etiam

456 1209 574 1265 quo
625 1208 842 1266 genere
892 1192 1244 1260 certaminis,
1309 1193 1402 1250 vel
1453 1192 1565 1250 sub
1617 1211 1734 1267 quo

446 1279 649 1353 judice
671 1278 962 1337 mundum
980 1280 1250 1351 vicerint,
1284 1280 1603 1358 diligenter
1633 1282 1735 1339 ad-

455 1371 662 1427 notare
684 1368 888 1426 studui
904 1366 1015 1449 ¹).‘
1067 1369 1243 1439 Illud,
1280 1371 1442 1444 quod
1460 1371 1600 1428 olim
1623 1370 1735 1428 sub

455 1458 585 1533 ejus
634 1456 873 1516 nomine
924 1459 1165 1531 prodiit,
1229 1460 1556 1534 genuinum
1614 1478 1734 1517 non

455 1551 574 1615 est;
616 1547 952 1623 genuinum
985 1564 1046 1605 se
1078 1549 1504 1607 reconstruisse
1536 1551 1737 1607 censet

456 1635 1036 1711 Papebrochius
1086 1632 1214 1718 (sed
1252 1633 1575 1718 immerito)
1609 1638 1733 1696 edi-

455 1724 662 1800 ditque
706 1725 770 1782 in
815 1727 944 1782 Act.
996 1725 1092 1785 SS.
1127 1726 1296 1785 Mart.
1333 1728 1384 1783 11
1416 1746 1471 1802 p.
1505 1726 1733 1784 VIII—

457 1813 611 1872 XLII
644 1832 778 1872 cum
812 1814 1023 1872 Flori
1069 1815 1463 1892 lugdunensis
1502 1815 1733 1874 diaconi

452 1903 826 1977 aliorumque
876 1904 1174 1962 auctariis.
1241 1905 1734 1981 Martyrologium

452 1994 650 2049 tamen
683 1992 876 2050 Bedae
907 1993 1359 2052 fundamentum
1387 1994 1505 2053 fuit
1526 1996 1731 2052 subse·

454 2081 769 2155 quentium
802 2083 1377 2158 martyrologiorum.

559 2267 704 2320 352.
768 2259 1159 2334 Praecipuum
1222 2262 1477 2335 (lenique
1540 2262 1733 2320 Bedae

455 2365 603 2422 opus
654 2348 996 2406 continetur
1046 2348 1315 2408 Historia
1375 2350 1499 2422 scil.
1563 2352 1730 2410 eccle-

452 2439 687 2493 siastica
732 2431 820 2518 (et
864 2433 1134 2520 politica)
1179 2440 1375 2515 gentis
1419 2440 1729 2515 anglorum

453 2526 513 2584 ll.
549 2525 614 2594 V,
667 2546 700 2583 a
750 2526 986 2585 Caesare
1030 2527 1104 2586 ad
1149 2548 1197 2590 a.
1250 2538 1392 2592 731.
1469 2529 1732 2588 Historia

452 2616 625 2689 quasi
654 2615 1084 2690 praeliminaris
1131 2619 1201 2674 ad
1250 2639 1298 2676 a.
1350 2628 1472 2680 596
1509 2619 1731 2694 compi-

451 2704 595 2763 latio
646 2709 738 2763 est
786 2723 855 2762 ex
907 2706 1129 2775 Orosio,
1183 2708 1476 2782 Prospero
1525 2708 1727 2782 aquit„

452 2792 638 2854 Gilda.
701 2795 1051 2853 Accuratius
1115 2795 1251 2854 dein
1315 2797 1440 2873 agit
1489 2797 1731 2854 innixus

450 2882 704 2957 copiosis
737 2883 1018 2953 fontibus,
1066 2903 1214 2958 quos
1250 2885 1504 2943 fideliter
1535 2904 1730 2943 excer-

450 2972 559 3046 pit,
609 2971 679 3028 de
722 2973 1101 3031 conversione
1135 2993 1275 3031 suae
1308 2974 1503 3049 gentis
1538 2974 1729 3049 deque

448 3060 715 3134 ejusdem
748 3060 1012 3124 historia.
1079 3063 1431 3137 Saepissime
1470 3082 1536 3120 ea
1569 3081 1729 3121 seor—

449 3149 557 3205 sim
592 3149 830 3223 prodiit.
881 3150 1262 3209 Editionibus
1292 3152 1729 3227 antiquioribus

449 3237 680 3295 omissis
727 3256 869 3296 cura
911 3239 1000 3296 JO.
1054 3240 1291 3298 Smith
1343 3241 1729 3316 Cantabrigae

455 3335 652 3397 17223
699 3326 753 3388 J.
789 3327 1219 3387 Stevenson
1251 3329 1504 3387 Londini
1542 3339 1726 3396 1838,

448 3415 736 3473 editiones
784 3417 1068 3492 optimae;
1105 3418 1315 3476 Oxonii
1356 3428 1516 3480 1846
1567 3414 1727 3499 (000]

447 3504 808 3578 quibusdam
841 3502 1202 3585 opusculis);
1250 3507 1502 3564 Londini
1544 3517 1727 3569 1843

452 3602 619 3654 1844
655 3595 696 3652 t.
733 3601 765 3653 2
803 3593 866 3650 in
902 3602 935 3655 8
972 3593 1060 3655 ed.
1107 3594 1162 3652 J.
1209 3597 1278 3652 A.
1326 3596 1558 3654 Giles.
1620 3595 1726 3653 Ed.

447 3681 639 3737 Smith
670 3700 880 3740 recusa
911 3687 1002 3740 est
1033 3703 1066 3740 a
1097 3684 1346 3760 Migne
1367 3685 1528 3753 XCV,
1556 3694 1626 3747 21
1651 3719 1715 3726 --

448 3778 608 3838 412;
657 3788 777 3827 cur.
824 3772 1170 3847 Moberly
1215 3773 1468 3830 Londini
1528 3783 1723 3842 1869;

445 3861 512 3915 A.
566 3858 880 3931 Ηο1(101·,
931 3861 1209 3936 Friburgi
1269 3873 1466 3931 189ος
1530 3862 1724 3921 denuo

444 3965 558 4004 rec.
604 3947 725 4003 Car.
760 3949 897 4005 Plu
919 3970 971 4006 m
990 3969 1046 4006 m
1070 3968 1146 4006 er
1178 3969 1313 4007 oum
1344 3950 1590 4009 historia
1621 3951 1721 4007 ab·

444 4036 668 4104 batum,
706 4037 917 4095 Oxonii
950 4049 1109 4100 1896
1136 4041 1176 4095 t.
1204 4049 1258 4099 ⁴2.
1306 4039 1375 4095 In
1407 4040 1552 4096 alias
1579 4059 1723 4113 quo-

445 4258 526 4311 Cf.
558 4260 625 4312 (10
669 4260 775 4314 1100
815 4262 1019 4313 abbate
1067 4262 1149 4312 Ze
1173 4261 1461 4330 [linger
1504 4262 1724 4314 Jarrow

448 4330 561 4382 und
594 4330 733 4383 Rom
762 4330 839 4383 im
867 4336 916 4386 7.
944 4332 989 4383 J
980 4333 1141 4390 111111
1184 4331 1460 4386 Katholik
1494 4339 1617 4389 1901
1656 4334 1723 4397 ΙΙ,

449 4405 558 4540 193)
560 4409 764 4523 (312130
805 4472 989 4524 Bedae
1032 4474 1438 4542 martyrologio
1479 4475 1726 4529 Solier

444 4541 503 4593 10
530 4559 615 4608 pi
603 4543 807 4594 101.0(1
834 4560 993 4596 suain
1036 4545 1122 4596 ed.
1164 4546 1557 4614 martyrologii
1588 4547 1724 4600 Usu-

444 4612 599 4664 11·(11
586 4630 645 4663 10
669 4615 791 4664 Act.
814 4613 904 4667 SS.
923 4614 1055 4667 Jun.
1080 4616 1170 4671 VI.
1192 4615 1301 4686 (Μ
1286 4634 1360 4684 ig
1379 4635 1413 4667 n
1433 4635 1460 4668 e
1480 4618 1723 4671 CXXIII.

444 4684 895 4752 482--189),11(.1
930 4686 975 4738 V
992 4686 1157 4738 eith
1185 4687 1317 4741 hist.
1324 4688 1459 4756 ·.pol
1482 4689 1724 4744 Β1.1895

446 4751 589 4801 (XV
600 4754 638 4812 I,
666 4759 787 4806 816.

1793 924 1929 982 Alia
1960 925 2248 999 quaedam
2289 944 2465 1000 opera
2506 926 2832 1001 perierunt,
2882 928 3086 985 multa

1791 1017 1863 1071 ut
1896 1014 2016 1087 jam
2050 1014 2309 1072 vidimus
2354 1015 2520 1073 fuere
2565 1016 2618 1073 ei
2679 1012 3080 1095 supposita2).

1795 1102 2018 1159 Paulus
2053 1103 2297 1178 Geyer
2342 1104 2500 1161 inter
2543 1104 2769 1161 Itinera
2809 1105 3080 1162 hieroso-

1791 1190 2080 1266 lymitana
2130 1187 2378 1271 (Corpus
2431 1193 2634 1267 script.
2683 1194 2818 1253 0001.
2872 1194 2976 1255 lat.
3030 1197 3076 1251 t.

1871 1420 1905 1485 ι)
1935 1413 2015 1473 Cf.
2063 1415 2132 1467 de
2179 1414 2354 1467 variis
2394 1416 2479 1469 ed.
2522 1415 2559 1467 h
2612 1416 2695 1469 'us
2739 1419 2794 1469 et
2827 1416 3077 1470 aliorum

1791 1504 1925 1554 opp.
1953 1485 2360 1539 historicorum
2390 1486 2576 1541 Bedae
2664 1504 2695 1540 0
2714 1488 2832 1541 tth
2850 1489 2968 1540 ast
3019 1507 3076 1557 p.

1797 1564 1922 1613 137²
1940 1574 2041 1615 sa.;
2069 1559 2138 1611 cf.
2157 1560 2214 1610 et
2231 1560 2294 1609 G.
2311 1556 2385 1609 W
2402 1574 2431 1610 e
2448 1561 2473 1610 t
2487 1576 2514 1611 z
2532 1557 2601 1612 el
2620 1558 2726 1610 Die
2745 1558 3086 1612 Chroniken.

1791 1629 1887 1681 des
1915 1627 2102 1682 Bedae
2132 1645 2254 1682 ven.
2284 1628 2449 1682 Halle
2481 1632 2634 1685 1878.
2665 1630 2750 1682 lta
2776 1630 2846 1682 de
2863 1648 2928 1683 eo
2948 1647 3078 1684 cen-

1791 1701 1877 1753 set
1901 1701 1935 1753 S
1953 1718 1981 1755 c
1997 1700 2036 1752 h
2055 1718 2085 1753 0
2103 1700 2168 1753 el
2186 1699 2277 1754 l·S
2293 1715 2322 1752 0
2341 1701 2375 1754 b
2390 1716 2422 1751 a
2441 1718 2466 1752 s
2483 1717 2507 1752 0
2527 1698 2957 1769 Realencyclop.
2978 1700 3076 1764 112,

1792 1778 1925 1827 513:
1966 1770 2118 1825 Beda
2163 1769 2478 1840 vereinigte
2525 1772 2584 1823 in
2644 1770 2764 1827 sich
2813 1772 2927 1824 fast
2964 1772 3077 1826 alle

1792 1841 2235 1910 Eigenschaften
2306 1842 2462 1895 eines
2524 1841 3075 1897 Geschichtsschrei·

1791 1915 1932 1967 bers.
1985 1912 2060 1965 Er
2109 1913 2186 1965 ist
2229 1914 2327 1966 der
2375 1913 2547 1966 Vater
2599 1915 2697 1966 der
2737 1913 3076 1983 englischeu

1792 1983 2446 2053 Geschichtschreibung
2543 1985 2644 2039 der
2692 1985 2900 2038 Lehrer
2949 1985 3071 2038 und

1791 2055 2019 2109 Meister
2062 2056 2245 2108 seiner
2290 2004 2446 2107 Zeitg
2455 2056 2570 2108 und
2618 2056 2719 2108 der
2761 2056 3076 2126 folgenden

1789 2127 2231 2181 Jahrhunderte.
2284 2125 2386 2179 Die
2432 2125 2558 2178 Mit-
2607 2127 2722 2180 und
2770 2127 3077 2181 Nachwelt

1789 2200 1893 2251 hat
1936 2198 2053 2251 ihm
2098 2197 2192 2250 die
2237 2198 2602 2265 30110111·οηᾱο
2629 2199 2905 2267 Achtung
2950 2200 3074 2251 und

1790 2269 2222 2337 Anerkennung
2273 2269 2499 2338 gezollt.
2575 2269 2740 2322 Seiae
2794 2269 3072 2323 Kirchen-

1789 2341 2116 2410 geschichte
2155 2340 2348 2393 wurde
2376 2340 2438 2392 in
2465 2340 2752 2394 zahllosen
2781 2340 3076 2395 Abschrif·

1791 2414 1883 2465 ten
1931 2412 2070 2464 iiber
2110 2411 2220 2465 den
2262 2410 2579 2463 Kontinent
2614 2411 2921 2465 verbreitet
2950 2412 3072 2464 und

1789 2484 1965 2536 sehon
2015 2482 2095 2535 im
2149 2488 2194 2535 9.
2249 2482 2464 2545 Jahrb„
2527 2484 2674 2535 nach
2740 2482 3084 2535 Erzbischof

1790 2553 2039 2608 Aelfrids
2090 2552 2334 2621 Ζο113010
2385 2555 2452 2624 (c.
2501 2558 2654 2608 1000}
2708 2570 2838 2607 vom
2881 2554 3076 2624 Kouig

1789 2627 2016 2680 Aelfred
2068 2625 2160 2678 ins
2211 2626 2716 2692 Angelsaoheisohe
2768 2626 3076 2678 ubersetzt.

1789 2697 1926 2751 Earn
1969 2696 2192 2764 anglice
2241 2695 2412 2748 vertit
2440 2696 2837 2749 celeberrimus
2867 2698 2902 2750 S
2922 2699 2995 2748 ta
3013 2717 3075 2766 p-

1788 2770 1852 2820 le
1871 2773 1941 2821 to
1964 2787 1998 2820 0
2040 2767 2348 2837 praemisso
2391 2768 2462 2820 ud
2491 2767 2783 2820 Elisabeth
2811 2766 3074 2835 reginam

1787 2838 2160 2908 praefationis
2182 2838 2362 2890 instar
2384 2841 2789 2907 Propugynaculo
2810 2843 3068 2907 fidee'pre'·

1788 2914 1997 2964 micinae
2048 2914 2358 2977 Anqlorum,
2411 2927 2524 2977 quo
2570 2910 2707 2962 fides
2746 2909 2866 2972 illa,
2921 2927 3074 2976 quae

1789 2981 1990 3051 Anglis
2029 2985 2160 3032 ante
2193 2986 2326 3035 1000
2366 2997 2545 3033 anuos
2589 2997 2689 3051 per
2725 2999 2766 3035 s.
2795 2981 3077 3049 Augusti-

1787 3071 1920 3106 num
1951 3052 2162 3104 tradita
2193 3051 2320 3114 fuit,
2357 3053 2416 3104 et
2450 3068 2596 3120 quae
2624 3056 2761 3105 tunc
2792 3052 3076 3121 temporis

1787 3128 1844 3176 ct
1870 3123 2139 3192 deinceps
2167 3138 2267 3191 per
2293 3124 2619 3176 universam
2641 3122 2854 3176 Christi
2883 3122 3076 3178 Eccle-

1787 3197 1929 3247 siam
1959 3212 2178 3275 semper
2203 3192 2410 3263 viguit,
2452 3211 2623 3261 quam
2664 3211 2817 3246 nunc
2859 3199 3074 3264 protes-

1787 3269 1971 3318 tantes
2021 3265 2186 3335 papis
2163 3239 2363 3317 sticam
2416 3267 2638 3328 vocant,
2690 3264 3076 3319 orthodoxam

1786 3354 1902 3390 esse
1931 3353 2174 3403 vereque
2201 3335 2570 3389 christianam
2612 3335 2884 3388 asseritur
2913 3339 3078 3407 (ang-

1785 3408 1931 3478 lice),
1958 3411 2176 3460 Antver
2220 3406 2307 3459 iae
2340 3414 2504 3464 1565
2546 3408 2700 3474 quod
2739 3406 2921 3461 latine
2952 3425 3076 3462 ver-

1786 3497 1909 3533 sum
1934 3497 1966 3531 a
1996 3479 2148 3532 Guil.
2178 3427 2504 3530 gain-:eri
2507 3496 2537 3531 o
2565 3477 2715 3530 iuter
2743 3495 2876 3547 opp.
2907 3479 3071 3549 Stap-

1787 3550 1986 3604 letouii
2030 3549 2313 3617 reperitur
2353 3548 2587 3602 Parisiis
2634 3555 2768 3604 1620
2807 3569 2862 3619 p.
2893 3552 3074 3606 719-

1782 3627 1904 3678 816.
1970 3620 2050 3674 Cf.
2098 3620 2166 3672 de
2212 3621 2335 3688 ejus
2386 3636 2515 3688 opp.
2571 3619 2799 3672 Ebert
2850 3622 2898 3672 1
2941 3621 2978 3673 l.
3022 3626 3073 3678 3.

1784 3710 1828 3745 c.
1858 3697 1944 3754 37,
1988 3691 2088 3760 qui
2117 3691 2266 3745 inter
2292 3690 2407 3744 alia
2435 3692 2503 3743 de
2543 3689 2784 3743 historia
2811 3692 3075 3746 encomia

1784 3763 2011 3816 scribit:
2059 3762 2430 3830 Ueberhaupt
2475 3764 2630 3831 tregt
2672 3761 2922 3816 dieselbe
2968 3763 3076 3816 das

1785 3835 2042 3905 Geprtige
2083 3832 2238 3886 einer
2280 3834 2534 3885 seltenen
2567 3832 3078 3913 Unbefangenheit

1786 3907 1900 3958 und
1932 3904 2315 3970 Obiectivititt,
2344 3903 2434 3956 die
2463 3903 2582 3956 sich
2605 3902 2812 3956 selbst
2797 3921 2859 3958 10
2883 3904 3075 3957 kirch-

1782 3977 1960 4031 licher
1987 3975 2332 4042 Beziehung,
2360 3975 2468 4027 den
2488 3974 2692 4028 Scoten
2720 3975 3075 4053 30300111)οτ,

1785 4048 2052 4102 bewahrt
2077 4047 2256 4099 Hiezu
2278 4043 3075 4127 0111100113(1013101011011010130

1785 4119 1988 4187 1011130
2017 4117 2137 4170 Τοι]
2164 4117 2263 4169 (101·
2292 4115 2407 4169 Erz·
2398 4116 2636 4186 01111103,
2681 4115 2774 4168 (110
2809 4117 2873 4169 10
2899 4117 3077 4170 ihren

1781 4191 1984 4242 klaren
2025 4204 2202 4257 unges
2179 4188 2375 4240 suchte
2350 4205 2416 4239 en
2463 4189 2580 4240 und
2626 4187 2772 4241 doch
2821 4190 2914 4241 fur
2935 4189 3074 4257 jene

1782 4261 1976 4314 Zeiten
1993 4277 2051 4312 so
2069 4259 2266 4312 reineu
2285 4258 2586 4312 Ausdruck
2602 4258 2701 4310 das
2720 4262 2876 4314 beste
2893 4259 3077 4329 Zeug-

1781 4333 1899 4386 niss
1927 4349 2040 4384 von
2058 4331 2156 4382 der
2174 4330 2351 4381 durch
2371 4330 2470 4382 das
2489 4329 2756 4383 Studium
2773 4331 2875 4384 der
2892 4332 3074 4384 Alten

1781 4404 1901 4456 und
1963 4402 2062 4455 der
2115 4403 2310 4454 besten
2372 4401 2472 4452 der
2533 4401 2747 4455 alteren
2793 4401 3076 4455 Kirchen-

1781 4473 2175 4526 schriftsteller
2191 4488 2580 4538 gewonneneu
2597 4470 2640 4522 G
2619 4472 3076 4544 reistesbilduug

1782 4546 1879 4598 des
1909 4546 1954 4597 V
1960 4545 2223 4596 erfassers
2249 4543 2341 4595 ist.

1856 4620 1896 4686 —·)
1927 4615 2008 4668 Cf.
2036 4615 2080 4669 O
2100 4632 2135 4666 0
2154 4613 2221 4666 (1
2207 4631 2276 4665 10
2307 4613 2440 4666 diss,
2467 4614 2534 4665 (10
2563 4613 2793 4680 seriptis
2815 4633 2855 4668 s.
2881 4615 3077 4670 Bedae

1781 4688 1850 4740 de
1914 4686 2107 4755 script.
2171 4686 2302 4739 eccl.
2368 4686 2407 4746 I,
2476 4691 2845 4749 1681-1712,
2909 4689 3082 4756 apud

1784 4758 2029 4826 Migne
2060 4757 2166 4811 XC.
2196 4758 2457 4811 71—101.
