3505 5161
1206 222 1670 294 Chrodegangus,
1697 224 1936 279 Kosmas
1962 223 2239 279 Melodus.

415 243 539 297 693
2905 246 3030 299 694

410 413 505 471 vel
552 412 760 471 saltem
806 432 875 471 ex
920 412 1294 472 nobilissima
1336 412 1522 488 stirpe
1555 429 1690 488 pro·
1752 413 1843 483 do,
1892 433 1924 470 a
1971 412 2273 475 Saracenis
2319 416 2490 488 capto
2537 416 2598 470 et
2645 416 2831 472 morte
2870 414 3033 472 dam-

409 504 649 578 gnatuS,
690 502 751 560 in
786 502 921 559 aula
952 501 1141 560 Caroli
1173 502 1432 560 Martelli
1465 501 1695 560 enutri·
1751 505 1907 572 nato,
1926 521 2103 577 quem
2118 503 2317 560 tamen
2334 502 2462 577 ipse
2494 520 2528 559 a
2558 506 2748 560 morte
2765 505 2827 560 et
2842 504 3031 578 capti-

410 594 525 661 tu8‚
549 591 679 666 ejus
696 590 1149 661 referendarius,
1171 593 1415 667 propter
1429 591 1694 667 insignes
1750 591 1937 648 vitate
1970 591 2144 649 eruit.
2210 590 2471 666 Uterque
2504 594 2703 648 autem
2735 610 2886 667 puer
2919 593 3038 651 sub

410 680 592 739 animi
643 680 1025 754 corporisque
1088 680 1257 738 dotes
1318 681 1542 739 electus
1584 683 1693 750 est,
1749 680 1858 738 hoc
1877 680 2164 757 magistro
2186 679 2336 737 mire
2354 679 2735 755 profecerunt
2754 680 2816 738 in
2836 700 3031 757 gram-

412 769 527 828 etsi
546 768 738 828 adhuc
758 769 961 839 laicus,
993 769 1057 826 in
1089 770 1433 844 episcopum
1464 771 1691 828 meten·
1749 770 1980 840 matica,
2027 768 2383 839 dialecticae,
2417 769 2756 839 rhetoricae,
2806 769 3036 829 ethicae

413 877 534 917 sem
580 878 629 920 a.
668 868 699 920 ‘a’
711 867 810 920 42.
876 857 1260 917 Nobilitatem
1305 859 1541 934 generis
1586 876 1692 916 no·
1749 858 2119 933 aliarumque
2150 858 2601 932 disciplinarum
2637 858 2874 929 studiiS,
2928 860 3032 919 sed

411 947 659 1005 bilitans
682 947 908 1006 fervore
930 949 1163 1005 sanctae
1181 947 1510 1024 religionis,
1547 947 1690 1005 scri·
1746 951 1949 1005 tamen
1981 947 2044 1005 in
2078 947 2325 1006 scientia
2354 947 2690 1005 harmonica
2720 947 3034 1024 praecipue

411 1037 533 1112 psit
549 1037 827 1114 requlam,
853 1055 1031 1112 quam
1051 1036 1389 1111 specialiter
1406 1037 1691 1094 metensis
1748 1037 2174 1095 excelluerunt.
2222 1034 2487 1114 Ingressi
2522 1042 2667 1093 sunt
2697 1036 2867 1095 ambo
2888 1038 3029 1097 Hie-

410 1125 679 1185 ecclesiae
730 1125 960 1184 clericis
1022 1125 1447 1185 observandam
1508 1124 1691 1184 dedit.
1747 1125 2065 1202 rosolymis
2099 1125 2526 1184 monasterium
2559 1143 2602 1186 s.
2638 1125 2839 1199 Sabae,
2875 1127 3033 1186 unde

409 1217 462 1273 A
510 1214 724 1289 Pipino
786 1218 848 1273 et
907 1215 1078 1291 regni
1130 1214 1386 1273 comitiis
1448 1215 1691 1273 Romam
1747 1216 1994 1274 Kosmas
2024 1217 2232 1273 noster
2262 1215 2459 1273 dictus
2492 1218 2585 1272 est
2603 1214 3035 1291 Hierosolymi-

408 1304 631 1362 missus
663 1306 772 1373 est,
809 1304 908 1378 qui
946 1303 1312 1378 Stephanum
1343 1304 1418 1364 II.
1457 1304 1521 1361 in
1554 1304 1690 1361 Gal·
1746 1307 1924 1362 tanus
1975 1304 2070 1362 vel
2121 1303 2546 1380 HagiopoliteS,
2613 1303 3033 1379 Hieropolites.

409 1393 553 1451 liam
584 1392 868 1451 invitaret
899 1395 959 1451 et
1002 1392 1337 1463 adduceret,
1386 1394 1480 1451 cui
1530 1392 1688 1469 lega·
1745 1394 1960 1452 Factus
2023 1395 2115 1451 est
2164 1396 2371 1467 postea
2431 1412 2479 1457 a.
2536 1402 2659 1454 743
2714 1393 3029 1470 episcopus

407 1481 557 1541 tioni
604 1481 743 1540 felix
781 1481 1093 1556 respondit
1123 1482 1382 1540 effectus,
1450 1484 1500 1538 A
1544 1501 1691 1557 pon·
1748 1482 2132 1558 majumensis
2198 1477 2261 1563 (†
2324 1476 2493 1563 781).
2590 1481 2842 1540 Maxime
2905 1484 3031 1541 suis

408 1571 562 1629 tifice
611 1570 921 1630 decoratus
983 1573 1074 1628 est
1136 1570 1314 1646 pallio
1376 1571 1691 1646 dictusque
1747 1571 2112 1631 carminibus
2165 1566 2363 1651 (saepe
2425 1570 2603 1628 nimis
2665 1565 3029 1653 artificiosis)

409 1660 882 1735 archiepiscopus
929 1656 991 1740 (†
1039 1671 1093 1721 6.
1134 1661 1304 1719 Mart.
1343 1661 1513 1738 766).
1579 1660 1689 1718 Re-

409 1750 607 1826 gulam
642 1749 805 1807 illam
852 1748 1042 1808 edidit
1072 1748 1323 1807 Labbe
1356 1749 1498 1810 0011.
1531 1767 1688 1810 conc.

409 1837 536 1909 VH,
595 1848 1029 1901 1444—1464
1065 1857 1143 1896 cc.
1180 1846 1261 1900 34
1298 1841 1685 1908 constantem,

408 1927 546 1986 inde
577 1927 832 2004 Migne
861 1927 1165 1996 LXXXIX,
1223 1937 1688 1997 1097—11203

408 2016 497 2074 W.
541 2016 848 2075 Schmitz
896 2016 1216 2075 Hannover
1253 2025 1416 2079 1896
1464 2036 1533 2075 ex
1566 2017 1689 2076 cod.

413 2105 697 2165 Vossiano
728 2106 915 2164 latino
967 2114 1046 2168 94
1095 2105 1487 2165 bibliothecae
1526 2106 1690 2183 lugd.

410 2197 758 2270 Anonymus
791 2213 947 2265 vero,
994 2197 1066 2252 ut
1096 2213 1225 2253 eam
1256 2194 1564 2270 adaptaret
1594 2214 1690 2254 ca-

408 2284 637 2342 nonicis
683 2284 959 2342 omnibus
1009 2301 1116 2359 per
1165 2283 1366 2342 orbem
1418 2284 1692 2343 christia-

408 2392 555 2432 num
594 2371 846 2441 diffusis,
892 2392 1021 2431 eam
1066 2373 1415 2432 retractavit
1459 2373 1692 2432 omissis

408 2462 483 2520 iis
531 2461 828 2531 omnibus,
880 2481 1030 2537 quae
1076 2463 1148 2519 ad
1196 2463 1351 2519 solos
1397 2464 1691 2521 metenses

410 2552 671 2627 spectare
701 2550 1062 2610 videbantur
1092 2553 1273 2626 atque
1304 2551 1546 2610 adscitis
1580 2571 1690 2611 un·

411 2641 720 2715 decunque
766 2640 1293 2710 mututationibus,
1345 2642 1689 2716 praesertim

410 2748 480 2788 ex
511 2747 670 2790 conc.
703 2729 1157 2806 aquisgranensi
1187 2749 1236 2789 a.
1274 2739 1418 2792 816.
1481 2730 1549 2788 In
1582 2730 1692 2788 hac

409 2819 597 2877 forma
627 2837 755 2876 eam
787 2818 972 2876 edidit
1004 2819 1350 2894 Dachery
1383 2819 1690 2895 Spicilegii

406 2907 452 2977 Ι,
490 2916 872 2976 205-267ς
906 2908 995 2970 ed.
1023 2917 1074 2970 2.
1109 2928 1164 2982 p.
1191 2918 1312 2970 565
1351 2925 1427 2965 se.
1461 2913 1521 2965 et
1554 2909 1690 2965 inde

407 2997 659 3073 Migne
705 2996 786 3054 ib.
833 3016 888 3071 p.
928 3006 1362 3059 1057—1096
1397 2997 1461 3054 in
1492 3015 1569 3060 cc.
1608 3006 1686 3060 86

408 3086 657 3145 divisam
671 3081 738 3166 1).

502 3309 645 3361 380.
692 3299 992 3358 Mentione
1038 3300 1275 3357 demum
1328 3299 1548 3376 dignus
1600 3303 1693 3357 est

408 3389 510 3445 Ko
528 3405 553 3445 s
571 3407 628 3444 m
647 3407 679 3445 a
696 3406 723 3445 s
741 3404 765 3457 ,·
802 3388 1229 3463 Hierosolymis
1264 3393 1458 3458 natuS,
1513 3407 1689 3464 quem

407 3477 760 3551 parentibus
795 3478 1004 3536 orbum
1036 3480 1205 3552 pater
1238 3495 1282 3535 e.
1303 3477 1340 3535 J
1346 3478 1553 3535 oannis
1575 3478 1689 3534 Da-

409 3565 667 3623 masceni
713 3565 776 3623 in
828 3565 1017 3623 filium
1068 3566 1393 3641 adoptavit,
1446 3569 1507 3624 et
1555 3584 1690 3624 cum

406 3653 636 3712 Joanne
696 3654 1136 3712 instituendum
1197 3655 1451 3713 tradidit
1501 3656 1645 3713 Kos
1665 3687 1688 3698 -

406 3761 563 3800 mae
594 3741 862 3822 (seniori)
894 3744 1173 3801 monacho
1205 3763 1272 3801 ex
1294 3745 1466 3801 Italia
1485 3744 1689 3802 oriun-

489 3967 524 4035 ¹)
561 3964 644 4019 cf.
694 3968 1019 4020 accuratam
1060 3964 1521 4032 disquisitionem
1574 3965 1692 4018 He-

407 4035 560 4090 fele
605 4035 1091 4128 Conciliengesch:
1119 4036 1195 4089 IV
1240 4045 1267 4102 5
1302 4043 1400 4092 418
1441 4037 1509 4089 de
1554 4037 1693 4090 rela-

407 4105 562 4162 tione
588 4108 741 4160 inter
766 4109 1088 4175 synodum'
1090 4106 1594 4176 aquisgranensem
1636 4109 1695 4160 et

408 4177 812 4313 glrirodegangi
838 4179 1133 4248 regulam·
1161 4178 1304 4231 Hist.
1323 4178 1497 4231 litter.
1515 4179 1584 4231 de
1602 4177 1691 4230 Fr.

1746 1661 2042 1731 inclaruit,
2087 1663 2157 1719 ut
2187 1660 2347 1718 inter
2379 1659 2725 1736 praecipuos
2757 1678 3030 1719 numere-

1745 1754 1850 1809 tur
1868 1749 2348 1826 hymnographos
2371 1750 2431 1806 et
2449 1748 2761 1823 praeconio
2774 1749 3034 1819 ,Melodi‘

1747 1840 2074 1897 honoretur
2087 1836 2150 1917 1).
2217 1839 2300 1896 De
2347 1839 2477 1912 ejus
2525 1836 2765 1895 scholiis
2811 1837 2872 1896 in
2905 1856 3030 1896 car-

1747 1930 1909 1987 mina
1943 1946 1987 1990 s,
2023 1928 2384 2004 Gregorii
2432 1945 2572 1997 naz„
2620 1945 2772 2000 quae
2818 1928 3026 1985 inscri-

1745 2019 2008 2076 buntur:
2049 2016 2306 2075 Collectio
2341 2020 2401 2073 et
2431 2017 2832 2088 interpretatio
2851 2017 3028 2074 histo-

1746 2110 1997 2182 riarum,
2033 2125 2285 2181 quarum
2315 2104 2589 2163 meminit
2620 2104 2673 2162 d.
2709 2104 3029 2181 Gregorius

1746 2196 1808 2254 in
1843 2195 2206 2254 carminibus
2235 2195 2362 2253 suis
2392 2197 2523 2252 tum
2558 2212 2627 2251 ex
2661 2210 2706 2250 e.
2729 2194 3033 2269 Scriptura

1746 2288 1879 2343 tum
1928 2303 1998 2342 ex
2042 2283 2307 2359 profanis
2340 2284 2531 2358 poetis
2565 2285 2746 2357 atque
2781 2283 3031 2359 scripto-

1746 2375 1916 2432 ribus
1950 2369 2241 2459 (Migne
2262 2374 2324 2435 P.
2358 2372 2421 2430 G.
2454 2371 2768 2440 XXXVIII,
2814 2382 3034 2435 341——

1752 2459 1914 2563 681).
1945 2463 2066 2537 jam
2117 2450 2300 2520 locuti
2335 2479 2543 2520 sumus
2578 2479 2760 2535 supra
2790 2480 2845 2535 p.
2888 2470 3032 2524 171.
3121 2472 3124 2477 '

1746 2553 1831 2611 Ex
1864 2552 1994 2628 ejus
2026 2552 2255 2628 hymnis
2299 2569 2419 2610 non
2452 2550 2628 2610 multi
2660 2549 3028 2625 prodierunt,

1746 2660 1941 2716 neque
1991 2641 2054 2698 hi
2101 2659 2302 2699 omnes
2354 2644 2499 2699 sunt
2556 2641 2720 2709 certi,
2786 2658 2918 2697 cum
2971 2645 3033 2697 et

1749 2731 1998 2788 Kosmas
2035 2731 2235 2788 senior
2278 2731 2341 2788 in
2387 2729 2550 2805 poesi
2584 2727 2820 2804 egregie
2852 2728 3033 2785 fuerit

1747 2823 2016 2877 versatus
2046 2821 2106 2877 et
2138 2819 2385 2895 hymnos
2403 2817 2735 2892 reliquerit.
2783 2815 2899 2873 Eos
2925 2816 3027 2873 ha-

1746 2909 1851 2966 bes
1882 2908 1943 2964 in
1966 2908 2012 2965 G
2030 2908 2138 2965 all
2155 2927 2188 2965 a
2203 2926 2245 2964 n
2264 2907 2334 2963 di
2367 2909 2482 2964 vet.
2504 2907 2653 2981 patr.
2674 2903 3033 2963 bibliotheca

1748 2996 1904 3066 XIII,
1958 3005 2082 3058 234
2130 3014 2232 3064 ss.;
2279 2996 2533 3071 Migne
2578 2995 2641 3051 P.
2676 2993 2739 3055 G.
2772 2993 3027 3060 XCVIII,

1752 3094 2132 3155 459—5243
2179 3085 2382 3158 aliqua
2425 3084 2489 3141 in
2521 3082 2779 3140 Nilles
2813 3083 3027 3140 Kalen-

1747 3175 1914 3233 dario
1946 3175 2208 3232 manuali
2239 3173 2558 3248 utriusque
2589 3171 2884 3229 Ecclesiae
2917 3171 3029 3240 112,

1754 3272 2120 3325 260-269,
2195 3263 2339 3320 Illos
2401 3259 2839 3319 commentariis
2888 3259 3028 3317 illu-

1749 3355 2018 3410 strarunt
2102 3352 2192 3411 J0.
2281 3351 2641 3418 Zonaras„
2730 3349 3030 3407 Marcus

1747 3441 2072 3517 Eugenius,
2133 3439 2520 3516 Georgius
2578 3437 2923 3496 Corinthius
2970 3441 3031 3495 et

1750 3530 1794 3588 Τ
1811 3530 1849 3587 h
1867 3549 1897 3588 e
1912 3548 1946 3588 o
1963 3529 2001 3587 d
2017 3548 2049 3587 o
2066 3548 2096 3586 ι·
2112 3549 2153 3587 ιι
2171 3548 2196 3587 s
2234 3530 2612 3597 ProdromuS,
2666 3528 2837 3602 cujus
2871 3544 3028 3585 com-

1747 3619 2070 3676 mentarios
2103 3618 2166 3676 in
2198 3617 2460 3676 carmina
2479 3635 2642 3675 sacra
2659 3616 3030 3675 melodorum

1749 3708 1988 3766 Cosmae
2033 3706 2304 3769 hierosol.
2350 3710 2412 3764 et
2442 3706 2479 3764 J
2485 3725 2536 3765 0.
2568 3706 2911 3764 Damasceni
2956 3705 3031 3762 ad

1748 3796 1923 3854 fidem
1956 3795 2121 3854 codd.
2153 3814 2293 3857 msa.
2333 3795 2598 3870 primum
2628 3794 2817 3853 edidit
2847 3794 2919 3851 H.
2951 3793 3027 3850 M.

1750 3887 2215 3954 Stevenson‚
2250 3885 2465 3943 Romae
2504 3893 2690 3946 1888.

1830 4112 1864 4178 ¹)
1893 4106 1974 4162 Cf.
1993 4105 2879 4174 encomiumSuidaesuprap.
2897 4108 3028 4162 6722

1748 4169 2481 4234 Kr‘cumbacher674ss
2470 4175 3031 4228 -nardenhewer

1747 4246 2852 4316 KL.l[I,1103etPat1-ologie§105n
2881 4252 2931 4302 6.
