3505 5161
474 226 599 281 343
1105 215 1272 263 431—
1286 216 1404 264 504.
1430 205 1742 278 Scriptores
1769 206 1885 277 pol.
1910 208 2181 262 adversus
2207 208 2455 279 semipel.
2964 223 3088 276 344

469 395 922 455 diffundendam
951 394 1108 453 tanti
1128 394 1386 453 doctoris
1408 392 1752 456 doctrinam.
1809 394 1922 452 liae
1954 393 2134 464 dedit,
2179 394 2245 453 in
2289 413 2408 470 qua
2452 393 2693 452 laudata
2723 392 2999 469 Prosperi
3031 396 3093 451 et

475 484 632 554 ,Qui
648 482 1754 561 ergO,infertFessler-Jungmann
1810 482 2026 541 Hilarii
2071 483 2225 542 circa
2267 484 2458 542 Deum
2518 481 2923 542 sollicitudine
2967 484 3091 540 Au·

472 571 506 640 ἓ
544 583 688 644 228,
724 591 965 632 sensum
985 572 1314 649 Augustini
1345 576 1407 632 et
1437 571 1624 648 ipsius
1646 572 1754 631 Ec·
1810 571 2039 649 gustini
2100 572 2426 631 doctrinam
2489 571 2823 647 famamque
2882 572 3094 630 tuetur

472 662 683 721 clesiae
714 663 788 721 de
809 662 1002 739 gratia
1020 664 1082 720 et
1100 660 1636 738 praedestinatione
1659 659 1755 719 via
1810 664 1993 737 atque
2024 660 2329 737 episcopos
2363 661 2654 731 hortatur,
2700 665 2769 719 ut
2813 677 2921 736 pro
2961 679 3092 718 mu-

470 751 827 810 brevissima
870 753 933 809 et
985 750 1335 826 planissima
1378 768 1554 809 nosse
1601 750 1756 809 desi·
1811 768 1951 809 nere
1997 767 2106 809 suo
2151 752 2506 809 novatorum
2550 749 2847 808 obsistant
2876 748 3093 807 errori-

473 840 657 911 derat,
708 839 995 916 opuscula
1041 858 1086 902 s.
1132 839 1428 915 Prosperi,
1481 857 1631 915 quae
1682 839 1752 897 ad
1810 839 1944 902 bus.
1991 840 2283 899 Reversus
2316 839 2380 897 in
2400 839 2650 899 Galliam
2684 838 2858 896 fidem
2890 841 3094 897 contra

469 947 709 988 causam
772 928 1370 1006 semipelagianorum
1431 928 1752 1004 pertinent,
1813 929 2159 1006 Pelagianos
2192 948 2260 987 ex
2310 928 2665 1004 apostolicae
2699 927 2857 986 sedis
2889 928 3092 986 aucto-

474 1018 695 1095 legat.‘
748 1019 954 1093 Neque
974 1017 1167 1077 solum
1187 1036 1230 1077 s,
1260 1017 1518 1076 doctoris
1537 1017 1755 1076 doctri·
1811 1017 1990 1077 ritate
2009 1017 2292 1087 defendit,
2326 1021 2398 1076 ut
2427 1018 2555 1094 ipse
2575 1016 2788 1075 scribit
2818 1016 2883 1074 in
2915 1015 3093 1092 praef.

472 1126 611 1165 nam
642 1110 868 1176 tuetur,
902 1106 1004 1166 sed
1026 1107 1382 1183 quandoque
1415 1105 1631 1165 clarius
1664 1105 1772 1172 di·.
1811 1125 1961 1182 resp.
1994 1107 2067 1165 ad
2099 1107 2214 1179 obj.
2247 1107 2400 1165 vinc.
2433 1109 2502 1169 A.
2525 1114 2828 1169 431—32
2856 1104 3096 1180 scripsit

474 1195 853 1271 lucidiusque
884 1196 1181 1272 proponit,
1228 1196 1348 1254 imo
1378 1197 1442 1255 et
1471 1194 1755 1270 quasdam
1813 1196 2195 1272 Epitaphium
2244 1197 2610 1254 nestorianae
2658 1196 2712 1253 et
2750 1195 3096 1271 pelagianae

474 1284 759 1359 loquendi
791 1284 1077 1344 formulas
1110 1285 1380 1343 duriores
1411 1284 1758 1344 moderatur
1811 1286 2077 1344 haeresos
2123 1282 2402 1365 (Migne
2431 1284 2526 1355 LI,
2569 1293 2690 1347 153
2726 1279 2831 1364 s.);
2881 1285 2943 1341 et
2987 1298 3094 1359 pro

471 1376 654 1449 atque
684 1376 978 1449 temperat
991 1369 1060 1456 ²).
1113 1373 1359 1442 Quando
1391 1373 1605 1433 obierit
1638 1391 1758 1431 non
1811 1374 2037 1433 tuenda
2068 1377 2250 1449 atque
2281 1373 2641 1434 illustranda
2689 1392 2733 1432 s.
2765 1371 3097 1450 Augustini

473 1463 684 1538 liquet.
746 1462 1081 1522 Secundum
1120 1463 1264 1522 alios
1288 1464 1415 1539 jam
1446 1482 1493 1525 c.
1525 1482 1575 1521 a.
1611 1472 1755 1535 455,
1813 1463 2079 1524 doctrina
2095 1463 2514 1536 Responsiones
2533 1481 2642 1538 pro
2661 1460 3095 1539 Augustinoad

466 1552 643 1628 juxta
675 1551 823 1610 alios
856 1570 902 1610 c.
935 1572 985 1612 a.
1021 1562 1166 1616 463.
1812 1553 2075 1629 capitula
2103 1552 2207 1611 XV
2238 1552 2640 1625 objectionum
2670 1551 2969 1628 gallorum
3001 1568 3095 1608 ca·

1385 1660 1386 1663 ’
1811 1641 2235 1711 lumnantium,
2268 1636 2371 1722 (ib.
2414 1635 2818 1720 155—174);
2881 1641 2961 1698 ad
3000 1658 3096 1697 ca-

575 1738 711 1793 187.
746 1729 905 1789 Haec
935 1749 980 1789 s.
1014 1730 1290 1805 Prosperi
1324 1735 1471 1789 sunt
1503 1730 1756 1806 scripta:
1806 1731 2000 1807 pitula
2032 1731 2409 1806 objectionum
2455 1728 2969 1788 Vincentianarum
2990 1723 3097 1811 (ib.

477 1820 772 1894 Epistolae
821 1818 991 1889 duae,
1054 1837 1177 1877 una
1225 1819 1300 1877 ad
1347 1819 1758 1896 Augustinum
1823 1815 2224 1900 177—186);
2288 1837 2439 1895 quas
2487 1818 2765 1878 nonnulli
2814 1817 3099 1877 tribuunt

475 1904 703 1988 (opusc.
735 1907 935 1978 XXIV,
973 1912 1273 1983 47—62),
1315 1908 1503 1967 altera
1532 1907 1607 1966 ad
1638 1908 1758 1966 Ru·
1815 1906 2032 1968 celebri
2084 1908 2500 1968 Vincentio
2549 1907 2865 1976 lerinensi;
2916 1905 3098 1965 habes

473 1996 665 2055 finum
714 1996 971 2055 amicum
1029 1997 1299 2072 alioquin
1345 1997 1622 2073 ignotum
1683 1991 1758 2079 (c.
1815 2002 2101 2074 utrasque
2133 2015 2333 2073 opusc.
2355 1996 2579 2068 XXXV,
2623 2005 2988 2065 144—2033
3022 1995 3101 2053 ad

478 2082 832 2165 429—30),
883 2085 1104 2159 quibus
1153 2086 1757 2163 semipelagianorum
1814 2094 2079 2163 excerpta
2135 2088 2526 2165 qenuensium‚
2591 2104 2658 2144 ex
2738 2085 2909 2143 libris
2972 2084 3097 2147 scil.

476 2192 704 2232 errores
725 2174 971 2251 exponit
990 2177 1168 2250 atque
1182 2175 1305 2250 jam
1327 2174 1546 2235 refellit
1568 2171 1756 2257 (utra-
1817 2196 1862 2235 s.
1895 2175 2226 2253 Augustini
2258 2176 2331 2233 de
2351 2174 2897 2252 praedestinatione
2931 2191 3099 2233 sanc·

477 2280 594 2338 que
626 2263 878 2339 Migne
910 2261 1002 2333 LI,
1040 2258 1345 2345 67—90).
1409 2264 1528 2323 Eae
1560 2264 1760 2340 magni
1814 2269 2018 2324 torum
2049 2267 2111 2324 et
2132 2266 2204 2323 de
2224 2264 2380 2324 dom.
2402 2257 2877 2339 perseverantiae
2910 2259 3099 2344 (187-

480 2355 625 2410 sunt
644 2352 930 2411 momenti
949 2371 1058 2426 pro
1076 2353 1497 2429 cognoscendis
1517 2353 1759 2411 illorum
1821 2350 2004 2434 202);
2037 2353 2190 2413 liber
2220 2354 2289 2411 de
2314 2356 2512 2431 qratia
2544 2359 2596 2410 et
2626 2352 2805 2410 libero
2851 2352 3102 2410 arbitrio

477 2441 796 2499 erroribuS.
827 2470 916 2483 —-
948 2442 1189 2500 Carmen
1236 2443 1411 2518 plane
1448 2441 1758 2519 egregium
1816 2448 2022 2503 contra
2072 2443 2441 2513 Collatorem,
2492 2442 2614 2502 scil.
2666 2443 2873 2500 contra
2920 2441 3099 2499 colla-

474 2531 547 2588 do
596 2531 845 2609 inyratis
895 2530 932 2591 i.
983 2549 1032 2590 e.
1084 2530 1602 2609 Semipelagianis,
1657 2530 1761 2606 qui
1816 2533 2041 2593 tionem
2086 2531 2243 2591 XIII.
2307 2531 2400 2597 Jo.
2444 2530 2818 2602 Cassiani,
2872 2530 2935 2588 in
2983 2548 3102 2606 qua

476 2620 703 2696 gratiae
737 2619 842 2679 Dei
889 2624 1033 2679 sunt
1075 2621 1299 2697 ingrati
1342 2626 1404 2679 et
1447 2622 1578 2697 ejus
1623 2640 1760 2680 con·
1817 2622 2415 2699 semipelagianorum
2481 2620 2790 2697 opiniones
2841 2638 3100 2696 propug-

477 2712 800 2785 temptores
831 2704 936 2790 (ib.
956 2729 1011 2784 p.
1035 2719 1360 2780 91—148,
1394 2712 1572 2769 etiam
1605 2710 1762 2769 inter
1814 2715 2038 2771 nentur
2054 2705 2494 2792 (213—276);
2529 2709 2671 2768 haec
2701 2709 2902 2768 omnia
2918 2708 3098 2767 habes

482 2798 768 2872 opuscula
816 2816 892 2857 ss.
939 2798 1049 2856 PP.
1082 2800 1300 2858 selecta
1330 2799 1532 2869 XXIV,
1587 2807 1761 2862 62—-
1816 2800 1998 2859 etiam
2073 2799 2326 2877 Migne
2400 2798 2566 2871 XLV,
2650 2805 2812 2862 1793
2840 2806 3098 2861 -1898.

486 2882 657 2969 144).
688 2922 778 2930 —
807 2888 1253 2965 Epiyrammata
1285 2888 1403 2947 duo
1433 2888 1499 2947 in
1529 2888 1761 2947 obtrec-
1819 2888 2100 2949 Ostendit
2128 2889 2385 2965 Prosper
2432 2891 2637 2948 contra
2685 2906 2803 2958 eos,
2854 2888 3099 2946 initium

480 2978 732 3035 tatorem
766 2995 810 3038 s,
842 2977 1187 3054 Augustini,
1233 2977 1385 3036 sorte
1416 2977 1760 3036 Cassianum
1816 2979 1954 3037 fidei
1973 2995 2279 3053 nunquam
2293 2977 2557 3037 naturali
2577 2977 2837 3035 hominis
2853 2967 3105 3035 arbitrio'

478 3064 705 3144 (Migne
750 3065 841 3136 LI,
899 3062 1288 3146 149—153).
1340 3100 1418 3110 —
1466 3065 1762 3125 Defuncto
1817 3086 1990 3142 posse
2031 3066 2239 3137 tribui,
2267 3066 2370 3126 sed
2401 3084 2633 3142 semper
2658 3084 2789 3124 esse
2810 3083 2880 3124 ex
2908 3065 3103 3143 gratia

480 3154 824 3230 Augustino
864 3150 1067 3236 (430),
1119 3159 1190 3213 ut
1238 3174 1361 3214 rem
1412 3155 1762 3214 catholicam
1817 3157 1943 3216 Dei.
1979 3155 2301 3232 Synoptice
2333 3157 2513 3214 etiam
2548 3155 2788 3214 exhibet
2805 3153 3101 3229 quidquid

476 3242 695 3302 fortius
728 3243 793 3302 in
823 3243 1327 3321 Semipelagianos
1364 3247 1758 3320 promoveret,
1816 3245 1882 3304 in
1914 3245 2518 3322 Semipelagianorum
2568 3259 2746 3303 causa
2788 3261 2982 3320 usque
3025 3242 3099 3300 ad

476 3351 613 3390 cum
658 3331 997 3391 certaminis
1043 3333 1199 3392 socio
1245 3332 1474 3392 Hilario
1520 3333 1762 3392 Romam
1816 3335 1969 3392 illud
2034 3336 2266 3410 tempus
2329 3338 2567 3412 gestum
2626 3332 2812 3392 fuerit
2873 3334 3100 3410 (opusc.

479 3420 737 3496 perrexit
769 3421 842 3478 ad
875 3439 921 3484 s.
954 3420 1354 3480 Coelestinum
1384 3420 1412 3480 Ι
1445 3417 1520 3504 (a.
1545 3432 1763 3485 430—-
1818 3421 2072 3495 XXXVI,
2111 3418 2507 3505 224—337).

484 3509 609 3586 31),
657 3509 762 3585 qui
807 3509 1121 3584 epistolam
1169 3505 1263 3592 (in
1307 3529 1506 3586 opusc.
1539 3529 1616 3572 se.
1649 3513 1762 3572 PP.

478 3597 689 3667 XVIII,
729 3593 1107 3680 253—259)
1155 3599 1228 3657 ad
1272 3601 1579 3676 episcopos
1626 3601 1761 3660 Gal-
1918 3610 2057 3665 188.
2090 3601 2392 3677 Expositio
2419 3597 2783 3675 psalmorum
2814 3618 2849 3657 a
2887 3609 3101 3663 100——

1831 3701 1948 3753 150
2003 3686 2281 3772 (Migne
2312 3689 2405 3761 LI,
2462 3687 2836 3766 2772426)
2888 3688 3105 3747 hausta

558 3770 597 3840 ¹)
648 3766 1199 3823 Bardenhewer
1247 3779 1274 3836 ἓ
1320 3775 1388 3826 95
1437 3787 1495 3823 n.
1547 3776 1598 3825 3·
1646 3768 1768 3824 Seii
1818 3778 2001 3838 ferme
2047 3798 2117 3838 ex
2161 3778 2641 3837 enarrationibus
2674 3796 2719 3841 s.
2753 3777 3099 3854 Augustini,

479 3838 981 3982 ἒῐῗῑῖιὲἓῗὲἷὲἓὲ
984 3841 1419 3968 3233511252355
1416 3841 1766 3966 32³5&th
1819 3886 1957 3943 9⁸1³
1988 3867 2140 3927 f⁰rt0
2172 3867 2557 3944 0¹v0⁸itioni³
2601 3866 2667 3926 iu
2705 3885 2910 3926 omnes
2944 3867 3103 3943 psal-

481 3981 702 4051 Synode
733 4000 802 4035 zu
834 3981 1058 4052 Orange
1080 3987 1224 4054 (529)
1246 4000 1430 4055 gegen
1464 3984 1575 4037 den
1595 3983 1765 4038 Semi-
1820 3974 1966 4019 ΨΟΘ·
1998 3990 2085 4000 ““’“
2120 3957 2297 4015 Liber
2339 3958 2756 4016 oen‘mtiamm
2801 3950 2988 4039 (392)
3032 3975 3100 4015 ⁰¹

522 4053 926 4122 elagianismus
953 4055 1082 4107 sind
1110 4054 1305 4109 seinen
1333 4054 1617 4110 Schriften
1646 4058 1766 4108 ent-
1821 4045 2102 4121 operibus
2135 4064 2179 4107 s,
2213 4045 2541 4122 Augustini
2572 4044 2793 4121 absque
2825 4047 2988 4103 certo
3005 4063 3100 4103 or-

479 4072 656 4188 Εὲὶιῑιῐ,
687 4124 854 4178 addit
888 4125 951 4178 in
986 4126 1054 4179 ed
1083 4130 1149 4198 1).
1192 4126 1266 4179 Er
1298 4127 1456 4180 hatte
1492 4125 1612 4181 sich
1647 4127 1764 4180 voll
1820 4134 1956 4193 dine
1990 4133 2383 4193 delibata-um
2418 4130 2523 4217 (ib,
2559 4135 2894 4208 427496),
2939 4152 3102 4192 gum-

480 4196 1765 4338 ffiffissssssesssxssezssssiffihifflsss
1820 4243 1915 4282 ma
1988 4223 2160 4299 quasi
2223 4223 2558 4300 the010e³20
2622 4222 3101 4299 mmmm

481 4337 912 4409 einzudringen‚
957 4339 1075 4395 und
1121 4342 1337 4394 verti-at
1378 4341 1458 4395 sie
1498 4359 1620 4394 nun
1659 4340 1769 4394 mit
1819 4312 1906 4371 Ex
1935 4313 2031 4371 his
2062 4314 2391 4413 Sflqtentiae
2421 4311 2555 4372 XVI
2582 4311 2678 4371 Vel
2708 4311 2976 4389 integrae
3007 4311 3104 4370 Vel

479 4411 637 4464 einer
699 4411 904 4464 ebenso
968 4427 1200 4481 grossen
1240 4412 1646 4466 Gewandtheit
1683 4413 1765 4466 im
1820 4421 1888 4460 ex
1936 4405 2106 4478 parte
2155 4405 2315 4460 mter
2358 4418 2610 4461 canones
2655 4404 2925 4477 receptae
2958 4402 3104 4460 sunt

482 4481 804 4545 Ausdruck,
846 4481 952 4535 wie
978 4482 1298 4537 Sicherheit
1336 4482 1396 4536 in
1442 4483 1544 4537 der
1567 4484 1765 4538 Sache.
1821 4490 2056 4549 concilii
2106 4492 2452 4550 araugicani
2498 4489 2573 4552 11,
2637 4522 2724 4532 .-
2783 4489 3101 4567 Epiqram-

481 4551 726 4634 Freilich
753 4553 858 4606 hat
872 4570 933 4606 er
952 4569 1009 4607 es
1030 4553 1151 4607 sich
1167 4555 1428 4625 zugleich
1448 4557 1765 4626 angelegen
1820 4587 2043 4639 matum
2075 4600 2144 4639 ex
2176 4579 2491 4639 sententiis
2513 4597 2558 4637 3·
2577 4578 2909 4656 Augustini
2927 4578 3100 4648 liber,

481 4641 603 4677 sem
647 4626 849 4690 lamen,
894 4625 995 4679 clas
1022 4626 1209 4679 Herbe
1254 4626 1371 4682 und
1399 4626 1639 4680 Dflstere
1666 4626 1767 4680 der

481 4696 941 4766 Auschauungen
955 4696 1139 4751 seines
1150 4696 1406 4751 Meisters
1418 4716 1487 4751 zu
1499 4696 1766 4752 mildern.
1822 4668 2044 4744 qniblffl
2124 4668 2349 4745 9005oe
2424 4668 2678 4768 totidem
2742 4667 3103 4768 {Ontffllfiffm

482 4767 567 4821 Cf.
595 4768 838 4822 eundem
865 4766 928 4819 in
954 4767 1068 4821 KL.
1094 4768 1162 4832 X,
1191 4773 1491 4825 476—480.
1821 4753 2005 4839 (106)
2041 4775 2109 4816 ex
2139 4757 2513 4833 praecedenti
2561 4757 2735 4815 libro‘
2759 4759 2977 4816 iterato
3007 4775 3103 4814 in-
