3505 5161
1346 246 1399 300 S.
1427 243 1737 315 Gregorius
1766 243 2027 313 Magnus.

374 266 495 321 557
2863 260 2986 315 558

371 435 666 513 Cogitavit
723 434 796 493 de
846 433 1260 493 convertendis
1309 431 1383 493 ad
1432 431 1652 491 Christi
1709 450 1816 492 vus
1849 433 2167 491 Servorum
2184 429 2291 488 Dei
2306 438 2353 492 ‘.
2377 430 2705 489 Ecclesiam
2737 429 2986 489 sanctis-

372 524 547 583 fidem
580 523 796 601 Anglis
820 522 1064 599 jamque
1097 522 1278 582 Roma
1320 522 1468 581 clam
1515 539 1652 581 con-
1707 520 1875 580 simis
1908 520 2145 579 ornavit
2163 519 2465 579 institutis
2496 521 2558 578 et
2588 519 2847 597 legibus,
2880 537 2985 577 au-

374 614 669 673 sentiente
728 610 1008 688 pontifice
1069 611 1448 671 discesserat:
1517 627 1652 669 cum
1706 611 1824 669 lam
1856 608 2220 686 pontificiam
2240 607 2601 679 reformavit,
2634 609 2808 684 plura
2835 607 2990 666 circa

370 704 591 780 populo
613 702 811 779 ipsum
829 701 1191 760 reclamante
1222 719 1291 759 ex
1323 700 1451 776 ejus
1484 717 1650 774 prae-
1707 699 2014 777 liturgiam
2034 697 2364 758 constituit.
2411 696 2649 756 Effusae
2680 699 2808 756 erat
2837 696 2985 755 libe·

374 796 544 868 cepto
590 790 786 850 redire
832 793 927 849 est
974 792 1229 853 coactae.
1294 788 1532 866 Pelagio
1578 788 1651 852 11.
1706 788 1960 848 ralitatis
1980 788 2043 847 in
2061 804 2350 864 pauperes
2382 791 2443 846 et
2455 786 2819 864 peregrinos,
2841 801 2988 860 quo-

372 883 540 957 peste
570 884 699 939 tum
746 896 854 956 per
897 878 1130 938 Italiam
1167 882 1474 956 grassante
1507 878 1649 936 sub·

371 971 493 1029 lato
528 963 736 1052 (590),
785 986 1019 1028 summo
1058 968 1325 1027 omnium
1358 985 1653 1026 consensu

371 1059 636 1135 pontifex
688 1058 762 1116 eli
770 1057 967 1136 gitur:
1016 1074 1194 1132 quem
1243 1057 1528 1116 honorem
1577 1075 1653 1115 ne

371 1148 679 1224 acciperet,
746 1146 909 1206 omni
958 1163 1107 1205 usus
1155 1149 1250 1205 est
1297 1148 1423 1204 arte
1473 1145 1650 1205 etiam

374 1238 533 1315 fuga,
584 1235 688 1296 sed
718 1235 974 1295 frustra:
1020 1253 1204 1311 quare
1239 1244 1297 1298 3.
1330 1235 1487 1310 Sept.
1525 1244 1649 1298 590

375 1328 752 1386 consecratus
797 1328 890 1385 est
933 1324 1000 1384 in
1031 1323 1194 1384 Petri
1240 1341 1651 1384 successorem.

464 1423 609 1478 311.
641 1412 1027 1473 Tristissimis
1047 1414 1324 1490 procellis
1353 1414 1501 1472 tunc
1529 1412 1653 1490 agi-

374 1504 615 1563 tabatur
632 1503 926 1563 Ecclesiae
955 1503 1143 1573 navis,
1177 1502 1281 1562 sed
1311 1504 1482 1561 tanta
1510 1520 1653 1578 pru-

376 1593 578 1653 dentia
620 1595 682 1651 et
724 1591 1079 1651 fortitudine
1117 1592 1330 1668 Juncta
1360 1590 1652 1669 singulari

373 1682 666 1741 modestia
723 1684 786 1741 et
863 1681 1111 1740 caritate
1171 1700 1300 1740 eam
1362 1680 1531 1750 rexit,
1583 1682 1654 1738 ut

374 1770 650 1848 ingentia
723 1770 854 1846 ejus
928 1770 993 1828 in
1052 1769 1394 1829 universam
1454 1769 1652 1827 Eccle-

374 1860 529 1919 siam
591 1860 716 1918 sint
759 1859 987 1919 merita.
1053 1858 1249 1917 Missis
1327 1853 1513 1941 (597)
1589 1858 1653 1916 in

372 1948 743 2008 Britanniam
777 1948 929 2008 duce
961 1947 1479 2025 s.Augustino
1512 1947 1577 2011 O.
1599 1947 1652 2008 S.

371 2039 517 2097 Ben.
564 2038 782 2096 sanctis
829 2036 1140 2112 doctisque
1170 2036 1319 2095 viris
1350 2031 1493 2119 (40)
1524 2054 1651 2095 eam

372 2127 631 2186 insulam
644 2126 694 2207 ²)
745 2126 819 2185 ad
870 2124 1088 2185 Christi
1136 2125 1310 2185 fidem
1361 2124 1655 2185 convertit

375 2233 509 2275 vere
554 2219 868 2292 propterea
910 2234 947 2273 a
988 2234 1119 2276 ven.
1153 2215 1354 2274 Beda
1385 2214 1654 2291 ,Angliae

374 2305 714 2381 apostolus‘,
748 2308 994 2363 vocatus
1015 2304 1341 2362 Gothorum
1374 2304 1653 2362 multitu-

376 2394 573 2452 dinem
603 2394 677 2451 ab
709 2393 914 2452 ariana
944 2394 1242 2453 revocavit
1257 2393 1501 2464 haeresi,
1538 2394 1653 2452 Do-

373 2482 625 2541 natistas
669 2482 730 2540 in
776 2482 978 2541 Africa
1006 2482 1304 2559 repressit,
1350 2484 1652 2559 Agnoetas

373 2571 736 2631 Alexandria
748 2570 937 2648 ejecit,
950 2571 1203 2631 schisma
1210 2574 1455 2649 propter
1469 2570 1652 2630 trium

374 2661 768 2737 capitulorum
801 2660 1239 2720 damnationem
1272 2660 1551 2736 pluribus
1590 2661 1653 2719 in

372 2749 577 2809 ltaliae
622 2750 895 2826 partibus
926 2754 1106 2825 atque
1136 2749 1485 2827 regionibus
1515 2768 1651 2825 pro-

370 2838 613 2914 pinquis
645 2839 855 2916 vigens
885 2857 1101 2916 magna
1115 2858 1184 2898 ex
1201 2841 1371 2914 parte
1401 2839 1647 2898 restrin-

371 2927 489 2999 xit3
536 2927 786 2987 Joannis
831 2927 1197 3003 patriarchae
1243 2926 1649 2986 constantino-

371 3016 637 3091 politani,
685 3017 790 3092 qui
827 3017 942 3075 sibi
971 3015 1331 3076 universalis
1358 3015 1651 3074 Ecclesiae

371 3105 632 3180 episcopi
680 3122 896 3165 nomen
955 3105 1285 3183 arrogabat,
1348 3103 1650 3163 audaciam

374 3194 578 3270 vigore
608 3194 929 3270 apostolico
959 3195 1135 3272 fregit
1179 3197 1370 3269 utque
1402 3193 1661 3252 salutari.

375 3282 705 3342 afficeretur
713 3281 939 3359 pudore
949 3284 1164 3355 ,voluit
1173 3282 1462 3359 appellari
1474 3320 1503 3351 ,
1518 3282 1649 3340 Ser·

453 3386 490 3453 ¹)
517 3381 726 3452 Magno
778 3381 971 3437 fructu
1020 3381 1117 3437 liic
1166 3381 1455 3437 laboravit
1502 3381 1654 3434 inter

375 3451 533 3506 illius
557 3452 780 3507 insulae
821 3455 1037 3525 gentes,
1077 3455 1378 3522 factusque
1416 3455 1504 3508 est
1526 3469 1653 3507 can-

376 3523 680 3579 tuariensis
702 3524 1005 3596 episcopus
1040 3529 1215 3595 atque
1242 3523 1652 3580 ecclesiasticae

373 3593 726 3650 hierarchiae
776 3595 838 3650 in
879 3596 1092 3667 Anglia.
1135 3597 1354 3652 auctor.
1404 3595 1655 3650 Decessit

373 3672 459 3722 26.
485 3666 619 3736 Maj.
647 3673 768 3724 604.
805 3666 1007 3723 Exstat
1030 3670 1259 3722 tantum
1286 3668 1408 3738 ejus
1500 3671 1650 3722 istola

372 3736 445 3790 ad
473 3737 812 3808 Gregorium
838 3739 933 3803 M.‚
974 3756 1089 3808 qua
1115 3740 1254 3794 huic
1278 3740 1446 3810 ponti
1488 3738 1542 3792 ci
1567 3738 1651 3792 in-

1707 898 1841 937 rum
1874 877 2142 953 quotidie
2178 875 2410 950 aliquot
2454 875 2527 934 ad
2575 893 2836 935 mensam
2883 873 2986 932 ad·

1707 966 1981 1027 hibebat:
2015 966 2210 1042 iisque
2241 965 2305 1023 in
2336 965 2580 1025 remotis
2601 964 2835 1040 copiose
2857 981 2988 1022 suc·

1709 1056 1901 1116 currit
1931 1055 2295 1131 regionibus.
2353 1054 2425 1113 In
2456 1054 2791 1113 calamitate
2823 1052 2989 1111 urbis

1708 1146 1994 1204 adversus
2038 1143 2458 1221 Longobardos
2505 1143 2743 1202 assidue
2791 1141 2988 1200 immi-

1707 1237 1944 1305 nentes,
2009 1237 2301 1309 quantum
2362 1231 2588 1309 potuit,
2653 1230 2987 1297 consuluit:

1708 1323 2002 1382 Romanos
2033 1324 2127 1383 tot
2169 1321 2609 1381 calamitatibus
2642 1320 2883 1379 territos
2915 1318 2990 1378 ad

1708 1413 2004 1483 fiduciam,
2045 1412 2119 1470 ad
2153 1412 2259 1470 Dei
2290 1411 2440 1470 iram
2471 1409 2836 1487 poenitentia
2867 1427 2991 1467 mo-

1707 1521 1963 1577 rumque
2012 1500 2396 1560 conversione
2457 1498 2801 1575 placandam
2851 1496 2990 1554 ¹ani-

1708 1591 1910 1650 mavit.
1975 1589 2411 1660 ,Admirabilia
2455 1590 2616 1658 sunt,
2677 1590 2747 1646 ut
2792 1585 2992 1645 omnia

1706 1680 1910 1757 paucis
1922 1697 2055 1738 cum
2066 1678 2368 1737 Breviario
2378 1695 2500 1736 rom
2509 1694 2620 1736 ano
2634 1668 2988 1758 (in2.Noct.)

1707 1769 2186 1845 complectamur,
2231 1786 2381 1843 quae
2427 1766 2595 1835 dixit,
2646 1764 2800 1835 fecit,
2848 1763 2990 1823 scri-

1708 1859 1848 1934 psit,
1882 1856 2164 1927 decrevit,
2198 1855 2543 1933 praesertim
2573 1854 2807 1913 infirma
2838 1871 2990 1913 sem·

1706 1966 1816 2024 per
1847 1950 1909 2006 et
1938 1966 2113 2023 aegra
2143 1944 2501 2007 valetudine.
2519 1952 2545 1981 ‘
2611 1943 2774 2002 Adeo
2813 1942 2989 2012 enim,

1708 2034 1940 2095 ultimis
1972 2034 2324 2112 praesertim
2356 2034 2513 2093 vitae
2544 2033 2732 2100 annis,
2767 2030 2991 2089 morbis

1708 2124 2122 2196 afflictabatur,
2156 2126 2227 2183 nt
2260 2141 2431 2199 saepe
2465 2120 2810 2199 affigeretur
2839 2120 2990 2179 lecto

1708 2218 1773 2273 et
1816 2214 1914 2273 vix
1961 2213 2133 2273 festis
2179 2212 2272 2273 vel
2318 2210 2653 2289 praecipuis
2700 2210 2993 2268 interesse

1710 2308 1914 2379 posset
1944 2302 2143 2362 sacris.
2190 2303 2284 2361 Ita
2313 2301 2536 2360 morbis
2567 2298 2991 2373 laboribusque

1708 2396 2102 2467 consumptus
2135 2391 2210 2449 ad
2241 2395 2542 2450 aeternam
2560 2387 2807 2447 transiit
2820 2384 2867 2468 ¹)
2899 2405 2991 2445 re-

1708 2482 1910 2556 quiem
1942 2481 2116 2539 initio
2148 2481 2372 2539 mensis
2404 2477 2603 2538 Martii
2634 2497 2684 2536 a.
2720 2484 2866 2541 604.

1787 2672 1823 2751 ¹)
1852 2668 2028 2723 Plura
2054 2669 2125 2723 de
2152 2687 2193 2723 s.
2222 2668 2497 2739 Gregorio
2522 2669 2783 2722 referunt
2809 2683 2877 2722 ex
2904 2684 2994 2722 ve-

1707 2742 1928 2796 teribus
1989 2740 2082 2795 bio
2191 2739 2322 2811 phis
2372 2740 2656 2793 Paulus
2717 2737 2994 2793 diaconus

1707 2814 1888 2867 altera
1916 2827 2023 2866 sec.
2105 2811 2200 2865 111.
2228 2830 2285 2882 p.
2324 2810 2387 2866 in
2427 2812 2551 2879 ejus
2589 2815 2695 2864 vita
2723 2809 2991 2881 (Migne

1709 2882 1768 2936 P.
1799 2883 1857 2936 L.
1886 2883 2104 2947 LXXV,
2129 2887 2373 2939 41—49:
2413 2881 2486 2935 ad
2531 2881 2843 2935 editionem
2886 2879 2993 2934 ori·

1748 2953 1960 3008 inalem
1981 2955 2153 3023 juxta
2179 2953 2341 3007 codd.
2368 2969 2503 3007 msc.
2544 2953 2809 3008 accurate
2835 2950 2992 3005 resti-

1734 3027 1836 3078 uta
1861 3043 1895 3078 a
1922 3023 2184 3079 Grisar
2217 3024 2431 3078 Ztschr.
2452 3024 2560 3080 fik.
2580 3024 2682 3079 Th.
2706 3025 2870 3082 1887:
2902 3023 2991 3086 XI,

1713 3099 2044 3168 158—173):
2083 3096 2116 3150 J
2134 3114 2166 3150 o
2183 3112 2270 3148 an
2288 3114 2325 3148 n
2342 3111 2372 3149 e
2389 3113 2414 3148 s
2454 3095 2729 3150 diaconus
2773 3098 2840 3159 (c.
2867 3097 2991 3165 872)

1707 3166 1770 3221 in
1795 3173 1902 3222 vita
1931 3185 1972 3221 s.
2000 3166 2262 3238 Gregorii
2302 3166 2379 3238 (M
2396 3167 2414 3220 i
2432 3184 2524 3234 gn
2542 3184 2571 3220 e
2605 3165 2825 3230 LXXV,
2854 3172 2990 3220 59-

1707 3242 1864 3311 242);
1893 3255 1960 3292 ex
1986 3238 2400 3294 recentioribus
2414 3237 2601 3292 editor
2617 3236 2913 3291 maurinus
2930 3237 2991 3290 in

1708 3308 1831 3364 vita
1856 3327 1923 3364 ex
1951 3311 2207 3381 ejusdem
2248 3327 2379 3380 opp.
2421 3310 2662 3365 collecta
2700 3311 2761 3363 et
2784 3308 2845 3361 in
2873 3316 2908 3363 4
2931 3309 2993 3363 ll.

1709 3380 2021 3435 distributa
2049 3380 2127 3452 (M
2144 3381 2164 3436 i
2179 3399 2217 3453 g
2233 3402 2268 3436 n
2286 3398 2316 3435 e
2344 3384 2388 3438 t.
2411 3379 2630 3445 LXXV,
2659 3389 2758 3436 241
2772 3381 2959 3450 --46·2)
2979 3400 2990 3439 3

1708 3451 1770 3508 C.
1819 3453 1891 3505 W
1909 3470 1941 3508 o
1959 3454 1980 3506 l
1997 3453 2025 3506 f
2036 3470 2061 3506 s
2079 3471 2117 3523 g
2133 3470 2161 3505 r
2177 3471 2214 3506 u
2233 3454 2270 3507 b
2285 3469 2315 3506 e
2331 3469 2360 3505 r
2423 3451 2516 3505 die
2566 3450 2991 3522 vorpapstliche

1707 3524 2158 3595 Lebensperiode
2208 3522 2274 3577 G.
2324 3524 2423 3578 des
2465 3523 2559 3578 Gr.
2603 3522 2750 3580 nach
2796 3520 2992 3575 seinen

1708 3595 1935 3649 Briefen
1998 3595 2347 3666 dargestellt,
2411 3594 2581 3648 Wien
2635 3600 2772 3651 1886
2822 3592 2883 3645 in
2927 3600 2992 3653 8:

1708 3666 1926 3738 Gregor
1940 3666 2041 3720 der
2056 3666 2170 3728 Gr..
2187 3666 2441 3738 Saulgau
2463 3673 2599 3723 1800
2614 3665 2677 3718 in
2703 3672 2765 3722 8:
2789 3663 2829 3718 C
2844 3666 2866 3719 l
2880 3680 2914 3717 a
2935 3681 2992 3717 u·

1707 3737 1814 3794 sie
1830 3755 1858 3791 r
1884 3739 1962 3794 St.
1991 3737 2260 3810 Gregoire
2286 3738 2340 3791 le
2367 3737 2561 3791 Grand
2588 3739 2711 3800 etc„
2741 3751 2991 3806 ouvrage

372 3809 788 3880 tei-rogationes
814 3810 1103 3882 proponit,
1131 3811 1343 3879 quibus
1369 3810 1464 3864 hic
1488 3826 1651 3866 accu·
1705 3809 2010 3880 posthume
2036 3809 2234 3881 publie
2260 3826 2365 3879 par
2409 3809 2478 3862 H.
2507 3809 2551 3863 Ο
2569 3809 2605 3862 d
2622 3808 2797 3870 elin,
2838 3805 2990 3860 Pari-

372 3882 492 3934 rate
518 3881 831 3951 respondit,
872 3882 1024 3938 inter
1062 3883 1234 3952 hujus
1274 3898 1362 3953 ep.
1397 3885 1433 3937 1.
1459 3882 1538 3935 Xl
1562 3897 1650 3952 ep.
1706 3880 1974 3941 siis1886:
2007 3886 2159 3940 1891;
2186 3883 2254 3933 Α.
2277 3880 2497 3934 Inoux
2519 3880 2600 3934 St.
2616 3879 2872 3949 Gregory
2892 3878 2990 3931 the

374 3957 489 4007 164.
540 3953 749 4008 Verum
773 3952 1063 4035 pontificis
1104 3971 1455 4036 responsum,
1495 3951 1649 4022 quod
1706 3952 1896 4016 Great,
1940 3951 2031 4006 his
2071 3952 2229 4006 work
2268 3951 2382 4005 and
2407 3951 2501 4004 his
2527 3951 2711 4021 spirit,
2751 3949 2990 4004 London

369 4020 432 4074 in
477 4022 565 4077 ed.
608 4041 874 4079 maurina.
917 4024 1248 4095 plenissime
1292 4043 1334 4078 s.
1376 4023 1649 4094 Gregorio
1709 4029 1864 4088 1892,

1928 4025 2261 4093 praesertim
2325 4021 2372 4075 G
2388 4040 2418 4076 r
2432 4022 2454 4075 i
2468 4039 2494 4075 s
2509 4038 2544 4075 a
2558 4039 2588 4076 r
2651 4020 2988 4075 Geschichte

368 4093 657 4160 asseritur,
703 4095 1007 4150 recentiori
1055 4099 1243 4150 aetate
1286 4097 1407 4163 jam
1448 4095 1508 4152 in
1551 4096 1652 4149 du·
1707 4093 1880 4149 Roma
1907 4094 2027 4148 und
2055 4095 2157 4148 der
2181 4094 2262 4148 Pa
2304 4097 2387 4147 ste
2415 4096 2457 4149 t.
2485 4093 2554 4146 11.
2605 4093 2989 4146 Literaturam

372 4163 525 4218 bium
568 4169 823 4221 vocatur.
875 4166 1121 4221 Mediam
1148 4168 1316 4235 quasi
1342 4167 1497 4221 viam
1536 4166 1653 4221 init
1705 4166 2217 4236 exhibentpraeter

2292 4164 2987 4234 essler·Jungmann,

368 4237 415 4289 Gr
431 4236 537 4290 ris
555 4253 589 4290 a
609 4254 638 4290 r
675 4237 945 4292 Zeitschr.
986 4238 1026 4292 f.
1052 4238 1110 4291 k.
1138 4239 1330 4295 Theol.
1363 4246 1503 4295 1888
1527 4240 1649 4303 XII,
1707 4238 1747 4292 C
1765 4238 1804 4291 h
1821 4255 1849 4292 e
1867 4255 1901 4290 v
1918 4238 2023 4292 ali
2041 4253 2114 4291 er
2153 4236 2482 4307 Repertoire
2510 4241 2786 4293 921-232
2830 4238 2988 4297 2621,

370 4314 487 4371 510,
506 4309 678 4378 juxta
704 4325 876 4377 quem
901 4308 1005 4363 alii
1030 4308 1213 4364 literis
1238 4309 1653 4381 consignarunt
1706 4308 2044 4378 praesertim
2087 4308 2133 4361 B
2148 4327 2183 4363 a
2197 4326 2226 4361 r
2241 4310 2276 4362 d
2295 4325 2324 4361 e
2342 4327 2380 4360 n
2395 4307 2435 4361 h
2453 4323 2482 4361 e
2500 4323 2552 4359 w
2569 4324 2598 4360 e
2613 4324 2642 4360 r
2668 4315 2695 4371 5
2728 4312 2844 4371 118,
2885 4303 2987 4373 qui

368 4379 522 4447 quod
561 4379 825 4450 pontifex
863 4379 1116 4462 graviter
1153 4381 1496 4436 decumbens
1535 4397 1651 4436 ore·
1706 4381 1777 4434 de
1817 4381 2088 4451 pontifice
2129 4381 2321 4434 nostro
2374 4377 2601 4432 scribit:
2657 4376 2834 4430 Unter
2876 4374 2988 4428 den

368 4451 535 4503 tenus
558 4450 633 4504 ad
673 4454 1037 4520 quaestiones
1078 4452 1187 4508 sibi
1226 4453 1300 4507 ab
1336 4451 1650 4522 Augustini
1707 4453 1953 4522 Papsten
1993 4452 2093 4506 des
2143 4450 2502 4505 Alterthums
2566 4449 2669 4503 hat
2718 4465 2827 4501 nur
2876 4446 2987 4500 Leo

366 4521 573 4591 legatis
597 4522 922 4594 propositas
945 4523 1270 4595 respondit:
1316 4539 1450 4577 nam
1475 4526 1590 4588 iani
1617 4540 1652 4577 a
1704 4523 2270 4580 inahnlicherWeise
2287 4521 2397 4575 tief
2406 4520 2527 4574 und
2548 4517 2987 4574 bahnbrechend

368 4591 411 4643 B
427 4608 458 4646 e
474 4591 509 4646 d
526 4610 560 4645 a
586 4597 655 4647 ut
671 4594 981 4666 legationis
996 4594 1383 4650 fructusillnd
1399 4595 1650 4649 exhibet.
1704 4595 1769 4649 in
1808 4594 1899 4649 die
1937 4593 2294 4650 kirchlichen
2336 4593 2455 4645 und
2499 4591 2593 4645 die
2643 4589 2987 4662 politischen

366 4662 695 4789 viteame‘us
707 4665 1069 4737 descripsitG
1088 4683 1119 4720 o
1137 4684 1166 4722 c
1181 4682 1210 4720 e
1224 4667 1245 4720 l
1257 4666 1279 4719 i
1291 4684 1328 4718 n
1340 4685 1377 4720 u
1390 4684 1415 4719 s
1432 4672 1478 4735 (ψ
1494 4671 1649 4737 1098)

367 4752 663 4877 ίἓίιῃςιιείςὶιι
690 4808 759 4862 de
788 4810 864 4873 C..
891 4809 1051 4862 Paris
1080 4813 1235 4866 1897.

1706 4665 2206 4720 Zeitverhaltnisse
2232 4663 2627 4736 eingegriffen.
2656 4661 2990 4732 Gregorhat

621 4735 750 4806 ign
767 4754 797 4791 e
823 4738 1039 4802 LXXX,
1066 4744 1308 4799 43—943
1350 4737 1395 4789 B
1413 4754 1488 4790 ro
1506 4756 1542 4790 u
1570 4739 1649 4792 St.
1704 4736 1792 4790 als
1819 4737 2250 4807 Mitbegrfinder
2276 4736 2433 4790 einer
2461 4751 2646 4789 neuen
2674 4734 2795 4787 Zeit
2820 4731 2986 4786 einen

1704 4809 1855 4864 noch
1895 4809 2306 4879 gewaltigeren
2350 4807 2471 4860 und
2515 4804 2987 4874 nachhaltigeren
