3505 5161
2945 266 3024 323 XI

414 445 678 502 nostram
710 443 983 519 fugerint
1014 442 1434 512 attentionem3
1469 443 1973 503 desiderabantur
2003 462 2180 519 opera
2210 445 2284 502 ab
2317 443 2438 502 iuis
2460 444 2775 515 elaborata,
2798 464 2831 502 a
2850 444 3024 503 nobis

416 567 552 607 vero
583 549 1040 625 praetermissa3
1079 548 1377 626 judicium
1423 549 1494 609 de
1540 568 1743 609 eorum
1776 550 1968 626 pretio
2019 568 2139 609 non
2170 551 2445 609 omnibus
2480 551 2849 625 probabitur,
2885 553 3025 626 quia

414 654 610 714 minus
655 655 992 715 fundatum.
1052 655 1323 715 Ceterum
1377 674 1510 713 cum
1559 655 1914 730 plerumque
1963 655 2138 714 bonis
2194 655 2293 713 usi
2354 656 2542 714 simus
2589 654 2873 726 sontibus,
2920 652 3025 730 qui

413 763 614 819 nostra
644 760 835 820 adhuc
866 764 1061 820 aetate
1092 761 1250 837 apud
1284 761 1443 820 viros
1473 760 1795 820 admodum
1826 761 2061 819 criticos
2106 761 2307 838 magni
2351 764 2491 821 sunt
2536 761 2599 820 in
2645 760 2855 837 pretio,
2904 777 3024 818 non

412 868 804 944 assequimur,
837 869 1132 945 quomodo
1162 868 1594 947 generatim
1627 886 1778 943 quae
1809 886 1878 926 ex
1912 867 2033 925 illis
2066 867 2323 927 fideliter
2369 868 2861 945 deprompsimuS‚
2895 868 3021 927 uti·

412 976 583 1034 litate
615 978 869 1039 careant.
930 976 1345 1036 Necessarium
1380 995 1516 1035 vero
1548 975 1720 1035 nobis
1752 994 1874 1034 non
1903 975 2160 1047 videtur,
2206 980 2278 1034 ut
2320 977 2515 1036 fontes
2562 976 3021 1052 protestantium

412 1084 708 1143 catholicis
739 1103 971 1160 semper
1000 1086 1413 1161 praefer-timue,
1461 1104 1580 1144 non
1625 1086 1783 1161 quod
1830 1085 1966 1144 illos
2015 1085 2368 1162 spernimuS‚
2420 1084 2523 1143 sed
2569 1086 2710 1162 quia
2755 1086 2874 1144 illis
2904 1103 3025 1143 non

413 1193 574 1251 omni
620 1192 923 1251 occasione
972 1192 1328 1269 indigemus,
1390 1193 1634 1268 Aequus
1678 1212 1817 1251 vero
1863 1210 2067 1252 censor
2118 1193 2330 1251 saltem
2380 1213 2451 1252 ex
2495 1193 2603 1252 hoc
2652 1196 2814 1252 tomo
2848 1192 3023 1251 facile

413 1304 706 1376 agnoscet,
739 1318 849 1357 nos
883 1300 1019 1375 plus
1051 1299 1507 1375 protestantium
1540 1299 1819 1358 habuisse
1861 1300 2150 1359 rationem
2194 1304 2520 1370 auctorum,
2569 1319 2746 1375 quam
2779 1301 2897 1378 ipsi
2931 1319 3023 1359 so-

410 1407 575 1465 leant
606 1406 1028 1466 catholicorum
1060 1407 1155 1465 uti
1187 1407 1481 1483 operibus,
1523 1406 1532 1415 '

590 1512 896 1587 Ejusmodi
928 1530 1067 1571 vero
1100 1531 1381 1572 censurae
1412 1530 1520 1572 nos
1552 1532 1672 1573 non
1721 1512 2104 1573 deterrebant
2133 1513 2206 1573 ab
2240 1514 2465 1573 edendo
2497 1515 3026 1590 prosequendoque

414 1620 521 1679 hoc
552 1638 742 1695 opere.
774 1619 989 1678 Melius
1022 1619 1177 1677 enim
1202 1620 1644 1679 aestimavimus
1667 1620 1833 1681 illius
1854 1620 2131 1679 exhibere
2152 1619 2449 1695 specimen
2468 1624 2647 1697 atque
2665 1621 3024 1693 rudimenta,

412 1746 548 1788 cum
579 1746 645 1786 eo
678 1726 798 1785 fere
832 1745 1155 1798 careamus,
1187 1731 1249 1785 et
1279 1728 1632 1796 nesciamus,
1655 1745 1762 1803 per
1782 1729 1931 1802 quot
1950 1727 2232 1786 decennia
2251 1746 2318 1786 eo
2340 1728 2526 1786 simus
2561 1727 2824 1788 carituri.
2856 1729 3028 1787 Alius

410 1837 576 1906 forte,
610 1839 683 1894 ut
714 1852 1040 1909 speramus,
1073 1835 1550 1893 nomenclaturae
1582 1835 1875 1909 ejusmodi
1906 1834 2171 1893 utilitate
2206 1837 2577 1910 provocatuS,
2612 1839 2812 1894 nostra
2845 1836 3024 1894 vesti-

408 1942 507 2018 gia
539 1943 743 2019 legens
775 1958 927 2016 opus
959 1940 1106 2000 rude
1137 1943 1199 1999 et
1229 1940 1639 2017 imperfectum
1672 1940 2029 2010 emendabit,
2078 1941 2351 2016 expoliet‚
2400 1940 2679 2017 perficiet,
2714 1947 2787 2000 ut
2817 1942 3024 2017 aequis

406 2050 676 2108 virorum
709 2047 1082 2111 eruditorum
1115 2048 1269 2107 votis
1303 2047 1642 2118 satisfaciat,
1678 2047 1836 2123 quod
1869 2047 2013 2106 faxit
2043 2048 2235 2107 Deus!

586 2243 921 2318 Oeniponte
952 2243 1048 2302 die
1079 2243 1232 2303 festo
1264 2244 1320 2302 b.
1353 2244 1572 2304 Canisii
1611 2254 1709 2307 27.
1744 2247 1884 2319 Apr.
1927 2254 2110 2307 1903.

2379 2423 2674 2482 Hurter
2707 2406 2761 2482 S.
2794 2423 2852 2483 J.
