3505 5161
562 247 595 295 g
607 243 640 294 3
653 244 685 293 9
1395 228 1695 277 851-900.
1728 220 2001 280 Historia..
2030 220 2333 290 GeorgiuS,
3057 240 3176 294 340

558 413 849 493 σῦντομον
905 407 977 472 ἐν.
1037 410 1335 492 διαφόρων
1405 413 1841 493 χρονογράφων
1898 430 1953 485 p.
1984 420 2039 472 3.
2061 410 2133 467 ab
2154 428 2202 472 a.
2228 417 2685 482 863-8823p.
2725 418 2781 469 4.
2804 409 2878 466 ab
2899 418 3173 473 &882—

557 521 617 561 τε
651 502 754 561 καὶ
785 496 1086 583 ἐξηγητῶν
1107 500 1399 579 συλλεγὲν
1432 502 1534 561 καὶ
1557 500 1840 562 συντεθὲν
1901 508 2061 561 887:
2108 498 2320 557 harum
2367 498 2620 556 duarum
2652 516 2749 573 pp.
2776 498 2951 573 juxta
2981 515 3179 556 recen-

557 583 671 650 ὑπὸ
725 587 780 651 Γ.
832 597 941 648 etc.
1018 587 1238 647 Hausit
1287 606 1425 647 suas
1474 588 1718 647 notitias
1770 606 1841 647 ex
1896 592 2018 646 tem
2050 588 2334 646 editorem
2366 588 2616 645 Kurze
2660 591 2866 646 auctor
2910 592 3003 645 est
3033 587 3087 644 M
3107 607 3175 646 e·

557 679 837 754 operibus
868 696 989 737 non
1019 679 1215 736 solum
1235 677 1405 736 nobis
1427 677 1701 754 cognitis,
1736 677 1839 736 sed
1897 677 2331 754 giuhardus
2408 676 2471 734 Ο.
2534 675 2588 736 S.
2652 676 2796 734 Ben.
2860 676 3178 735 monachus

557 775 617 826 et
649 767 1002 844 deperditis.;
1035 785 1141 843 pro
1174 770 1387 842 quarto
1420 766 1458 828 l.
1493 761 1839 848 (813-842)
1896 766 2188 825 fuldensis
2208 763 2270 845 (†
2292 761 2478 847 888):
2506 765 2828 840 subjuncta
2859 771 2952 823 est
2972 785 3105 842 pars
3125 776 3180 829 5.

557 859 753 916 utitur
784 856 1137 932 praesertim
1167 855 1520 931 Theophane
1566 857 1629 914 et
1664 855 1838 914 Nice·
1900 876 1934 913 a
1965 855 2220 931 quodam
2251 856 2477 913 Bavaro
2509 853 2601 916 ab.
2621 874 2670 911 a.
2695 863 3035 918 882--901
3068 856 3182 914 sub

557 946 758 1021 phor0‚
792 946 937 1004 adeo
968 947 1037 1003 ut
1070 944 1382 1020 aliquoties
1416 963 1535 1003 non
1564 944 1842 1020 praebeat
1897 944 2281 1021 inscriptione
2358 944 2826 1002 Continuationes
2885 942 3177 1019 bajovari-

555 1037 677 1095 nisi
728 1034 1101 1110 Theophanis
1161 1033 1479 1108 epitomen.
1563 1033 1842 1092 Libenter
1896 1052 1997 1092 cae
2044 1029 2108 1115 (i.
2140 1053 2188 1096 e.
2236 1032 2664 1092 ratisbonensis
2709 1035 2772 1091 et
2810 1032 3182 1113 altahensis).

558 1124 939 1199 quaestiones
970 1123 1220 1200 attingit
1249 1122 1576 1199 religiosas,
1622 1123 1686 1180 in
1718 1124 1839 1180 ico-

556 1215 846 1273 noclastas
877 1212 1197 1282 invehitur,
1240 1210 1640 1288 digressiones
1679 1215 1839 1270 amat

556 1301 920 1379 theologicas
954 1301 1248 1377 longaque
1280 1301 1424 1359 citat
1468 1305 1704 1378 patrum
1747 1303 1837 1358 te·

558 1390 855 1450 stimonia.
921 1390 1012 1448 Ab
1075 1390 1210 1448 aliis
1259 1389 1377 1448 fuit
1425 1390 1837 1462 continuatae,

556 1480 904 1557 praesertim
922 1500 956 1537 a
973 1480 1243 1539 Simeone
1266 1479 1551 1556 magistro
1582 1482 1644 1537 et
1676 1479 1838 1555 logo·

557 1571 722 1629 theta
767 1568 840 1628 ad
886 1589 935 1630 a.
986 1577 1145 1638 9483
1196 1570 1450 1627 aliorum
1495 1568 1837 1645 ignotorum

557 1663 865 1718 auctorum
895 1657 1300 1717 additamenta
1343 1658 1399 1716 ei
1436 1657 1602 1716 fuere
1633 1659 1841 1716 assuta

557 1750 626 1806 acl
673 1768 723 1806 a.
778 1759 960 1810 1071.
1020 1756 1199 1810 1081·
1257 1757 1440 1816 1143,
1504 1750 1575 1806 ut
1621 1745 1836 1822 triplex

556 1838 764 1896 saltem
787 1836 983 1911 operis
1003 1836 1292 1895 habeatur
1311 1836 1590 1895 recensio.
1622 1838 1676 1893 A
1695 1836 1838 1894 scri-

556 1925 827 2002 ptoribus
858 1924 1113 2000 posteris
1146 1925 1328 1984 fontis
1362 1925 1552 1984 instar
1585 1924 1703 1983 fuit
1733 1924 1834 1983 ad·

557 2015 786 2073 hibitus
831 2017 893 2073 et
935 2032 1115 2088 saepe
1146 2014 1499 2089 descriptus,
1548 2033 1581 2071 a
1612 2014 1838 2091 graecis

557 2104 818 2162 multum
835 2103 1160 2172 lectitatuS,
1193 2104 1464 2162 versione
1483 2102 1695 2161 slavica
1725 2102 1837 2161 dif-

557 2187 809 2274 fususl).
874 2191 1105 2250 Prodiit
1135 2192 1392 2267 primum
1424 2186 1658 2269 integra
1703 2211 1836 2251 cum

557 2279 1108 2340 continuationibus
1152 2281 1225 2340 sd
1263 2302 1315 2340 a.
1360 2290 1524 2344 1143
1559 2299 1701 2341 cura
1730 2281 1838 2340 Ed.

558 2370 631 2428 de
648 2371 703 2427 Μ
720 2389 761 2428 u
778 2389 809 2427 r
823 2370 894 2427 al
908 2372 952 2438 t,
976 2369 1275 2445 Petropoli
1302 2382 1321 2433 1
1340 2380 1417 2433 85
1429 2381 1484 2441 9,
1513 2370 1835 2429 dolendum

556 2464 755 2518 tamen
828 2477 896 2517 ea
956 2459 1046 2519 ed.
1111 2477 1229 2517 nou
1288 2459 1552 2518 exhiberi
1604 2462 1835 2518 textum

559 2566 777 2624 purum
807 2551 870 2606 et
900 2547 1265 2626 originalem,
1299 2549 1399 2607 sed
1436 2548 1593 2607 haud
1625 2567 1839 2625 parum

559 2658 591 2694 a
652 2638 904 2714 posteris
967 2640 1372 2698 retractatum.
1455 2638 1715 2697 Transiit
1776 2638 1837 2695 in

556 2727 810 2803 Migne
841 2727 904 2785 P.
939 2727 1003 2785 G.
1036 2726 1127 2784 CX
1168 2745 1302 2786 cum
1333 2728 1598 2786 versione
1630 2728 1836 2797 latina,

557 2834 708 2892 quae
739 2815 964 2891 prodiit
994 2816 1173 2874 etiam
1206 2816 1268 2873 in
1299 2816 1360 2873 P.
1395 2817 1460 2879 G.
1495 2816 1674 2875 latine
1704 2819 1835 2876 tan·

558 2909 687 2963 tum
733 2904 822 2963 ed.
854 2903 1028 2975 LVII,
1081 2913 1505 2974 549—10243
1553 2924 1688 2981 pars
1731 2924 1838 2981 po-

559 2994 773 3053 sterior
822 2990 1107 3075 (813·-9
1119 2993 1224 3069 48)
1288 2993 1400 3053 sub
1448 2994 1838 3070 inscriptione

560 3085 703 3142 vitae
734 3085 1113 3141 recentiorum
1143 3085 1582 3157 imperatorum,
1617 3083 1840 3159 legitur

558 3173 736 3231 etiam
778 3172 839 3230 in
884 3173 942 3229 P.
976 3171 1042 3232 G.
1074 3171 1213 3242 CIX,
1252 3181 1619 3236 823—984.
1688 3172 1840 3231 Hinc

558 3261 767 3320 critica
796 3260 1061 3320 editione
1092 3261 1285 3320 adhuc
1317 3279 1599 3320 caremuS.

1897 1126 2036 1198 post
2085 1122 2277 1181 varias
2327 1121 2617 1180 editiones
2667 1139 2903 1181 mancas
2952 1128 3013 1180 et
3062 1141 3179 1180 non

1896 1213 2162 1288 integras
2209 1212 2297 1271 ed.
2340 1231 2390 1269 a.
2422 1211 2647 1269 Pertz
2677 1211 2833 1269 Mon.
2874 1223 2925 1281 1,
2965 1222 3178 1275 343-

1899 1310 2059 1369 415;
2137 1303 2407 1359 accurate
2483 1300 2821 1376 recognitae
2899 1318 3019 1363 cur.
3089 1302 3179 1359 Fr.

1897 1391 2144 1449 Kurze
2172 1384 2240 1471 ¹),
2284 1389 2667 1448 Hannoverae
2709 1397 2866 1452 1891
2908 1390 2971 1447 in
3007 1402 3062 1451 8.
3096 1424 3179 1433 —

1899 1479 2094 1554 Hujus
2133 1477 2503 1555 Meginhardi
2542 1481 2633 1536 est
2689 1496 2879 1536 sermo
2929 1476 3002 1537 de
3039 1482 3183 1537 actis

1897 1576 1948 1626 et
1998 1569 2392 1626 translatione
2435 1570 2700 1641 corporis
2717 1586 2763 1628 s,
2797 1567 3070 1626 ferrucii
3102 1570 3184 1627 M.

1895 1651 1968 1740 (c.
2001 1676 2052 1718 a.
2089 1652 2243 1735 300)
2288 1657 2352 1715 in
2399 1658 2545 1715 actis
2591 1657 2686 1718 SS.
2738 1665 2839 1720 28.
2887 1657 3010 1716 Oct.
3055 1657 3179 1725 XII,

1899 1755 2267 1810 538—543.
2333 1746 2507 1804 Forte
2553 1745 2745 1821 ipsius
2796 1764 3036 1822 quoque
3091 1752 3180 1805 est

1894 1837 2190 1894 tractatus
2219 1834 2427 1893 <brevis
2473 1836 2543 1892 de
2583 1835 2713 1910 fide,
2768 1835 2841 1893 de
2890 1837 3179 1894 varietate

1894 1924 2151 2000 symboli
2184 1928 2246 1982 et
2276 1924 2349 1982 de
2381 1923 2651 2000 symbolo
2683 1925 3025 1999 apostolico,
3076 1925 3178 2001 qui

1894 2013 2119 2089 prodiit
2155 2012 2428 2072 Coloniae
2470 2021 2634 2076 1532
2682 2031 2820 2071 cum
2866 2013 3182 2091 Evangeli-

1895 2102 2080 2161 stario
2112 2102 2288 2161 Marci
2324 2101 2662 2160 Merulli.

1987 2328 2131 2379 461.
2171 2318 2355 2375 Casus
2399 2336 2443 2378 s.
2497 2317 2655 2375 Galli
2699 2316 2822 2375 sive
2870 2317 3178 2376 historiam

1894 2406 1965 2465 de
2000 2406 2227 2482 origine
2273 2408 2334 2464 et
2378 2406 2450 2464 de
2497 2406 2750 2464 diversis
2783 2406 3016 2464 casibus
3050 2425 3172 2464 mo-

1894 2647 2050 2717 apud
2103 2646 2297 2700 Mabi
2316 2649 2471 2702 llon
2521 2647 2584 2700 in
2635 2647 2778 2702 actis
2832 2648 2925 2702 SS.
2980 2648 3075 2701 III.
3129 2653 3184 2711 2.

1897 2725 2212 2776 246—2593
2253 2718 2316 2771 in
2354 2718 2496 2772 actis
2525 2719 2619 2772 SS.
2649 2719 2744 2784 111,
2783 2726 2835 2780 2,
2865 2726 3179 2776 246—259:

1895 2789 1955 2843 in
1983 2790 2126 2844 actis
2154 2789 2247 2845 SS.
2275 2796 2360 2845 28.
2378 2790 2532 2859 Sept.
2550 2791 2671 2854 VH,
2689 2793 2992 2852 760-769,
3021 2791 3098 2845 Μ.
3116 2791 3177 2844 G.

1896 2861 2016 2925 XV,
2061 2862 2102 2922 Ι,
2149 2869 2250 2917 118
2276 2879 2345 2914 ss.
2399 2860 2481 2914 Cf.
2522 2861 2886 2915 Potthast
2925 2880 2981 2932 p.
3015 2867 3182 2918 1429:

1905 2936 2024 2988 Vita
2055 2936 2270 2987 Rabam‘
2294 2936 2498 2995 Mauri,
2541 2949 2687 3001 quae
2730 2935 2923 2987 tamen
2951 2950 3065 2987 non
3099 2935 3180 2986 est

1899 3003 2259 3075 biographia,
2287 3004 2384 3058 sed
2411 3005 2614 3074 potius.
2650 3004 2907 3058 narratio
2948 3005 3179 3058 transla-

1895 3075 2071 3130 tionis
2099 3075 2476 3144 reliquiarum
2503 3079 2851 3139 sanctorum,
2879 3092 3022 3144 quas
3060 3075 3179 3129 Ra-

1898 3150 2116 3200 banus
2147 3146 2221 3199 M.
2252 3147 2382 3203 eccl.
2416 3146 2670 3201 fuldensi
2697 3147 2920 3212 intulit,
2941 3152 3001 3202 et
3015 3148 3180 3201 mira-

1897 3220 2156 3272 culorum
2184 3235 2379 3272 earum
2399 3234 2570 3288 opera
2595 3221 2968 3287 patratorum.
2997 3219 3177 3282 Quare

1901 3289 1967 3340 W
1987 3290 2139 3343 aitz
2185 3306 2308 3343 eam
2349 3288 2645 3360 inscripsit
2688 3293 2960 3344 Miracula
2986 3292 3078 3345 SS.
3126 3295 3178 3342 iu

1897 3364 2033 3428 fuld.
2084 3364 2349 3416 eeclesiam
2400 3365 2820 3418 translatorum:
2880 3364 3180 3416 Translatt'o

652 3451 797 3502 460.
832 3441 1088 3497 Multum
1122 3438 1445 3498 laudantur
1461 3443 1705 3516 propter
1734 3459 1839 3499 no·
1894 3453 1933 3486 s.
1965 3436 2284 3501 Alexandri,
2303 3449 2336 3485 a
2357 3431 2606 3486 Rudolfo
2623 3437 2827 3503 coepta
2843 3439 2951 3485 eta
2968 3433 3179 3503 Megia-

559 3529 829 3586 titiarum
859 3526 1286 3586 sincertitatem
1319 3532 1380 3586 et
1409 3528 1841 3588 accurationem

562 3619 820 3676 Ammles
850 3617 1134 3691 fuldenses
1168 3626 1535 3687 080-901,
1586 3635 1840 3692 quorum

561 3706 827 3781 quinque
847 3706 1307 3782 distinguuntur
1331 3709 1559 3780 partes:
1606 3722 1652 3766 ι.
1685 3706 1759 3764 ab
1791 3727 1840 3765 a.

564 3803 909 3858 680—838
933 3795 1084 3854 forte
1116 3794 1508 3869 Eginhardi
1546 3790 1839 3877 (p.'‘.'44);

566 3893 619 3946 2.
652 3888 745 3942 est
777 3884 1065 3942 Rudolf
1076 3885 1096 3941 i
1124 3882 1479 3963 fuldensis2)
1513 3884 1654 3942 stilo
1682 3885 1839 3942 claro

561 3977 621 4031 et
665 3993 816 4049 puro
861 3973 1212 4032 concinnata
1254 3973 1326 4030 ab
1373 3992 1422 4030 a.
1459 3983 1838 4044 838—8633

643 4149 677 4214 ¹)
705 4143 754 4195 Κ
772 4161 799 4196 ι·
814 4163 849 4197 u
872 4161 924 4195 m
945 4145 981 4196 b
996 4160 1029 4195 a
1047 4161 1075 4196 c
1093 4143 1130 4196 h
1149 4159 1177 4196 e
1194 4161 1221 4196 r
1249 4142 1449 4196 Gesch.
1470 4144 1569 4198 der
1586 4145 1707 4212 byz.
1732 4144 1841 4197 Lit.

563 4215 789 4284 passim,
849 4214 1141 4268 raescrtim
1158 4235 1213 4296 p.
1231 4221 1336 4271 352
1354 4233 1453 4274 ss.;
1482 4216 1523 4268 P
1541 4233 1573 4268 o
1591 4217 1616 4267 t
1632 4218 1657 4268 t
1672 4217 1708 4269 h
1726 4232 1762 4268 a
1779 4233 1804 4268 s
1820 4220 1844 4268 t

564 4304 618 4354 p.
646 4293 779 4345 499:
868 4305 899 4341 o
917 4304 949 4340 o
968 4304 994 4338 r
1022 4303 1247 4354 passim,
1275 4303 1359 4340 ex.
1387 4304 1471 4356 gr.
1492 4286 1584 4341 die
1608 4286 1842 4339 Univer-

564 4357 890 4410 salchronik
905 4358 1000 4411 des
1012 4357 1218 4426 Georgi
1228 4375 1291 4410 us
1304 4358 1616 4411 Monachus
1635 4358 1695 4410 in
1707 4358 1841 4411 hist.

568 4427 1099 4497 Untersuchungen.
1139 4428 1301 4482 Bonn
1336 4436 1469 4485 1882
1538 4470 1549 4484 .
1579 4433 1841 4488 276-295:

566 4500 981 4569 Knoepfler
1022 4500 1400 4563 KL.V‚33:3:
1532 4501 1841 4554 uraltin

565 4570 781 4639 proleg.

1897 3503 2075 3557 hardo
2118 3507 2164 3571 ts*
2191 3509 2316 3574 888)
2361 3502 2716 3568 continuata,
2755 3504 2818 3558 in
2859 3521 2974 3572 qua
3015 3504 3178 3576 plura

1898 3575 2225 3628 referuntur
2264 3575 2336 3628 ad
2363 3577 2652 3629 Saxonum
2691 3575 2991 3630 historiam
3034 3592 3178 3647 spec·

1898 3648 2100 3704 tantia.
2145 3646 2230 3699 ecl.
2259 3646 2301 3698 P
2319 3651 2473 3700 ertz
2519 3648 2610 3701 SS.
2638 3647 2707 3708 ΙΙ,
2748 3651 3049 3705 673—681.
3099 3646 3177 3701 Cf.

1898 3718 1940 3769 P
1957 3736 1988 3771 o
2008 3721 2034 3771 t
2050 3723 2073 3770 t
2089 3719 2125 3770 h
2143 3734 2177 3770 a
2195 3737 2217 3770 s
2235 3722 2260 3769 t
2284 3736 2341 3788 p.
2373 3725 2524 3773 1540.
2552 3718 2701 3771 Hist.
2731 3719 2817 3773 lit.
2847 3719 2914 3780 V,
2932 3723 3176 3774 283-287.

1898 3789 2133 3842 Rabano
2163 3789 2234 3841 Μ.
2262 3788 2534 3843 successit
2560 3789 2621 3843 in
2649 3789 2930 3860 regimine
2958 3790 3176 3845 scholae

1899 3860 2180 3914 fuldensis
2220 3864 2277 3914 et
2317 3861 2462 3914 forte
2489 3860 2766 3915 liudovici
2795 3860 2884 3914 Pii
2920 3862 3056 3932 imp.
3082 3860 3178 3913 ali-

1899 3932 2176 3999 quamdiu
2204 3931 2319 3985 fuit
2346 3932 2677 4001 capellanus
2709 3936 2768 3985 et
2797 3933 3177 3987 concionator.

1904 4004 1963 4055 ln
1987 4004 2182 4058 annal.
2224 4003 2367 4058 fuld.
2401 4003 2474 4056 ad
2515 4021 2564 4056 a.
2593 4011 2697 4060 865
2738 4004 2956 4058 dicitur
2996 4002 3176 4074 ..apud

1900 4075 2080 4128 totius
2130 4090 2304 4142 penes
2350 4074 2688 4128 Germania-e
2740 4078 2933 4144 partes
2986 4075 3179 4129 doctor

1899 4145 2163 4214 egregius
2204 4147 2263 4198 et
2301 4145 2547 4216 insignis
2593 4147 3096 4216 historiographus
3123 4149 3178 4197 et

1898 4220 2085 4285 poeta,
2126 4219 2302 4284 atque
2348 4216 2602 4272 omnium
2641 4216 2855 4271 artium
2897 4215 3176 4272 nobilissi-

1899 4307 2024 4341 mus
2040 4291 2290 4343 auc-torst·
2323 4289 2403 4343 Cf.
2423 4289 2458 4342 S
2475 4306 2504 4342 c
2522 4290 2557 4342 h
2575 4307 2606 4342 r
2622 4307 2653 4342 o
2671 4308 2700 4344 e
2718 4288 3174 4352 dlKL.X.1387;

1900 4359 1943 4412 Ε
1960 4359 1998 4412 b
2016 4377 2044 4412 e
2062 4378 2089 4412 r
2105 4363 2132 4413 t
2157 4360 2224 4413 ΙΙ.
2251 4365 2354 4416 332
2367 4367 2552 4417 -336.

1979 4436 2014 4502 ¹)
2045 4431 2260 4485 Horum
2288 4431 2582 4486 annalium
2610 4430 2859 4501 epitome
2888 4435 3173 4503 (eso-69&

1899 4519 2046 4569 quae
2076 4503 2259 4571 pretio
2279 4505 2447 4567 caret,
2475 4505 2559 4555 est
2579 4505 2822 4557 Historia
2844 4505 3174 4557 Francorum

1899 4573 2231 4627 abbreviata
2259 4573 2301 4626 P
2318 4589 2348 4625 e
2365 4576 2390 4624 t
2405 4591 2433 4625 r
2448 4575 2485 4636 i,
2524 4574 2625 4641 qui
2650 4573 2842 4627 dictus
2863 4579 2950 4627 est·
2971 4572 3174 4626 Biblio-

640 4649 679 4711 θ)
708 4637 893 4708 Hujus
944 4642 1043 4695 Ru
1062 4642 1097 4695 d
1116 4645 1237 4712 olp
1256 4644 1334 4696 hi
1387 4643 1627 4712 (Rabani
1678 4642 1844 4712 digni
1899 4644 2203 4708 thecariuS‚
2246 4645 2541 4714 scriptoris
2569 4645 2738 4715 plane
2777 4644 2983 4714 ignoti,
3022 4643 3170 4712 apud

566 4711 835 4780 discipuli
865 4723 911 4778 (ψ
937 4720 989 4767 8.
1016 4713 1180 4766 Mart.
1207 4719 1330 4784 865)
1359 4718 1494 4767 sunt
1519 4713 1692 4767 etiam
1729 4717 1842 4768 Vita
1902 4715 2115 4768 Pertz
2143 4717 2295 4770 Mon.
2331 4723 2373 4777 l.
2403 4722 2714 4778 416-418;
2757 4715 3004 4785 Migne
3035 4715 3088 4769 P.
3118 4713 3172 4764 L-

567 4801 607 4834 s.
637 4784 832 4834 Le‘obae
858 4783 1175 4836 abbatissae
1217 4790 1263 4854 {ss
1291 4805 1337 4838 c.
1367 4793 1470 4841 780
1509 4786 1599 4837 vel
1625 4789 1841 4854 782-83)
1901 4786 2082 4846 CXLI.
2120 4793 2481 4844 1279-1‘284.
2517 4787 2597 4840 Cf.
2629 4787 2668 4839 P
2688 4805 2719 4841 o
2738 4787 2850 4840 tth
2869 4804 2897 4838 a
2921 4790 2986 4839 st
3012 4805 3061 4856 p.
3088 4787 3178 4840 67.
