3505 5161
461 206 586 259 455

1144 193 1440 243 501-550.
1467 176 2019 257 Pseudo-Dionysius
2046 185 2393 258 Areopogita

2948 204 3075 258 456

458 376 812 453 pontificatu
844 375 1133 452 spoliatur
1166 368 1370 456 (537),
1405 376 1548 451 quia
1580 378 1732 453 Aga·
1795 382 1986 437 satore
2007 375 2257 435 conficta
2284 374 2500 450 illique
2531 374 2606 433 ad
2637 373 2723 432 eis
2755 372 3076 432 concilian-

458 466 571 543 piti
620 466 978 524 sententiam
1039 465 1103 523 in
1152 464 1505 523 Anthimnm
1555 466 1736 524 latam
1792 466 1931 526 dam
1960 464 2374 525 auctoritatem
2405 462 2756 539 supposita?
2802 462 2928 520 Hoc
2950 463 3076 538 jam

457 554 787 615 constantis
831 553 1012 612 animi
1059 552 1471 630 magnitudine
1512 554 1735 614 rescin-

457 644 596 703 dere
616 637 892 723 noluitl).
940 642 1093 701 Hinc
1113 643 1334 702 missus
1365 643 1429 700 in
1461 643 1735 703 exsilium

458 734 729 792 Pataram
761 731 1004 809 Lyciae:
1051 731 1190 789 inde
1234 732 1434 791 tamen
1478 733 1735 792 auctori·

456 825 579 881 tate
611 820 986 898 imperatoris
1017 821 1305 879 reductus
1337 821 1641 898 relegatur
1671 821 1735 880 in

456 912 728 971 Pontiam
761 910 939 968 maris
970 909 1259 986 Tyrrheni
1304 909 1561 969 insulam
1604 910 1732 968 Pal-

458 1000 674 1059 mariae
738 998 1062 1075 proximam
1082 1043 1094 1067 ‚
1164 997 1269 1056 ubi
1328 998 1734 1068 incommodis,

458 1089 655 1148 inedia
722 1088 1139 1162 aerumnisque
1215 1088 1517 1147 confectus
1585 1088 1739 1147 obiit

462 1188 561 1242 20.
595 1178 689 1236 vel
723 1186 823 1239 24.
856 1175 996 1234 Jun.
1034 1186 1178 1245 538,
1207 1177 1383 1252 juxta
1415 1177 1563 1236 alios
1590 1188 1735 1241 540.

457 1267 538 1326 cf.
571 1266 822 1344 Migne
853 1264 1050 1335 LXVI,
1091 1275 1370 1329 79—88.

548 1454 689 1508 256.
742 1445 886 1502 Post
929 1461 1206 1501 romanos
1256 1444 1563 1519 pontifices
1612 1446 1736 1505 tres

455 1534 802 1611 praesertim
834 1534 978 1590 sunt
1010 1532 1192 1607 hujus
1225 1533 1453 1608 periodi
1486 1535 1735 1610 scripto·

454 1640 569 1694 res,
621 1623 726 1698 qui
777 1620 1216 1699 diligentiorem
1262 1626 1493 1682 merent
1541 1628 1734 1682 atten-

454 1712 695 1773 tionem.
806 1710 1041 1769 Primus
1129 1715 1221 1769 est
1296 1712 1736 1788 Dionysius

456 1799 849 1876 ,Areopagita‘
898 1800 1366 1876 cognominatae,
1418 1802 1560 1876 quia
1608 1819 1734 1860 cre-

456 1890 709 1948 debatur
739 1889 898 1947 idem
929 1907 1062 1947 cum
1094 1889 1217 1958 ino,
1260 1890 1433 1965 cujus
1466 1890 1737 1949 meminit

456 1979 641 2038 Lucas
672 1978 801 2037 Act.
842 1988 938 2048 17,
977 1988 1078 2040 34.
1144 1977 1386 2037 Summa
1428 1979 1558 2055 ejus
1591 1979 1733 2038 scri-

457 2071 559 2144 pta
588 2067 943 2126 fruebantur
973 2066 1166 2125 medio
1199 2085 1342 2125 aevo
1387 2070 1448 2126 et
1479 2069 1640 2126 ultra
1669 2068 1735 2126 in

457 2156 671 2215 scholis
733 2154 1104 2213 auctoritate.
1197 2155 1308 2214 Sed
1370 2175 1489 2231 quo
1548 2157 1736 2234 major

457 2264 703 2322 operum
734 2244 904 2312 sama,
952 2261 1018 2302 eo
1066 2244 1256 2303 acrior
1299 2245 1521 2304 exarsit
1564 2265 1733 2321 prae-

458 2334 663 2393 sertim
688 2354 723 2391 a
753 2351 864 2391 sec.
897 2332 1045 2392 XVI.
1091 2333 1250 2392 inter
1298 2333 1454 2393 viros
1499 2335 1736 2393 criticos

457 2421 860 2483 controversia
890 2422 963 2479 de
993 2422 1313 2481 eorundem
1347 2425 1604 2486 auctore.
1665 2422 1736 2482 In

458 2512 672 2571 scholis
706 2509 948 2587 quidem
987 2510 1303 2569 indubium
1349 2511 1484 2583 fuit,
1532 2515 1735 2571 aucto·

455 2622 580 2661 rem
612 2619 733 2660 non
777 2599 959 2659 alium
1005 2618 1134 2660 esse
1180 2602 1252 2659 ab
1299 2602 1404 2661 illo
1449 2602 1735 2679 Dionysio

455 2690 831 2768 Areopagita,
878 2690 1049 2765 cujus
1096 2690 1322 2749 mentio
1367 2690 1437 2750 fit
1466 2691 1595 2750 Act.
1638 2701 1732 2761 17,

460 2790 541 2844 34
575 2796 872 2856 quemque
906 2796 951 2836 s.
985 2779 1204 2838 Paulus
1250 2780 1323 2837 ad
1368 2779 1542 2839 fidem
1581 2780 1734 2839 chri-

1794 554 2041 632 plurimi
2092 555 2344 612 tuentur
2392 570 2718 628 eorumque
2782 550 3074 628 originem

1792 644 2105 720 assignant
2154 641 2393 702 exeunti
2439 659 2549 704 sec.
2584 640 2649 704 V.
2700 641 2796 699 vel
2841 640 3077 699 ineunti

1794 734 1892 803 VI,
1927 751 2061 792 cum
2082 750 2287 791 eorum
2306 730 2529 790 mentio
2549 730 2805 789 disserta
2823 729 3075 804 primum

1793 822 1922 882 fieri
1953 822 2230 881 videatur
2261 840 2295 878 a
2325 818 2657 878 Severianis
2690 819 3076 896 monophysi-

1795 916 1991 970 tarum
2034 910 2221 970 errori
2252 908 2503 968 addictis
2537 908 2601 967 in
2632 908 2930 983 colloquio
2969 909 3075 968 ΟΡ.

1794 1021 1843 1063 a.
1871 1009 1992 1063 532
2029 999 2251 1061 habito.
2299 998 2444 1056 Tam
2473 997 2670 1057 valida
2698 1000 2899 1057 autem
2933 1001 3077 1057 sunt

1792 1092 2002 1150 horum
2020 1091 2324 1148 auctorum
2343 1105 2451 1163 pro
2470 1085 2884 1162 suppositione
2895 1105 3075 1163 argu-

1792 1181 2009 1249 menta,
2043 1182 2114 1236 ut
2140 1177 2315 1253 juxta
2346 1176 2906 1234 Bardenhewer
2934 1193 3075 1234 con-

1791 1267 2082 1328 troversia
2100 1269 2238 1343 post
2262 1265 2482 1324 solidas
2513 1265 2566 1323 K
2583 1283 2617 1324 o
2633 1283 2663 1324 c
2679 1266 2721 1323 h
2750 1267 2812 1322 et
2843 1265 2952 1325 Sti
2962 1265 3072 1342 gl·

1793 1374 1999 1435 mayr
2044 1354 2497 1431 disquisitiones
2523 1355 2649 1429 jam
2679 1356 3076 1429 peremptorie

1793 1446 1875 1504 sit
1919 1445 2103 1505 finita.
2169 1444 2293 1502 Alii
2337 1462 2473 1502 cum
2505 1443 2782 1518 Hipler
2819 1443 3075 1502 mediam

1791 1536 2006 1595 ineunt
2048 1536 2225 1599 viam.
2288 1533 2628 1593 Concedunt
2687 1532 2946 1609 quidem,
3009 1551 3080 1591 ea

1792 1643 1971 1701 opera
2013 1642 2134 1682 non
2180 1639 2310 1682 esse
2359 1621 2630 1700 Dionysii
2661 1621 3073 1698 Areopagitae,

1793 1713 1896 1773 sed
1945 1731 2149 1773 revera
2196 1710 2510 1787 cujusdam
2541 1709 2830 1788 Dionysii,
2882 1729 3075 1786 quon-

1793 1802 1924 1861 dam
1946 1801 2167 1861 ethnici
2202 1801 2275 1860 ad
2306 1799 2484 1858 fidem
2503 1799 2791 1870 conversi,
2826 1799 2931 1875 qui
2958 1799 3075 1857 fac-

1793 1896 1894 1951 tus
1957 1892 2037 1949 sit
2083 1892 2399 1966 presbyter
2447 1891 2509 1947 et
2557 1906 2792 1966 praeses
2842 1887 3075 1948 scholae

1791 1981 2178 2040 catecheticae
2209 1998 2315 2039 seu
2345 1978 2527 2036 abbas
2563 1977 2904 2036 monasterii
2934 1976 3076 2035 Rhi-

1791 2069 2122 2129 nokorurae
2174 2070 2238 2127 in
2284 2069 2572 2145 Aegypto,
2639 2067 2791 2126 Eum
2844 2066 3077 2125 scholae

1790 2147 2234 2235 neoplatonicae
2253 2156 2558 2215 addictum
2572 2155 2887 2215 manifesto
2902 2154 3076 2231 prodi

1792 2248 1933 2306 stilo
1965 2251 2027 2306 et
2058 2237 2359 2307 doctrinae
2376 2245 2569 2323 genio,
2603 2248 2785 2322 atque
2805 2236 3074 2303 floruisse

1793 2340 1928 2411 post
1959 2336 2223 2396 medium
2255 2353 2366 2395 sec.
2399 2334 2497 2393 1v.
2529 2354 2598 2393 ex
2629 2333 2883 2393 internis
2917 2332 3075 2391 indi-

1791 2425 1897 2485 ciis
1930 2413 2151 2503 colligi.
2217 2424 2557 2483 Scribarum
2590 2424 2684 2482 vel
2716 2424 3074 2482 commenta-

1790 2517 1994 2573 torum
2024 2514 2174 2574 vitio
2207 2532 2313 2573 seu
2331 2512 2770 2572 inadvertentia
2786 2511 3076 2588 temporis

1792 2605 1964 2680 lapsu
2009 2604 2232 2663 factum
2277 2621 2424 2674 esse,
2475 2605 2548 2661 ut
2592 2602 2688 2661 hic
2731 2601 3074 2676 Dionysius,

1790 2693 1896 2769 qui
1924 2712 1985 2752 se
2016 2712 2138 2752 non
2162 2693 2352 2767 jactat
2380 2709 2506 2751 esse
2527 2690 2945 2767 Areopagitam
2979 2689 3073 2749 vel

1792 2781 2200 2840 immediatum
2261 2781 2430 2840 Pauli
2492 2780 2872 2856 discipulum,
2935 2797 3075 2838 con·

457 2870 710 2928 stianam
741 2867 1006 2932 adduxit.
1069 2867 1290 2927 Verum
1323 2887 1458 2927 cum
1491 2887 1585 2927 ars
1624 2869 1736 2928 cri-
1791 2870 2145 2930 funderetur
2165 2889 2299 2929 cum
2319 2869 2696 2946 Areopagita,
2730 2886 2919 2944 eoque
2951 2886 3075 2926 ma-

454 2959 571 3017 tica
609 2959 734 3034 jam
783 2956 969 3033 magis
1018 2957 1423 3030 invalesceret,
1487 2958 1735 3017 dubium
1792 2961 1904 3037 gis,
1952 2960 2114 3036 quod
2157 2960 2311 3019 forte
2341 2959 2450 3017 hoc
2481 2957 2666 3017 fuerit
2695 2975 2912 3017 nomen
2943 2976 3073 3033 my-

455 3049 656 3106 ortum
707 3049 801 3105 est
850 3045 925 3107 ob
976 3045 1237 3105 rationes
1300 3051 1423 3104 tam
1470 3046 1736 3106 internas
1793 3049 2008 3107 sticum
2041 3049 2104 3107 in
2136 3048 2499 3107 confratrum
2528 3048 2705 3107 choro
2735 3046 2850 3123 ipsi
2883 3044 3078 3104 tribu-

455 3155 633 3211 quam
679 3143 950 3194 externas
997 3135 1250 3195 ducibus
1296 3135 1467 3195 Laur.
1513 3136 1738 3195 Valla
1790 3139 2004 3217 tum1).

455 3223 515 3306 (†
557 3219 749 3307 1457)
797 3228 858 3283 et
903 3224 1209 3283 Erasmo
1244 3221 1474 3307 (1536)
1520 3224 1592 3284 de
1638 3243 1734 3284 eo-

456 3314 709 3373 rundem
759 3313 1152 3390 genuinitate‚
1217 3317 1398 3388 atque
1449 3314 1735 3390 temporis

1885 3324 2029 3378 257.
2080 3315 2374 3373 Nolumus
2425 3315 2725 3390 spinosam
2776 3313 2924 3371 hanc
2982 3312 3076 3370 in·

454 3402 629 3479 lapsu
648 3401 985 3478 praevaluit
1014 3403 1320 3473 sententia,
1355 3421 1424 3461 ea
1454 3420 1575 3461 non
1606 3420 1735 3462 esse
1792 3403 1961 3481 gredi
1982 3403 2443 3463 controversiam
2454 3398 2523 3484 2).
2572 3402 2975 3478 Supponimus
3007 3419 3077 3459 ea

455 3491 718 3568 genuina
761 3490 799 3553 i.
846 3508 894 3548 e.
945 3508 1067 3549 non
1115 3490 1279 3549 illius
1325 3491 1615 3568 Dionysii,
1666 3496 1738 3551 ut

454 3579 636 3654 hujus
670 3578 992 3637 auctoritas
1039 3579 1120 3637 sit
1143 3580 1270 3654 jam
1300 3579 1472 3657 plane
1507 3582 1733 3640 concla-

1872 3614 1908 3683 ι)
1937 3610 2018 3663 Cf.
2047 3610 2097 3663 H
2116 3610 2188 3680 ip
2207 3610 2226 3663 l
2244 3625 2317 3663 er
2349 3608 2659 3677 Dionysius
2699 3606 2798 3661 der
2832 3608 3077 3675 Areopa·

454 3672 614 3726 mata
644 3667 856 3742 vixque
890 3663 1030 3748 sit2)
1065 3668 1169 3744 qui
1201 3687 1326 3726 eam
1360 3669 1512 3728 serio
1545 3670 1735 3728 adhuc
1790 3681 1928 3751 gite,
1952 3682 2322 3751 Regensburg
2353 3685 2483 3736 1861
2506 3702 2518 3739 ;
2545 3679 2657 3735 KL.
2686 3679 2782 3739 ΙΙΙ,
2815 3681 3077 3735 mss-962

454 3758 716 3817 tueatur.
780 3757 1009 3815 Suntne
1066 3776 1206 3833 ergo
1254 3757 1327 3816 ab
1373 3758 1574 3833 aliquo
1627 3758 1733 3816 fal-

533 3967 568 4032 1)
598 3962 681 4016 Cf.
732 3962 800 4015 de
851 3963 1055 4016 horum
1097 3962 1433 4032 pontificum
1475 3963 1734 4034 epistolis

452 4033 659 4087 Jaffe
691 4032 730 4097 I,
764 4039 1057 4090 109-116,

529 4109 568 4177 ²¹)
595 4105 724 4160 Non
752 4104 963 4158 desunt
988 4107 1177 4158 tamen
1206 4106 1297 4158 vel
1325 4108 1520 4159 nostra.
1545 4109 1732 4161 aetate
1792 4110 2005 4163 Altona.
2051 4115 2187 4166 1889

1793 3752 1845 3806 N
1861 3752 1882 3807 i
1898 3772 1926 3806 r
1941 3771 1966 3806 s
1982 3770 2012 3806 c
2026 3753 2099 3807 hl
2134 3754 2200 3807 11.
2228 3772 2284 3823 p.
2315 3758 2411 3809 131
2443 3769 2510 3809 ss.
2540 3751 2691 3805 Hinc
2711 3747 3074 3817 quorundam

1791 3825 2135 3894 conjectura,
2186 3841 2313 3877 eum
2367 3840 2483 3877 esse
2532 3822 2699 3876 illum
2738 3818 3079 3887 Dionysium

1791 3895 2152 3960 monachum,
2197 3897 2362 3960 cujus
2388 3894 2736 3948 mentionem
2783 3891 2927 3946 facit
2970 3890 3005 3943 S
3023 3906 3077 3942 o-

1792 3983 2140 4020 zomenus
2168 3965 2561 4030 H..E.VII‚31.
2588 3965 2671 4020 Cf.
2700 3961 3076 4017 Draeseke

1791 4040 2155 4107 gesammelte
2171 4035 3077 4108 patristischeUntersuchungen,

2228 4130 2283 4180 p.
2321 4111 2535 4164 25-77
2556 4130 2569 4163 ι
2618 4105 2924 4175 Dionysios
2964 4120 3079 4159 von

455 4178 683 4245 patroni
710 4177 886 4244 hujus
913 4175 1247 4245 antiquatae
1275 4175 1609 4231 sententiae.
1649 4180 1735 4232 Ita.
1792 4179 2219 4239 Rhinokoluraz
2285 4179 2553 4233 Zeitschr.
2611 4182 2703 4234 fur
2752 4176 3077 4231 wissensch.

454 4251 510 4300 U.
563 4248 634 4300 M.
689 4247 725 4301 S
741 4264 770 4300 c
786 4248 825 4300 h
842 4266 881 4300 n
897 4264 926 4300 e
942 4246 963 4300 i
979 4247 1014 4299 d
1033 4264 1061 4300 e
1077 4266 1106 4300 r
1123 4288 1135 4311 ‚
1188 4247 1593 4318 Areopagitica
1642 4250 1735 4304 die
1792 4252 1988 4306 Theol.
2021 4257 2173 4307 1892.
2199 4251 2424 4315 XXXV,
2451 4255 2558 4307 208
2576 4285 2619 4291 -
2636 4259 2717 4307 18.

453 4318 738 4372 Schriften
767 4318 864 4371 des
891 4318 968 4372 hl.
996 4317 1299 4386 Dionysios
1325 4335 1454 4374 vom
1481 4323 1546 4372 A.
1594 4320 1735 4375 Eine

1867 4326 1907 4392 ἲ)
1935 4323 2017 4377 Cf.
2070 4340 2193 4376 eam
2257 4323 2509 4378 succinte
2553 4322 2869 4394 expositam
2919 4321 3078 4390 apud

453 4389 916 4459 Vertheidigung
966 4388 1120 4443 ihrer
1171 4389 1456 4455 Eshtheit,
1497 4391 1736 4461 Regens-
1793 4394 1836 4446 F
1852 4410 1881 4446 e
1899 4412 1923 4447 s
1942 4413 1965 4447 s
1984 4394 2144 4447 let-J
2162 4412 2199 4447 u
2218 4413 2255 4446 n
2273 4414 2310 4465 g
2326 4414 2382 4448 m
2397 4410 2431 4448 a
2447 4412 2485 4446 n
2502 4412 2541 4447 n
2579 4404 2606 4460 ξ
2650 4399 2747 4450 121
2794 4411 2836 4445 s.
2856 4412 2867 4450 ;
2918 4392 2964 4444 Β
2979 4408 3013 4444 a
3028 4409 3079 4445 r-

454 4462 601 4532 burg
646 4469 788 4518 1884
825 4461 889 4515 in
916 4469 977 4522 8;
1030 4461 1074 4513 Β
1091 4479 1120 4515 e
1136 4479 1164 4514 r
1182 4465 1247 4514 ta
1264 4460 1337 4514 ni
1380 4464 1739 4518 Autenticits,
1792 4465 1829 4518 d
1846 4482 1875 4518 e
1893 4484 1931 4518 n
1948 4466 1986 4517 h
2004 4482 2033 4518 e
2051 4483 2101 4518 w
2117 4483 2146 4519 e
2162 4484 2190 4517 r
2239 4475 2266 4532 5
2315 4473 2431 4523 100.
2481 4466 2562 4518 De
2600 4468 2832 4520 auctore
2882 4465 3078 4517 nostro

453 4531 598 4586 delle
628 4550 795 4603 opere
822 4533 882 4586 di
910 4550 950 4586 s,
967 4532 1239 4600 Dionysio
1265 4536 1328 4586 A.
1347 4533 1561 4588 Milano
1584 4539 1736 4597 187&
1792 4537 1863 4590 cf.
1892 4536 2194 4605 scriptores
2222 4554 2394 4604 quam
2422 4537 2703 4608 plurimos
2729 4535 2885 4607 apud
2914 4533 3008 4588 Ch
3027 4551 3079 4588 e·

452 4603 480 4654 J
503 4620 534 4656 o
552 4622 577 4657 s
593 4621 621 4657 e
637 4625 674 4686 p
691 4605 729 4656 h
747 4622 785 4657 u
803 4621 826 4656 s
853 4621 887 4656 a
915 4603 1181 4657 Leonissa
1209 4604 1270 4658 O.
1301 4603 1434 4676 Cap.
1457 4605 1518 4659 in
1538 4606 1736 4662 Jahrb.
1793 4625 1827 4661 v
1844 4623 1877 4660 a
1894 4607 1994 4662 lie
2011 4626 2039 4660 r
2066 4626 2106 4661 s.
2124 4626 2176 4661 v.
2193 4607 2381 4677 Denys
2407 4607 2540 4663 etin
2558 4608 2838 4679 supplem.
2855 4607 3077 4660 citatos.

455 4675 545 4727 fiir
570 4674 779 4731 Philos.
807 4676 953 4736 XVI,
983 4681 1050 4731 95
1080 4694 1177 4728 ssa
1228 4683 1533 4737 165-18ος
1561 4682 1731 4734 282-
1794 4679 2118 4734 Recentiori
2158 4683 2345 4733 aetate
2390 4696 2455 4733 ea
2500 4696 2616 4733 non
2658 4696 2775 4733 esse
2816 4678 3079 4747 Dionysii

453 4751 587 4802 309:
617 4751 721 4801 479
731 4751 917 4800 —490.

1794 4751 2176 4821 Areopagitae
2263 4751 2515 4805 ostendit
2599 4751 2800 4805 Koch
2880 4751 3076 4806 Theol.
