3505 5161
425 249 541 304 821

1062 272 1063 275 η
1158 232 1251 288 SS.
1279 232 1516 290 Literae.
1546 234 1747 290 Haimo
1775 234 2298 289 halberstadiensis.

2907 256 3034 309 82⁶2

419 439 453 477 a
483 422 765 494 tempore,
799 436 918 493 quo
936 437 1149 495 corpus
1181 420 1309 495 ejus
1339 421 1697 480 translatum
1754 417 2027 500 Hemmo)
2074 423 2399 481 monachus
2432 423 2741 495 fuldensis,
2791 424 3036 483 Alcuini

419 511 514 567 est
543 526 578 566 a
608 507 808 566 Monte
839 506 1049 566 Casino
1093 508 1166 567 ad
1209 510 1559 570 coenobium
1592 510 1696 568 flo-
1750 508 2083 586 discipulus
2131 530 2252 570 una
2297 530 2434 571 cum
2480 512 2623 576 Bab.
2655 513 2878 585 Mauro,
2927 514 3033 588 qui

421 598 701 665 fiacense,
736 615 924 673 usque
945 596 1018 655 ad
1038 600 1273 673 tempus
1296 598 1517 659 Odonis
1536 599 1695 676 regis
1751 616 1889 657 eum
1924 603 1994 657 ut
2034 599 2293 659 amicum
2326 602 2530 673 coluit,
2577 603 2851 661 versibus
2884 603 3037 662 cele-

418 686 797 756 Francorum,
846 686 988 745 stilo
1035 687 1214 744 nimis
1260 688 1393 748 fuso
1439 693 1694 760 narrata,
1750 689 1953 747 bravit
1997 692 2058 747 et
2101 689 2166 752 ll.
2199 690 2358 748 XXII
2391 691 2462 749 de
2494 691 2774 750 universo
2806 691 2898 750 illi
2930 692 3034 751 de-

420 775 578 850 quod
640 793 790 850 opus
852 775 1224 835 continuavit
1274 777 1696 836 Adelerius
1751 777 1990 837 dicavit.
2070 779 2335 838 Praefuit
2395 798 2531 839 cum
2580 779 2788 855 Lupo
2849 779 3032 839 ferra·

417 865 633 925 sodalis
693 865 919 940 adjecto
982 865 1308 941 appendice
1380 863 1455 948 (c.
1508 876 1587 931 88
1600 862 1694 948 7);

418 953 825 1013 Aimonius
857 954 997 1012 ada.
1023 964 1183 1018 1005
1204 955 1530 1017 additisl.2
1556 958 1617 1013 et
1637 964 1694 1025 3,

417 1047 478 1102 et
507 1061 839 1119 anonymus
883 1042 1123 1119 quidam
1166 1043 1321 1102 illud
1367 1045 1531 1103 auxit
1561 1045 1601 1102 l.
1635 1054 1693 1106 4.

418 1132 628 1191 Exstat
645 1132 710 1190 in
730 1131 770 1190 J
772 1151 823 1191 o.
844 1151 879 1190 a
909 1133 957 1190 B
973 1150 1007 1190 o
1023 1150 1050 1190 s
1065 1151 1094 1190 c
1110 1151 1144 1191 o
1177 1134 1323 1191 bibl.
1344 1134 1691 1202 floriacensi,

418 1221 664 1280 Parisiis
706 1232 869 1284 1605
906 1240 962 1296 p.
1005 1230 1291 1293 13—733
1325 1222 1390 1281 in
1408 1223 1576 1282 Actis
1598 1222 1696 1285 SS.

417 1312 585 1369 Mart.
620 1309 723 1380 111,
764 1320 1111 1374 306—315
1146 1315 1207 1369 et
1236 1312 1396 1386 apud
1428 1311 1692 1370 Mabil·

417 1400 549 1458 lon
581 1400 618 1458 l.
652 1417 698 1459 c.
731 1420 787 1475 p.
824 1408 1133 1470 369-393,
1163 1400 1228 1458 in
1258 1401 1577 1476 utriusque
1605 1401 1695 1463 ed.

416 1489 690 1559 pluribus
719 1489 971 1548 omissis.
1030 1488 1162 1547 Vita
1191 1509 1236 1548 s.
1270 1491 1511 1566 Aiqulfi,
1546 1485 1694 1571 (Ay-

415 1571 592 1658 gulfi)
652 1577 886 1636 abbatis
937 1578 1250 1637 lerinensis
1303 1583 1365 1637 et
1414 1579 1695 1654 martyris

417 1664 479 1745 (†
514 1663 667 1748 675)
701 1667 765 1725 in
786 1667 951 1725 Actis
985 1668 1077 1725 SS.
1116 1678 1170 1730 3.
1205 1668 1363 1743 Sept.
1394 1667 1439 1737 Ι,
1479 1677 1693 1730 747-

419 1766 539 1819 755
576 1757 811 1830 etapud
844 1756 1226 1814 Mabillon
1259 1775 1371 1815 sec.
1406 1757 1486 1825 ΙΙ,
1535 1767 1693 1819 656-

419 1854 561 1908 665.
624 1844 821 1904 Habes
880 1846 1022 1904 haec
1082 1846 1281 1904 omnia
1341 1846 1587 1905 collecta
1630 1846 1693 1903 in

415 1935 668 2011 Migne
699 1934 762 1992 P.
794 1934 858 1996 L.
891 1933 1132 2005 CXXIV,
1173 1944 1541 2000 sol-968.

510 2123 650 2175 149.
684 2113 819 2171 Non
848 2130 1067 2187 paucos
1099 2111 1445 2187 reperimus,
1495 2114 1599 2189 qui
1630 2113 1694 2172 in

416 2200 878 2277 interpretandis
898 2202 995 2259 vel
1025 2202 1392 2261 illustrandis
1410 2221 1486 2261 ss.
1511 2204 1695 2260 literis

1749 867 1931 925 riensi
1978 867 2196 926 scholis
2242 868 2464 927 Fuldae
2509 864 2632 950 (vel
2662 868 2829 945 alibi)
2862 870 3034 928 theo-

1750 956 1946 1033 logiae
1961 959 2262 1034 magister,
2284 975 2420 1017 cum
2441 958 2540 1016 ille
2556 958 2760 1017 literas
2774 957 3038 1017 traderet

1751 1045 2144 1108 humaniores,
2209 1047 2472 1107 Transiit
2513 1047 2577 1105 in
2607 1048 3033 1124 monasterium

1750 1135 2147 1195 hersfeldense
2183 1132 2387 1216 (839),
2440 1137 2614 1211 cujus
2665 1137 2890 1195 electus
2942 1140 3035 1195 est

1750 1224 1933 1282 abbas
1968 1220 2289 1306 (quod-alii
2320 1221 2590 1305 negant),
2636 1243 2771 1284 mox
2819 1246 2868 1287 a.
2905 1235 3035 1289 840

1752 1309 1940 1394 (841)
2002 1314 2312 1390 episcopus
2360 1309 2639 1397 (tertius)
2701 1315 3036 1373 halbersta-

1749 1402 1988 1473 diensis,
2021 1422 2200 1479 quam
2234 1403 2431 1462 sedem
2465 1404 2664 1462 tenuit
2696 1404 2765 1462 ad
2801 1424 2849 1463 a.
2887 1412 3035 1467 853.

1749 1492 2000 1568 Legitur
2030 1511 2168 1551 eum
2199 1492 2262 1550 in
2295 1511 2404 1551 sua
2433 1492 2681 1552 ecclesia
2710 1492 3038 1552 cathedrali

1748 1600 1870 1641 non
1899 1581 2098 1657 parvis
2129 1581 2468 1658 sumptibus
2501 1581 2821 1657 pretiosam
2854 1582 3032 1640 colle·

1738 1669 1909 1747 ¹gisse
1938 1670 2377 1741 bibliothecam,
2429 1689 2582 1746 quae
2627 1670 2901 1729 incendio
2948 1670 3031 1728 fe-

1748 1758 1857 1817 rali
1882 1780 1933 1819 a.
1975 1768 2139 1822 1179
2175 1759 2437 1834 perierit.
2488 1758 2636 1829 ,Vir
2655 1762 2814 1817 certe
2845 1759 3036 1819 unde-

1749 1866 1984 1925 cunque
2002 1848 2400 1919 doctissimuS,
2422 1848 2634 1908 scribit
2652 1849 3031 1916 Trithemiu3‚

1749 1937 2086 1996 divinarum
2121 1938 2563 2014 scripturarum
2612 1938 3033 2014 sagacissimus

1749 2027 2065 2102 interpres,
2113 2027 2177 2085 in
2223 2026 2623 2085 declamandis
2655 2026 2918 2085 homiliis
2958 2027 3032 2089 ad

1750 2116 2039 2193 populum
2105 2116 2447 2175 excellentis
2514 2116 2743 2194 ingenii
2788 2116 2907 2174 fuit
2920 2113 3030 2197 ²)·‘

1750 2205 2095 2264 Universam
2130 2205 2248 2264 fere
2279 2224 2322 2264 s,
2345 2205 2714 2281 Scripturam
2736 2223 3032 2265 commen-

414 2291 633 2350 versati
664 2288 866 2372 sint1).
934 2291 1175 2350 Praeter
1205 2290 1344 2353 Bab.
1376 2292 1695 2350 Maurum
1746 2294 1917 2353 tariis
1946 2294 2305 2353 illustravit:
2340 2313 2598 2369 quorum
2624 2298 2823 2354 tamen
2844 2296 3036 2354 multa

414 2384 476 2439 et
493 2379 873 2439 Paschasium
903 2380 952 2437 R
966 2398 1001 2437 a
1017 2379 1053 2437 d
1071 2380 1108 2437 b
1125 2398 1156 2438 e
1171 2399 1200 2438 r
1216 2383 1242 2437 t
1255 2399 1300 2439 u
1315 2400 1374 2438 m
1407 2381 1522 2439 huc
1554 2398 1693 2456 prae

419 2469 625 2545 primis
644 2471 871 2545 spectat
900 2469 955 2526 H
970 2468 1114 2526 aim
1130 2488 1164 2527 o
1196 2466 1467 2550 (Haymo,
1502 2470 1691 2539 Aimo,

417 2657 581 2728 berti)
599 2657 864 2711 monachi
882 2657 1226 2713 floriacensis
1245 2663 1291 2730 (ἢ-
1310 2664 1393 2714 22.
1405 2658 1535 2713 Dec.
1549 2662 1693 2727 853),

415 2746 658 2797 quocum
687 2730 880 2799 plures
904 2730 1290 2784 Adrevaldum
1312 2730 1694 2785 confundunt.

416 2802 501 2855 lta
522 2801 585 2855 'et
608 2799 672 2855 E.
699 2801 769 2854 de
796 2800 837 2854 C
854 2817 883 2853 e
900 2820 927 2853 r
943 2803 1015 2855 ta
1032 2804 1049 2854 i
1068 2820 1105 2853 n
1134 2801 1237 2854 Les
1263 2801 1522 2857 Miracles
1548 2801 1619 2854 de
1639 2800 1692 2856 S.

416 2873 494 2936 B„
522 2871 681 2925 Paris
708 2879 858 2928 1855.
900 2872 982 2927 Cf.
1011 2871 1155 2926 Hist.
1185 2871 1272 2925 lit.
1300 2872 1366 2936 V,
1396 2876 1693 2929 515—5‘22.

494 2949 528 3015 ¹)
560 2947 605 2997 Α
622 2963 678 2997 m
694 2943 889 2997 alric
906 2963 942 2998 u
961 2962 985 2996 s
1012 2960 1079 2996 ex
1098 2943 1605 3013 weissenburgensi
1621 2944 1693 2997 ad

414 3019 683 3070 montana
698 3013 913 3084 Vasagi
933 3014 1215 3069 monacho
1243 3014 1301 3072 Ο.
1322 3017 1375 3068 S.
1393 3015 1453 3070 Β.
1483 3015 1691 3085 episco-

411 3087 818 3213 ffidzssizffl
838 3086 1694 3228 {{{{2.813³>‘.3353²{¹33323¹33⁸

413 3228 1003 3299 Eisengreinius
1031 3178 1211 3282 Cagtal.
1231 3228 1693 3300 p.71‚scripsisse

413 3301 660 3354 traditur
676 3299 1111 3355 commentarios
1133 3305 1187 3354 in
1207 3304 1613 3355 Pentateuchum
1638 3307 1696 3354 et

412 3379 469 3426 in
496 3375 655 3427 Pauli
670 3376 823 3441 epistt
835 3376 928 3432 las,
951 3388 1097 3440 quae
1118 3373 1309 3427 tamen
1332 3372 1515 3425 lucem
1534 3388 1694 3442 aspe-

412 3443 557 3497 xisse
609 3460 724 3498 non
775 3442 1064 3499 videntur.
1140 3444 1221 3500 Cf.
1288 3443 1330 3495 F
1346 3461 1379 3496 a
1398 3445 1433 3498 b
1450 3461 1476 3496 r
1495 3444 1515 3496 i
1534 3461 1562 3498 c
1580 3444 1600 3496 i
1617 3461 1655 3496 u
1669 3462 1694 3497 s

415 3514 550 3578 bibl,
578 3516 676 3569 lat.
719 3522 764 3579 1,
808 3519 891 3571 77.
934 3546 1000 3555 --
1039 3515 1173 3569 Liu
1192 3515 1432 3569 tberti
1474 3532 1542 3568 ex
1580 3532 1694 3569 mo-

413 3587 595 3640 nacho
622 3585 874 3639 fuldensi
899 3585 1125 3640 abbatis
1146 3585 1319 3657 primi
1340 3585 1695 3656 hirsaugien·

411 3659 487 3711 sis
515 3660 839 3728 (sss—8523)
866 3657 1172 3726 pulchrum
1202 3664 1257 3711 ἐκ
1282 3661 1502 3712 Cantica
1529 3663 1694 3711 canti·

410 3748 594 3784 corum
622 3730 932 3782 tractatum
963 3729 1259 3798 collegisse
1277 3731 1522 3782 testatur
1548 3729 1593 3782 Τ
1609 3747 1637 3782 r
1654 3729 1693 3783 i·

413 3802 488 3854 th
506 3816 590 3854 en
611 3800 686 3853 iu
704 3818 731 3854 s
755 3799 1011 3854 chronici
1039 3799 1234 3853 hirsau
1282 3846 1292 3855 .
1323 3803 1347 3852 t
1395 3810 1439 3855 1.
1466 3801 1547 3855 Cf.
1580 3800 1693 3853 Fa-

412 3871 664 3926 briciu
683 3889 707 3924 s
747 3871 824 3925 ib.
867 3872 934 3934 ΙΙ,
977 3879 1097 3927 558.
1134 3902 1199 3911 ——
1239 3818 1424 3925 {iulta
1463 3871 1694 3942 scripta,

411 3942 559 3996 inter
611 3959 757 4011 quae
810 3945 869 3996 et
910 3942 1317 3996 commentaria
1359 3948 1415 3997 in
1460 3947 1693 4008 stabiam,

412 4014 735 4078 Proverbia,
765 4012 1043 4068 Jeremiae
1073 4013 1530 4078 lamentationes,
1548 4014 1694 4068 forte

1748 2383 1994 2459 periisse
2026 2385 2119 2443 vel
2151 2383 2343 2442 adbuc
2375 2385 2558 2443 latere
2591 2384 2839 2443 dicenda
2871 2389 3031 2448 sunt.

1751 2475 2118 2548 Supersunt:
2187 2473 2261 2530 In
2322 2491 2527 2532 omnes
2589 2470 2853 2532 Psalmos
2913 2475 3033 2550 pia,

1748 2562 1945 2622 brevis
1996 2579 2064 2621 ac
2113 2561 2377 2622 dilucida
2421 2562 2759 2638 explanatio
2809 2583 3032 2638 ,quam

1748 2652 1939 2712 veluti
1971 2652 2305 2727 spiritualis
2338 2653 2584 2727 apicula,
2625 2653 2826 2727 inquit
2856 2653 3033 2711 Eras-

1749 2759 1884 2800 mus
1916 2741 1978 2799 in
2010 2760 2117 2799 sua
2148 2741 2237 2801 ed.
2272 2741 2572 2818 (Friburgi
2617 2750 2769 2804 1531
2798 2762 2810 2810 ;
2863 2741 3027 2800 Colo-

1749 2830 1883 2889 niae
1910 2842 1935 2892 1
1953 2826 2125 2910 561),
2159 2848 2229 2888 ex
2263 2829 2529 2888 omnium
2550 2833 2818 2888 veterum
2838 2830 3031 2888 hortis

1749 2938 1814 2978 ac
1859 2918 2048 2995 pratis
2079 2919 2518 2977 florentissimis
2550 2919 2865 2994 decerpsit,
2913 2938 3037 2993 quo

1749 3007 2125 3083 simplicibus
2173 3011 2236 3066 et
2278 3007 2580 3082 occupatis
2626 3010 2786 3068 esset
2829 3013 3037 3082 parata

1749 3097 2125 3156 saluberrimi
2188 3096 2359 3155 melis
2437 3095 2679 3171 copia;‘
2759 3096 3033 3155 Coloniae

1763 3196 1958 3256 15233
1991 3185 2234 3244 Parisiis
2264 3195 2418 3248 1531
2449 3188 2556 3244 etc.
2606 3186 3039 3244 Commentario.

1749 3276 1816 3333 in
1876 3275 2118 3334 Cantica
2177 3274 2425 3350 aliquot,
2492 3273 2712 3348 quibus
2773 3275 3037 3334 Ecclesia

1748 3363 1998 3440 perinde
2059 3367 2238 3440 atque
2288 3362 2531 3439 psalmis
2582 3362 2768 3422 David
2816 3363 3031 3433 utitur,

1749 3453 2023 3512 Coloniae
2085 3461 2280 3523 15293
2346 3452 2914 3511 Commentariorum
2968 3456 3033 3511 in

1750 3543 1976 3602 Isaiam
2009 3543 2070 3601 ll.
2108 3550 2163 3611 3,
2211 3542 2480 3601 Coloniae
2524 3551 2678 3604 1531
2726 3541 2814 3599 ed.
2849 3541 3028 3600 raris·

1750 3632 1926 3701 sima;
1971 3641 2166 3700 1533;
2240 3640 2439 3700 15733
2515 3630 2760 3689 Parisiis
2834 3641 3032 3699 1531;

1749 3720 2060 3779 Enarratio
2091 3723 2152 3779 in
2185 3721 2480 3778 duodecim
2501 3720 2826 3795 prophetas
2851 3723 3036 3778 mino-

1748 3829 1860 3885 res,
1934 3809 2204 3868 Coloniae
2273 3818 2473 3878 1519;
2553 3818 2754 3878 1529;
2837 3818 3032 3878 1533;

1750 3898 2249 3958 Commentarium
2286 3899 2349 3956 in
2387 3898 2628 3956 Cantica
2657 3900 3038 3971 canticorum,

1749 3988 2023 4047 Coloniae
2053 3995 2249 4057 1529;
2294 3996 2491 4057 1531;
2537 3996 2729 4055 1533;
2762 3987 3031 4045 Worma·

409 4085 554 4141 etin
580 4084 844 4139 Genesim
872 4086 1253 4156 composuisse
1299 4086 1514 4154 legitur
1552 4085 1694 4139 We·
1751 4076 1872 4135 tiae
1913 4086 2071 4139 1631
2115 4078 2225 4133 etc,
2293 4075 2597 4150 Expositio
2643 4078 2707 4133 in
2751 4076 2808 4133 d.
2861 4075 3037 4134 Pauli

409 4157 839 4211 rembertus
879 4157 1281 4226 (Wembertus,
1320 4157 1693 4210 Werinbrath
1750 4167 2043 4241 spinolas,
2110 4183 2260 4239 quae
2312 4164 2386 4221 ab
2436 4163 2571 4222 aliis
2623 4164 2890 4240 Remigio
2943 4183 3034 4222 re-

410 4231 555 4300 ete),
584 4227 806 4282 Rabani
835 4227 908 4281 M.
935 4227 1257 4298 discipulus
1292 4231 1351 4283 et
1376 4230 1694 4283 monachus

412 4300 784 4370 sangallensis
823 4302 870 4368 (†
896 4304 983 4355 24.
1011 4299 1143 4369 Maj.
1170 4304 1313 4371 884),
1355 4300 1424 4354 de
1466 4317 1580 4368 quo
1622 4301 1692 4355 cf.

412 4370 559 4426 Hist.
582 4371 668 4426 lit.
693 4370 757 4434 V,
773 4374 1074 4427 603—-6062
1093 4404 1157 4410 -κ
1178 4370 1398 4425 Pariter
1423 4375 1481 4424 et
1502 4371 1693 4424 Hart·
1831 4373 1864 4441 ¹)
1893 4369 1976 4424 Cf.
2029 4370 2070 4422 L
2088 4385 2117 4422 e
2135 4370 2277 4424 ffla
2295 4369 2330 4422 d
2381 4368 2492 4422 KL.
2545 4367 2612 4428 V,
2662 4374 3034 4431 1546-1549,

413 4444 606 4498 moto
652 4443 948 4514 (Hartmut
971 4444 1097 4511 etc.)
1149 4441 1370 4496 Rabani
1410 4442 1692 4512 discipulo
1750 4441 1898 4497 Hist.
1946 4442 2032 4495 lit.
2087 4442 2152 4503 V,
2209 4445 2517 4498 111--126:
2581 4439 2628 4492 D
2647 4455 2675 4492 e
2693 4438 2841 4493 rlin
2861 4458 2899 4508 g
2963 4440 3036 4492 (le

411 4513 689 4570 monacho
741 4513 1084 4584 sangallensi
1135 4517 1193 4566 et
1242 4514 1441 4570 abbati
1479 4517 1526 4584 (†
1567 4517 1692 4585 883)
1748 4514 2060 4582 Haymone‚
2113 4511 2450 4567 Helmstadii
2511 4514 2642 4567 1747
2662 4531 2673 4570 ς
2737 4509 2785 4562 R
2803 4526 2834 4562 o
2851 4528 2879 4564 c
2897 4511 2934 4563 h
2952 4528 2989 4562 u
3011 4528 3036 4562 s

412 4583 751 4639 tribuuntur
801 4587 1025 4653 praeter
1067 4584 1182 4637 alia
1233 4589 1599 4639 commentarii
1631 4583 1691 4637 in
1748 4584 2062 4640 monachus
2090 4582 2569 4653 ilseneburgensis
2609 4585 2725 4636 Vita
2750 4583 2840 4644 H..
2869 4582 3037 4634 cu'us

411 4654 635 4723 aliquot
672 4655 735 4710 11.
774 4655 1031 4712 biblicos.
1074 4655 1327 4710 Peritum
1354 4672 1480 4710 eum
1518 4655 1693 4709 fuisse
1748 4657 2136 4727 fragmentum
2180 4655 2414 4709 exhibet
2454 4653 2667 4707 Pertz
2695 4650 2908 4705 Archiv
2995 4653 3037 4716 1,

411 4726 739 4798 linguarum
761 4743 1012 4797 graecae,
1033 4726 1332 4781 hebraicae
1355 4729 1413 4780 et
1431 4727 1692 4781 arabicae
1748 4735 1881 4788 ⁸285:
1922 4726 2081 4781 Rich.
2125 4727 2269 4780 Sim
2287 4743 2318 4780 o
2338 4744 2373 4778 n
2416 4724 2560 4782 Hist.
2603 4724 2730 4779 crit.
2764 4724 2843 4777 du
2873 4723 2942 4776 N.
2969 4724 3034 4776 T.

413 4798 620 4852 ferunt.
674 4798 757 4852 Cf.
783 4798 860 4852 ib.
888 4817 944 4868 p.
974 4805 1272 4855 611—614.
1747 4815 1793 4851 c.
1824 4804 1909 4855 26.
