3505 5161
397 217 472 270 53

396 385 824 462 origenem,
873 386 1147 460 quamvis
1184 387 1360 462 juxta
1406 386 1672 445 ordinem

395 475 878 551 chronologicum
896 475 997 534 alii
1019 479 1220 534 essent
1234 476 1671 551 praemittendi.

395 564 696 640 Origenes,
732 564 837 638 qui
872 566 933 621 et-
976 563 1488 623 Adamantius
1537 583 1671 640 pro-

392 653 668 712 babiliter
728 672 765 711 a
826 653 1108 711 studendi
1168 654 1549 713 contentione
1613 658 1673 712 et

395 742 630 818 energia
679 741 881 800 dictus
932 747 1042 811 est,
1094 744 1205 812 vir,
1259 743 1311 801 si
1346 743 1672 821 ingenium,

394 831 677 901 studium,
757 831 992 889 labores
1067 835 1315 908 spectes,
1383 850 1670 902 summus,

390 919 776 978 Alexandriae
806 920 1157 997 parentibus
1189 921 1533 981 christianis
1565 940 1668 980 na-

392 1011 490 1067 tus
521 1012 612 1067 est
642 1009 800 1068 circa
830 1031 879 1067 a.
920 1020 1039 1074 185
1076 1009 1170 1068 vel
1214 1020 1352 1073 186.
1419 1013 1470 1069 A
1503 1014 1670 1087 patre

390 1098 660 1169 Leonida,
684 1099 788 1174 qui
811 1099 1026 1158 Christi
1047 1103 1274 1176 martyr
1293 1101 1447 1158 obiit
1467 1094 1668 1181 (202),

391 1209 424 1245 a
452 1207 634 1264 puero
668 1188 733 1246 in
765 1188 988 1246 divinis
1012 1188 1204 1247 literis
1237 1190 1354 1248 suit
1384 1189 1669 1248 exercita-

390 1280 503 1347 tus,
550 1294 699 1352 quas
746 1277 891 1335 adeo
937 1278 999 1335 in
1045 1278 1274 1337 deliciis
1326 1278 1551 1348 habuit,
1598 1282 1671 1337 ut

391 1366 726 1426 memoriter
772 1367 911 1425 illas
959 1370 1206 1425 teneret.
1268 1368 1505 1444 Ingenti
1540 1372 1666 1426 stu·

390 1455 567 1514 dendi
627 1455 837 1514 ardore
900 1474 1217 1514 succensus
1278 1457 1343 1515 in
1390 1457 1669 1516 omnibus

388 1545 721 1620 disciplinis
742 1544 1008 1621 profecit,
1042 1548 1103 1603 et
1131 1546 1397 1604 nondum
1418 1567 1466 1605 a.
1491 1551 1669 1605 natus

388 1635 603 1711 viginti
634 1634 1001 1710 praeceptori
1026 1653 1134 1694 suo
1165 1635 1229 1692 in
1261 1636 1518 1712 regenda
1546 1637 1667 1694 ale-

390 1723 674 1782 xandrina
733 1723 932 1782 schola
979 1724 1282 1785 successit.
1348 1725 1667 1793 ,Dialecti-

388 1831 508 1872 cam
544 1830 799 1889 quoque,
834 1812 1043 1870 scribit
1074 1813 1145 1871 de
1179 1832 1246 1872 eo
1292 1813 1667 1890 Hierony·

387 1920 545 1961 mus
590 1920 640 1960 c.
691 1911 789 1971 54,
839 1905 901 1959 et
945 1902 1325 1978 geometriam
1375 1906 1437 1961 et
1484 1903 1668 1961 arith-

387 1991 674 2061 meticam,
737 1991 1041 2059 musicam,
1102 1992 1548 2068 grammaticam
1609 1996 1669 2050 et

387 2080 737 2139 rhetoricam
770 2080 1157 2154 omniumque
1176 2081 1666 2157 philosophorum

389 2174 576 2228 sectas
608 2169 694 2226 ita
727 2167 955 2237 didicit,
989 2172 1059 2226 ut
1091 2170 1394 2229 studiosos
1430 2188 1666 2245 quoque

389 2258 744 2316 secularium
778 2257 1086 2316 literarum
1120 2261 1437 2318 sectatores
1486 2259 1665 2317 habe-

386 2350 478 2405 ret
506 2351 568 2405 et
599 2349 1100 2422 interpretaretur
1130 2348 1216 2405 eis
1237 2347 1507 2422 quotidie
1527 2367 1664 2407 con·

387 2454 713 2511 cursusque
763 2436 834 2494 ad
880 2455 1017 2495 eum
1048 2436 1187 2495 miri
1218 2437 1441 2498 fierent.
1506 2436 1664 2506 Quos

387 2525 484 2584 ille
514 2529 829 2602 propterea
859 2526 1196 2602 recipiebat,
1247 2528 1319 2585 ut
1352 2527 1465 2586 sub
1497 2545 1661 2587 occa-

386 2617 547 2674 sione
566 2615 849 2674 secularis
870 2616 1216 2675 literaturae
1236 2616 1298 2674 in
1315 2617 1429 2675 fide
1445 2616 1663 2675 Christi

385 2722 478 2763 eos
510 2704 920 2763 institueret.‘
978 2705 1047 2763 In
1078 2706 1494 2779 persecutione
1524 2724 1662 2765 vero

384 2793 570 2851 adhuc
592 2794 837 2869 juvenis
871 2794 1201 2869 singularia
1230 2794 1386 2864 fidei,
1421 2795 1662 2870 pietatis

383 2885 442 2940 et
471 2883 835 2941 constantiae
887 2883 1210 2958 specimina
1255 2883 1437 2953 dedit,
1488 2902 1662 2959 saepe

383 2974 581 3046 aperto
614 2971 826 3030 mortis
858 2972 1124 3047 periculo
1145 2973 1465 3047 expositus.
1501 2973 1661 3032 Circa

383 3080 431 3118 a.
468 3070 580 3122 211
628 3079 930 3120 romanam
982 3060 1133 3120 adiit
1164 3061 1506 3120 Ecclesiam.
1571 3062 1659 3120 Ob

383 3149 680 3207 doctrinae
729 3149 1099 3225 virtutisque
1148 3150 1364 3209 famam
1414 3171 1448 3209 a
1495 3150 1661 3210 Julia

382 3238 698 3296 Mammaea
716 3239 1038 3297 Alexandri
1065 3239 1265 3297 Severi
1297 3240 1440 3315 imp.
1472 3243 1661 3299 matre

382 3327 749 3386 Antiochiam
768 3328 992 3386 accitus
1010 3331 1104 3387 est
1124 3324 1198 3408 (a.
1220 3337 1343 3392 218
1367 3329 1461 3388 vel
1487 3324 1657 3412 219),

380 3421 448 3473 ut
466 3434 592 3474 eam
613 3416 848 3475 doceret
875 3435 1073 3475 rerum
1102 3417 1441 3476 divinarum
1472 3418 1659 3478 scien-

382 3505 545 3564 tiam:
568 3524 688 3581 quo
704 3509 969 3581 tempore
985 3506 1264 3581 Philippo
1281 3507 1459 3564 etiam
1476 3508 1656 3565 Arabi

380 3595 627 3670 ejusque
655 3594 896 3670 conjugi
927 3595 1174 3654 Severae
1206 3613 1312 3670 per
1343 3595 1545 3655 literas
1565 3597 1656 3655 in·

379 3684 592 3746 notuit.
657 3683 800 3742 Cum
826 3685 951 3759 ,iam
985 3685 1145 3742 esset
1187 3685 1413 3742 mediae
1444 3686 1657 3744 aetatis

381 3767 449 3851 (c.
470 3792 518 3831 a.
544 3771 698 3850 23n)
730 3775 791 3830 et
820 3774 1065 3849 propter
1095 3773 1364 3832 ecclesias
1384 3775 1654 3849 Achaiae,

381 3879 526 3935 quae
556 3861 833 3938 pluribus
881 3861 1227 3921 haeresibus
1273 3863 1655 3932 vexabantur,

379 3951 637 4009 Athenas
717 3969 824 4026 per
898 3951 1294 4010 Palaestinam
1364 3954 1654 4029 pergeret,

377 4059 410 4096 a
428 4039 770 4099 Theoctisto
801 4041 864 4097 et
893 4040 1223 4098 Alexandro
1257 4041 1566 4100 Caesareae
1597 4046 1653 4099 et

381 4129 920 4204 Hierosolymorum
987 4129 1276 4205 episcopis
1347 4130 1658 4206 presbyter

376 4217 681 4276 ordinatus
714 4220 836 4286 est;
882 4217 1019 4276 hinc
1066 4218 1351 4277 Demetrii
1394 4220 1651 4294 episcopi

376 4307 469 4365 sui
518 4307 667 4365 iram
718 4305 988 4377 incurrit,
1035 4307 1139 4381 qui
1186 4312 1385 4366 coacta
1431 4307 1655 4384 synodo

375 4395 776 4469 (231—232)
826 4413 964 4454 eum
1012 4395 1260 4455 docendi
1304 4415 1550 4455 munere
1594 4401 1657 4455 et

375 4484 687 4543 sacerdot-ii
736 4483 1036 4561 dignitate
1084 4484 1360 4560 privavit,
1423 4486 1542 4544 imo
1593 4489 1655 4544 et

373 4573 770 4632 ecclesiastica
787 4574 1202 4632 communione
1223 4573 1536 4651 indignum
1551 4576 1653 4650 ju-

374 4662 602 4733 dicavit,
637 4681 816 4737 quam
849 4662 913 4720 in
945 4662 1383 4722 damnationem
1415 4683 1654 4723 romana

371 4749 627 4812 Ecclesia
658 4751 976 4810 consensit.
1010 4753 1404 4812 Accesserant
1436 4753 1561 4812 scil.
1592 4756 1653 4811 et

1560 199 1854 269 Origenes.

2929 217 3011 269 54

1729 404 1973 455 errores,
2008 402 2159 460 quos
2190 384 2352 444 edito
2384 387 2527 444 tunc
2548 403 2720 461 opere
2741 385 2811 444 de
2846 384 3011 461 prin-

1728 475 1897 550 cipiis
1946 474 2152 533 docere
2197 477 2581 552 arguebatur.
2644 473 2837 542 Quare
2879 474 3015 533 Ori·

1727 582 1907 640 genes
1939 563 2297 623 Alexandria
2328 563 2535 623 relicta
2567 564 2901 621 Caesaream
2937 563 3011 621 ad

1729 652 2136 712 Theoctistum
2171 652 2444 729 confugit
2466 653 2809 727 ibidemque
2842 653 3016 711 scho-

1727 742 1840 800 lam
1862 742 2117 818 aperuit,
2140 761 2316 816 quam
2335 742 2512 801 multi
2530 742 3005 816 frequentarunt.

1727 831 1888 889 inter
1918 850 2067 907 quos
2101 830 2329 889 celeber
2359 829 2683 907 Gregorius
2720 830 3012 889 Thauma-

1725 923 1944 997 turgus
1974 939 2110 979 cum
2142 920 2321 979 fratre
2354 918 2751 981 Athenodoro,
2801 920 3009 995 Beryl-

1726 1008 1854 1067 lum
1887 1009 2138 1067 Arabiae
2183 1009 2524 1084 episcopum
2578 1009 2943 1067 bostrensem
2965 1005 3014 1089 ¹)

1727 1098 2278 1157 Monarchianorum
2298 1098 2598 1157 erroribus
2613 1098 2916 1155 addictum
2935 1097 3009 1155 ad

1727 1205 1932 1246 sanam
1984 1187 2283 1247 revocavit
2329 1186 2658 1245 doctrinam
2710 1183 2783 1268 (c.
2835 1184 3011 1267 244).

1727 1278 1870 1334 Orta
1920 1275 2049 1335 dira
2098 1277 2211 1335 sub
2262 1276 2438 1334 Decio
2484 1276 2898 1351 persecutione
2948 1280 3010 1334 et

1724 1365 1852 1441 ipse
1885 1366 1949 1424 in
1981 1383 2269 1423 carcerem
2290 1365 2409 1423 suit
2427 1366 2725 1440 conjectus
2744 1368 3005 1422 tormen-

1724 1455 1924 1530 tisque
1958 1454 2281 1529 subjectus,
2329 1454 2433 1512 sed
2478 1456 2686 1529 post-ea
2724 1455 3009 1513 libertate

1723 1544 1979 1602 donatus
2042 1543 2184 1619 Tyri
2246 1543 2502 1601 decessit
2567 1553 2691 1605 2⁹54
2735 1543 2829 1601 vel
2878 1552 3001 1605 255

1724 1651 1774 1697 a.
1820 1634 2030 1692 aetatis
2067 1643 2167 1695 70.
2229 1632 2363 1691 Non
2408 1631 2558 1690 levis
2604 1632 3010 1690 controversia.

1722 1725 1831 1792 est,
1852 1741 1997 1780 num
2018 1720 2145 1798 ipse
2175 1721 2238 1779 in
2258 1739 2399 1797 pace
2419 1721 2710 1780 Ecclesiae
2731 1725 3007 1779 mortuus

1724 1811 1820 1873 sit.
1883 1812 2107 1870 Favent
2168 1810 2221 1870 ei
2287 1813 2606 1879 ,constans
2673 1810 3006 1868 insectandi

1723 1901 2050 1959 haereticos
2068 1899 2357 1973 studium,
2377 1903 2608 1962 servata
2623 1917 2859 1974 semper
2869 1917 3001 1958 cum

1723 1989 2028 2049 catholicis
2074 1989 2441 2047 Palaestinae
2485 1991 2548 2045 et
2579 1989 2828 2046 Arabiae
2874 1987 3004 2063 epi-

1722 2079 1913 2153 scopis
1974 2077 2328 2149 communic,
2379 2078 2588 2137 literae
2638 2079 3005 2136 contestato-

1721 2169 1844 2225 riae
1891 2168 1962 2226 de
2008 2167 2385 2243 corruptione
2435 2166 2723 2225 librorum
2758 2184 2999 2225 suorum

1722 2260 1784 2315 et
1803 2255 2155 2316 immunitas
2186 2275 2221 2314 a
2252 2256 2580 2332 pertinacia
2600 2257 2662 2314 in
2682 2255 3003 2314 defenden-

1721 2345 1815 2404 dis
1847 2345 2151 2404 errcribus
2171 2347 2376 2404 contra
2393 2345 2834 2419 Ecclesiam2).‹
2869 2345 3003 2420 Ipso

1720 2435 1961 2493 vivente
1984 2436 2110 2510 jam
2142 2452 2356 2510 graves
2388 2438 2625 2492 exortae
2671 2435 2816 2492 sunt
2863 2452 3003 2492 con-

1719 2526 2043 2583 troversiae
2073 2523 2146 2582 de
2177 2524 2306 2600 ejus
2339 2522 2623 2593 doctrina,
2658 2523 2835 2600 longe
2867 2543 3002 2602 gra-

1719 2613 1912 2673 viores
1946 2616 2084 2690 post
2112 2614 2244 2688 ejus
2284 2617 2554 2672 mortem.
2615 2613 2837 2689 Negari
2882 2632 3002 2672 non

1719 2707 1934 2778 potest,
1968 2703 2172 2777 plures
2219 2703 2281 2760 in
2332 2703 2462 2777 ejus
2511 2701 2789 2777 operibus
2821 2705 3004 2779 prout

1720 2810 1879 2850 nunc
1911 2795 2147 2849 exstant
2195 2791 2441 2867 reperiri
2488 2809 2745 2848 errores:
2794 2810 3001 2850 verum

1710 2881 1838 2956 jam
1869 2881 1997 2956 ipse
2031 2884 2390 2955 conquestus
2436 2882 2546 2943 est.
2593 2897 2661 2937 ea
2691 2879 2766 2937 ab
2797 2880 3003 2939 haere-

1716 2969 1850 3027 ticis
1902 2969 2229 3044 depravari.
2305 2969 2466 3027 Num
2516 2969 2657 3026 haec
2700 2968 3001 3027 excusatio

1797 3197 1829 3251 ἢ
1862 3191 1943 3247 Cf.
1985 3192 2054 3245 de
2095 3193 2202 3246 hoc
2243 3190 2649 3246 Eusebium
2693 3193 2758 3244 Η.
2801 3192 2860 3246 E.
2905 3192 3001 3254 Vl,

1715 3270 1800 3322 20.
1815 3261 1816 3264 '
1829 3271 1915 3326 33.
1943 3280 2090 3332 quae
2108 3262 2189 3316 ita
2206 3263 2406 3333 paucis
2422 3264 2817 3333 complectitur
2843 3264 2895 3315 H
2912 3263 2932 3315 i
2948 3281 3002 3315 e·

1714 3353 2068 3402 ronymus
2097 3345 2260 3392 c.6(›:
2305 3335 2694 3403 „Beryllus
2734 3352 2861 3391 cum
2900 3334 3002 3389 ali-

1716 3410 1934 3475 quanto
1956 3413 2209 3477 tempore
2230 3407 2468 3461 rexisset
2486 3407 2794 3470 ecclesiam,
2817 3407 2889 3459 ad
2910 3424 3002 3458 ex-

1714 3482 1956 3532 tremum
1982 3481 2177 3548 lapsus
2219 3478 2278 3534 in
2319 3477 2613 3539 haeresim,
2657 3495 2802 3546 quae
2846 3478 3003 3532 Chri-

1715 3554 1866 3604 stum
1893 3554 2025 3605 ante
2054 3549 2507 3604 incarnationem
2548 3555 2739 3619 negat,
2779 3551 2853 3602 ab
2879 3549 2997 3602 Ori-

1714 3637 1857 3690 gene
1885 3625 2168 3676 correctus
2195 3621 2424 3691 scripsit
2449 3622 2608 3674 varia
2629 3622 2920 3693 opuscula,
2945 3624 3002 3674 et

1713 3691 1954 3747 maxime
2025 3693 2312 3763 epistolas,
2374 3692 2433 3747 in
2486 3693 2696 3761 quibus
2766 3692 3003 3762 Origeni

1713 3763 1930 3832 gratias
1957 3765 2096 3832 agit,
2125 3765 2220 3817 sed
2249 3768 2308 3817 et
2334 3764 2599 3832 origenis
2625 3767 2696 3818 ad
2727 3783 2853 3820 eum
2885 3764 2998 3834 epi-

1714 3837 1890 3890 stolae
1919 3839 2067 3890 sunt.
2121 3835 2322 3888 Exstat
2347 3836 2614 3904 dialogus
2643 3835 2904 3905 Origenis
2943 3845 3002 3888 et

1717 3905 1945 3974 Berylli,
1997 3907 2057 3962 in
2108 3925 2223 3974 quo
2275 3907 2571 3961 haereseos
2611 3907 2992 3975 coarguiturx·

1714 3978 1772 4034 F.
1825 3979 2181 4032 Schwane
2244 3978 2357 4037 KL,
2423 3981 2491 4042 11,
2556 3987 2690 4038 494:
2757 3978 2999 4031 Kober

1715 4049 1906 4116 Beryll
1933 4067 2044 4104 von
2073 4049 2292 4111 Bostra,
2335 4052 2576 4115 Qtlschr.
2615 4059 2747 4105 1848
2773 4071 2825 4119 p.
2859 4057 2994 4103 57—

1713 4127 1796 4177 95.

1859 4195 1898 4262 ἱ)
1964 4192 2740 4261 Fessler-Jungmann
2804 4203 2830 4255 ς
2896 4199 2995 4244 023:

1710 4262 1737 4314 J
1763 4281 1978 4331 ungm
1999 4280 2140 4318 ann
2181 4262 2310 4317 diss.
2355 4265 2450 4317 sel.
2493 4263 2552 4314 in
2593 4261 2723 4315 hist.
2771 4262 2899 4315 eccl.
2954 4262 2996 4316 l.

1711 4339 1815 4391 2²67
1839 4353 1928 4397 ss.‚
1957 4334 2287 4403 pracsertim
2323 4335 2367 4387 V
2392 4335 2463 4388 in
2482 4349 2555 4386 ce
2575 4351 2610 4384 n
2629 4333 2691 4384 zi
2723 4332 2782 4385 in
2809 4348 2898 4402 op.
2931 4333 2995 4384 ln

1712 4424 1752 4458 s.
1797 4405 2058 4475 Gregorii
2099 4423 2247 4472 nyss.
2291 4409 2347 4457 et
2389 4402 2651 4470 Origenis
2699 4403 2910 4472 scripta
2938 4409 2998 4457 et-

1710 4477 2028 4531 doctrinam
2039 4493 2186 4531 nova
2207 4476 2459 4530 recensio
2491 4475 2696 4528 Romae
2717 4481 2910 4529 1864—
2926 4485 2995 4530 455»

1708 4553 1747 4599 t.
1778 4558 1838 4603 4:
1868 4548 1935 4600 de
1965 4565 2077 4615 quo
2100 4565 2188 4617 op.
2212 4549 2282 4601 cf.
2308 4549 2342 4601 S
2360 4565 2388 4601 c
2406 4548 2440 4599 h
2459 4564 2487 4600 e
2506 4563 2534 4598 c
2555 4548 2588 4598 b
2604 4563 2632 4598 e
2650 4565 2686 4598 n
2715 4545 2992 4599 Katholik

1717 4628 1850 4674 1866
1879 4621 1945 4682 II,
1974 4626 2286 4674 291—3162
2316 4624 2479 4674 412-
2494 4626 2615 4672 446.
2657 4618 2737 4671 Cf.
2768 4617 2992 4686 insigne

1709 4691 1768 4745 in
1810 4709 1939 4745 eum
1989 4689 2303 4744 encomium
2345 4689 2404 4742 in
2451 4689 2785 4743 Commonit.
2837 4689 2877 4741 V
2898 4690 2914 4741 i
2935 4710 2992 4743 n-

1709 4778 1783 4816 ce
1802 4781 1838 4815 n
1858 4761 1953 4815 tii
1979 4761 2068 4815 lir.
2097 4780 2142 4815 c.
2177 4765 2255 4817 17.
2283 4779 2475 4830 opusc.
2508 4762 2623 4815 IX&
2652 4767 2756 4814 200
2784 4781 2823 4813 s.
