3505 5161
1019 176 1315 227 551—600.
1345 169 1775 225 Controversiae
1802 170 1872 223 de
1897 170 2082 225 tribus
2110 186 2233 239 cap.
2261 169 2526 239 Pelagius
2554 170 2623 232 II,

515 188 638 241 515
2996 189 3120 243 516

512 350 861 436 (560-573)
892 357 954 414 et
982 353 1487 414 Benedictum
1519 356 1564 413 Ι.
1601 349 1787 435 (574-
1846 355 1964 414 huc
1984 356 2256 432 spectant
2286 355 2661 414 Rusticus
2694 354 3122 431 Vigiliiponti·

517 441 686 525 578),
736 463 989 519 quorum
1038 444 1138 503 vix
1186 443 1416 518 aliquid
1459 444 1603 502 certi
1647 445 1787 502 reli·
1846 444 1972 503 ficis
2018 462 2204 520 nepos
2251 449 2313 503 et
2355 445 2651 504 Ecclesiae
2696 462 2969 503 romanae
3000 444 3124 502 dia-

512 552 697 609 quum
720 537 827 605 est,
847 533 1190 609 Pelagius
1211 532 1285 595 II.
1304 532 1363 610 (5
1378 533 1786 596 79—7.Febr.
1843 551 2047 604 conus,
2072 536 2387 608 postquam
2406 534 2766 609 probaverat
2776 532 2817 591 J
2819 532 3126 592 udicatum

515 620 667 704 590)
718 622 968 681 eandem
1000 622 1462 681 sollicitudinem
1495 623 1682 698 gessit
1713 621 1787 680 ad
1841 622 2022 691 illius,
2045 641 2178 681 acer
2195 622 2378 681 trium
2398 622 2793 698 capitulorum
2816 626 3124 697 patronus„

510 711 847 771 schismatis
859 711 1143 787 reliquias
1154 711 1603 787 extinguendas,
1621 731 1786 786 prae·
1839 711 1906 769 in
1935 713 2323 786 disputatione
2352 720 2554 770 contra
2572 712 2874 786 acephalos
2905 711 2968 769 in
2999 711 3127 769 dia—

511 802 720 859 sertim
767 804 839 860 ut
881 801 1305 877 aquilejensem
1351 800 1788 876 metropolitam
1847 800 1965 877 logi
2002 801 2193 859 forma
2237 796 2361 883 (Mi
2375 820 2518 876 gne
2550 800 2808 867 LXVIII,
2871 810 3129 863 1167—-

510 907 643 949 cum
677 891 804 949 suis
837 890 1130 965 episcopis
1176 889 1250 948 ad
1295 889 1587 948 unitatem
1618 908 1787 949 revo-
1857 886 2066 971 1254),
2101 889 2174 949 de
2197 909 2313 964 qua
2343 890 2428 948 ita
2445 890 2751 960 Batonius,
2786 889 2893 965 qui
2923 889 2963 951 1.
2996 909 3127 948 mu·

509 983 685 1038 caret.
758 979 911 1037 Hinc
959 978 1289 1054 praeclaras
1337 997 1666 1055 gravesque
1716 978 1788 1037 de
1844 978 2025 1037 tilum
2071 982 2274 1037 censet
2316 979 2429 1037 sub
2475 979 2651 1038 finem
2696 978 2979 1054 praecisis
3029 979 3120 1047 iis,

511 1069 618 1126 hoc
649 1069 890 1145 negotio
923 1068 1193 1143 epistolas
1224 1067 1479 1144 scripsit,
1520 1067 1624 1126 sed
1654 1067 1785 1126 abs·
1845 1067 2069 1143 quibus
2100 1068 2295 1127 acrius
2329 1067 2617 1145 Vigilium
2647 1067 3015 1145 perstringit,
3049 1068 3121 1125 ad

510 1176 626 1231 que
656 1157 873 1219 fructu.
922 1156 1197 1232 Quinque
1228 1160 1334 1215 aut
1365 1175 1463 1215 sex
1502 1156 1787 1231 epistolas
1842 1176 1896 1217 a.
1935 1166 2057 1220 518
2111 1154 2143 1223 ἓ
2180 1165 2292 1220 35:
2344 1157 2651 1232 ,Demptis
2701 1176 2771 1215 ex
2821 1155 2975 1215 libro
3018 1156 3123 1214 illo

503 1246 774 1321 ejusdem
806 1246 999 1304 adhuc
1017 1246 1321 1318 habemus,
1355 1264 1502 1321 quas
1534 1246 1787 1321 college-
1843 1245 2051 1321 spinis,
2097 1245 2317 1321 quibus
2348 1264 2488 1323 ager
2518 1245 2736 1305 fertilis
2765 1244 3121 1315 abundabat,

509 1339 654 1394 runt
699 1337 756 1394 M
772 1356 806 1394 a
820 1355 861 1393 n
877 1336 941 1393 si
972 1335 1070 1405 IX,
1123 1345 1489 1405 881-910,
1539 1335 1597 1392 M
1612 1335 1742 1411 ign
1757 1353 1789 1393 e
1844 1342 1906 1391 et
1936 1336 2236 1409 vepribus,
2271 1335 2492 1410 quibus
2521 1336 2586 1393 in
2605 1334 2827 1412 angulo
2849 1335 3126 1394 silvesce-

509 1424 733 1495 LXXII,
790 1433 1167 1495 703—760;
1215 1423 1374 1500 apud
1406 1423 1616 1483 Jaffe
1646 1424 1786 1500 Reg.

509 1513 621 1571 PP.
654 1514 767 1572 ΕΒ..
811 1523 971 1577 1885
1007 1513 1088 1584 1²,
1133 1523 1491 1577 137—140.

603 1701 744 1754 289.
781 1692 925 1750 Cum
956 1691 1401 1749 meminerimus
1448 1692 1785 1750 controver-

511 1781 631 1839 siae
661 1780 953 1840 Ecclesiae
998 1782 1120 1838 tam
1143 1780 1447 1839 molestae
1477 1781 1661 1838 trium
1694 1798 1787 1837 ca-

510 1870 856 1946 pitulorum,
880 1869 1111 1945 juverit
1141 1887 1239 1927 eos
1273 1869 1473 1945 paucis
1505 1869 1784 1939 indicare,

511 1959 615 2034 qui
646 1962 872 2035 partem
906 1958 969 2016 in
1000 1977 1068 2017 ea
1097 1958 1455 2016 habuerunt.
1518 1958 1787 2016 Praeter-

510 2047 693 2107 misso
724 2047 815 2106 Ju
832 2047 1143 2105 stinian
1160 2059 1194 2106 o
1224 2047 1580 2122 imperatore
1603 2046 1787 2127 (527-

501 2131 690 2218 565),
724 2136 830 2212 qui
851 2154 993 2194 sane
1014 2136 1234 2194 meruit
1265 2135 1338 2193 de
1369 2135 1483 2193 fide
1503 2136 1789 2195 catholica

509 2228 572 2284 et
602 2225 812 2284 ordine
844 2225 1254 2296 ecclesiastico,
1288 2225 1412 2284 zelo
1445 2228 1641 2284 tamen
1676 2225 1786 2283 mi-

502 2333 623 2373 -nus
668 2314 950 2390 prudenti
990 2332 1217 2389 suaque
1247 2314 1499 2372 abutens
1531 2314 1787 2373 auctori-

507 2407 633 2461 tate
663 2404 915 2462 nimium
948 2421 1009 2462 se
1045 2403 1375 2462 immiscuit
1404 2404 1662 2480 negotiis
1695 2421 1788 2461 ec-

508 2492 853 2550 clesiasticis
886 2494 947 2549 et
976 2492 1325 2568 theologicis
1345 2492 1785 2562 controversiis,

508 2582 858 2641 nominatim
890 2582 1026 2640 huic
1058 2600 1287 2650 causae,
1336 2579 1493 2640 unde
1532 2584 1626 2640 tot
1655 2585 1786 2640 tur-

509 2670 619 2730 bae
638 2675 699 2730 et
717 2671 870 2729 mala
878 2670 1293 2729 redundarunt
1308 2671 1373 2728 in
1385 2670 1704 2729 Ecclesiam
1717 2668 1784 2751 l):

587 2883 622 2948 ¹)
651 2875 822 2929 Plura
846 2875 1089 2944 reliquit
1124 2881 1325 2945 scripta
1351 2880 1633 2945 theoloyica
1658 2893 1786 2930 con-

508 2950 595 3000 tra
623 2947 873 3003 diversos
899 2948 1228 3012 haereticos,
1259 2948 1329 3001 de
1357 2948 1568 3015 quibus
1593 2951 1785 3002 tamen

506 3019 592 3072 ita
631 3023 823 3072 censet
861 3017 1410 3072 Bardenhewer
1450 3029 1476 3085 ἓ
1516 3026 1586 3075 83
1627 3037 1681 3071 0.
1721 3027 1785 3075 3:

507 3088 611 3143 Die
638 3089 878 3156 meisten
906 3089 1091 3143 seiner
1117 3091 1307 3144 theolo
1353 3089 1549 3144 ischen
1576 3091 1785 3143 Schrif-

505 3163 604 3214 ten
653 3160 899 3231 Migne
926 3161 986 3214 P.
1014 3160 1079 3214 G.
1107 3161 1305 3215 LXXX
1363 3161 1404 3225 I,
1430 3169 1474 3225 1,
1497 3166 1784 3231 945-1152)

507 3233 604 3286 des
672 3233 1061 3303 ogmatischen
1087 3233 1407 3286 Beiwerkes
1452 3232 1784 3297 entkleidet‚

507 3303 710 3358 stellen
722 3303 844 3357 sich
863 3303 1088 3357 freilich
1107 3305 1194 3358 als
1210 3305 1390 3359 blosse
1408 3304 1785 3374 Regierungs-

507 3376 904 3429 massnahmen
945 3375 1063 3439 dar,
1104 3375 1519 3439 Massnahmcn‚
1557 3376 1784 3439 welche,

507 3446 658 3498 auch
683 3463 848 3500 wenn
875 3446 955 3500 sie
983 3449 1120 3500 stets
1146 3447 1247 3500 der
1271 3445 1522 3500 reinsten
1549 3447 1784 3501 Absich-

509 3519 606 3569 ten
633 3520 1018 3587 entsprungm
1065 3524 1271 3577 waren,
1312 3517 1657 3586 gleichwohl
1700 3520 1785 3573 als

509 3587 880 3642 bedenkliche
932 3588 1207 3659 Eingriffe
1268 3589 1330 3642 in
1381 3589 1482 3643 das
1532 3590 1785 3643 innerste

1842 1424 1960 1493 bat,
1984 1424 2208 1494 excisiS,
2226 1442 2376 1500 quae
2394 1429 2810 1483 remanserunt
2829 1423 2957 1482 viro
2988 1424 3125 1499 qui·-

1843 1513 1978 1571 dem
2009 1512 2180 1571 docto
2227 1515 2372 1579 sunt
2398 1513 2660 1590 dignaz‘
2710 1514 3153 1589 auctoremque

1845 1607 2015 1661 vocat
2027 1601 2100 1660 ad
2115 1621 2163 1664 a.
2187 1611 2255 1665 51
2274 1612 2308 1666 8
2322 1605 2354 1675 ἓ
2369 1613 2446 1669 37
2467 1603 2832 1679 ‚scriptorem
2852 1602 3126 1661 luculen-

1842 1691 2180 1749 tissimum‘.
2247 1690 2334 1748 Ob
2386 1692 2745 1766 pertinacem
2779 1709 2946 1750 suam
2978 1692 3126 1750 resi-

1843 1780 2141 1849 stentiam,
2177 1798 2299 1855 qua
2317 1780 2463 1839 alios
2484 1781 2659 1840 etiam
2692 1781 2757 1839 in
2786 1779 3120 1855 pontificem

1844 1868 2162 1928 commovit
2175 1868 2242 1948 ²),
2279 1871 2654 1929 anathemate
2685 1889 2720 1927 a
2738 1869 2960 1946 Vigilio
2992 1888 3115 1945 per·

1844 1958 2050 2016 culsus
2100 1957 2393 2035 dignitate
2456 1978 2521 2017 ac
2569 1959 2760 2035 gradu
2811 1959 3119 2018 submotus

1843 2046 1978 2116 fuit,
2014 2050 2075 2106 et
2106 2047 2181 2105 ab
2213 2047 2563 2123 imperatore
2582 2049 2646 2106 in
2667 2048 2943 2105 exsilium
2975 2048 3124 2122 ejec-

1846 2138 1962 2196 tus.
2010 2136 2136 2204 Quo
2168 2138 2435 2212 tempore
2470 2155 2812 2211 supremum
2847 2135 3127 2195 clauserit

1846 2224 2022 2293 diem,
2072 2228 2165 2284 est
2209 2225 2522 2284 incertum.
2588 2225 2930 2284 Versionem
2970 2225 3127 2283 anti-

1843 2333 2025 2389 quam
2086 2318 2356 2373 actorum
2423 2332 2581 2376 conc.
2644 2313 3125 2373 chalcedonensis

1844 2420 1979 2461 cum
1999 2401 2300 2463 codicibus
2322 2403 2550 2480 graecis
2572 2403 2828 2462 contulit
2846 2407 2907 2461 et
2924 2421 3124 2461 emen—

1842 2589 1932 2642 vel
1960 2595 2082 2662 543)
2108 2595 2173 2645 de
2198 2595 2448 2660 O›·iyene,·
2472 2592 2662 2645 edicta
2686 2594 2882 2645 contra
2907 2591 3125 2659 scripta

1841 2658 2121 2715 Theodori
2184 2663 2590 2734 mopsuesteni,
2642 2663 2977 2717 Theodoreti
3026 2661 3125 2714 ad-

1844 2747 2038 2785 versus
2089 2753 2129 2787 s.
2183 2732 2463 2802 Cyrillutn
2515 2737 2658 2790 alex.
2711 2739 2768 2788 et
2816 2732 3127 2789 concilium

1842 2803 2193 2872 ephesinum,
2235 2809 2294 2859 et
2318 2809 2516 2860 contra
2554 2808 2682 2860 lbae
2709 2805 2965 2860 edesseni
3011 2805 3129 2874 epi-

1844 2874 2049 2929 stolam
2076 2894 2177 2931 seu
2204 2880 2459 2932 advenas
2482 2883 2593 2932 tria
2618 2881 2854 2946 capitula
2871 2899 2894 2944 ,·
2918 2877 3128 2930 horum

1841 2943 2159 3003 edictorum
2199 2951 2446 3004 alterum
2488 2949 2826 3003 inscribitur
2856 2952 3128 3015 Confessio

1842 3029 2010 3072 rectae
2071 3023 2226 3086 fidei:
2285 3026 2559 3090 responsio
2607 3020 2681 3073 ad
2734 3020 3127 3073 defensionem

1841 3088 2020 3142 trium
2047 3091 2433 3160 capitulorum
2461 3095 2565 3146 etc.
2618 3094 2682 3145 ln
2726 3094 3020 3146 senectute
3049 3091 3127 3144 vi-

1840 3159 2006 3214 detur
2017 3161 2078 3215 in
2090 3179 2333 3217 errorem
2344 3162 2611 3217 incidisse
2628 3162 3126 3233 Aphthartodoke-

1841 3234 2047 3286 tarum.
2100 3233 2299 3287 Plures
2338 3237 2632 3306 praeterea
2669 3238 2981 3303 supersunt
3006 3236 3124 3302 ejus

1840 3308 2082 3372 epistolae
2132 3306 2205 3358 ad
2243 3323 2509 3360 romanos
2549 3306 2847 3377 pontifices
2884 3306 3123 3359 Hormis-

1841 3376 1991 3439 dam,
2003 3376 2037 3429 J
2041 3393 2282 3430 oannem
2298 3377 2379 3440 11„
2391 3378 2708 3449 Agapitum
2721 3378 2745 3430 1
2757 3380 2815 3431 et
2827 3376 3117 3447 Vigilium‚

1841 3463 1984 3515 quas
2033 3448 2281 3517 reperies
2331 3449 2482 3503 inter
2532 3450 2736 3503 horum
2789 3449 3113 3518 pontificum

1840 3518 2142 3589 epistolas:
2186 3525 2414 3575 novellae
2456 3521 2529 3573 ad
2574 3519 2912 3588 religionem
2949 3516 3114 3587 perti·

1842 3593 2040 3643 nentes
2066 3591 2223 3660 apud
2264 3591 2322 3644 M
2339 3592 2359 3644 i
2376 3611 2413 3662 g
2430 3610 2466 3643 n
2484 3609 2513 3644 e
2555 3591 2614 3644 P.
2642 3591 2702 3643 L.
2731 3590 2920 3650 LXIX.
2952 3594 3115 3645 177-

508 3658 695 3712 Leben
756 3658 857 3712 der
907 3660 1114 3714 Kirche
1180 3660 1506 3714 bezeichnet
1529 3677 1532 3678 ⁷
1557 3660 1784 3714 werden
1838 3667 1975 3723 3483
2001 3662 2219 3727 LXXII,
2251 3667 2584 3719 921—1110.
2635 3663 2912 3730 Pleraque
2938 3678 3004 3714 ex
3030 3660 3120 3714 his

506 3732 779 3784 mussten.
831 3731 982 3784 Haec
1007 3732 1232 3802 potiora
1258 3734 1424 3785 sunt:
1475 3736 1785 3787 Conscae‘tutio

509 3807 558 3856 6.
576 3802 723 3871 Aug.
742 3809 861 3859 536.
880 3805 1132 3857 adversus
1150 3807 1477 3865 .·1nthimum‚
1497 3805 1783 3866 Severum,

508 3871 737 3925 Petrum
790 3880 848 3927 et
890 3873 1123 3927 Zoarim
1166 3873 1615 3944 monophysitas,
1669 3891 1785 3942 qua

508 3944 690 3998 sancit
705 3945 909 3998 horum
935 3945 1360 3999 damnationem
1377 3962 1410 3997 a
1427 3946 1641 4014 synodo
1659 3962 1785 3999 con·

507 4015 1023 4086 stantinopolitana
1050 4017 1294 4074 editam:
1341 4019 1407 4069 tr.
1449 4026 1637 4072 συκίνη
1677 4037 1784 4070 mo-

505 4091 811 4157 nophysitas
854 4093 923 4159 (a.
954 4096 1053 4144 542
1081 4090 1172 4143 vel
1200 4093 1320 4158 543)
1366 4088 1437 4141 ad
1479 4089 1785 4142 monachos

506 4158 821 4228 aegyptios,
864 4158 966 4227 qui
1002 4161 1074 4212 ab
1113 4160 1341 4214 illorum
1381 4159 1667 4212 erroribus
1711 4161 1783 4212 ad

507 4228 815 4282 Ecclesiam
860 4230 1149 4284 redierant
1193 4231 1283 4285 vel
1328 4231 1509 4282 redire
1573 4231 1786 4298 cogita.—

1840 3733 2067 3803 scriptis
2092 3734 2456 3804 reperiuntur
2492 3735 2663 3789 etiam
2701 3734 2859 3804 apud
2888 3733 2946 3786 M
2962 3749 3046 3785 an
3064 3730 3124 3785 si

1841 3805 1966 3860 coll.
1996 3821 2151 3858 conc.
2179 3809 2217 3858 t.
2246 3806 2394 3858 Vm.
2424 3806 2516 3859 IX.
2553 3806 2636 3861 Cf.
2663 3806 2732 3858 de
2759 3804 2834 3858 iis
2859 3805 2912 3858 H
2929 3821 2958 3858 e
2975 3804 3124 3859 fele

1842 3875 2190 3946 Concilieng.
2259 3878 2428 3930 assim
2470 3880 2511 3929 t.
2537 3883 2597 3931 2²*
2632 3876 2914 3945 Freiburg
2960 3882 3126 3933 1875:

1843 3947 2018 4000 etiam
2060 3949 2202 4002 Loo
2258 3967 2284 4001 s
2323 3949 2594 4002 Leontius
2625 3966 2674 4000 v.
2717 3948 2939 4016 Byzanz
2974 3951 3124 4002 1887.

1843 4018 1882 4081 Ι,
1934 4023 2210 4076 303-17;
2276 4020 2493 4074 Krum
2516 4019 2792 4073 bacher
2844 4035 2972 4089 pag.
3026 4020 3125 4072 57:

1842 4096 1945 4146 929
1974 4108 2042 4143 ss.
2070 4092 2128 4143 et
2153 4092 2363 4161 passim
2391 4090 2565 4145 alibi:
2606 4111 2661 4161 p.
2693 4095 2847 4153 1073,
2874 4088 2974 4142 ubi
3001 4087 3123 4142 lite·

1839 4163 2091 4216 raturam
2117 4162 2379 4219 exhibet:
2408 4163 2455 4215 N
2478 4161 2539 4215 ir
2556 4162 2719 4216 schl
2747 4162 2820 4215 111
2846 4169 2872 4228 5
2893 4162 3015 4214 275.
3042 4158 3123 4212 De

1841 4233 1965 4301 ejus
1989 4249 2167 4300 regno
2213 4235 2282 4289 cf.
2310 4233 2647 4304 Procopium
2694 4238 2753 4286 et
2796 4231 3122 4302 Agathiam.

509 4302 662 4363 bant,
692 4317 861 4369 quem
889 4302 1101 4371 reperit
1127 4302 1423 4369 ediditque
1446 4301 1563 4355 Mai
1580 4302 1783 4372 Script.
1840 4304 1909 4357 de
1937 4303 2149 4371 quibus
2174 4305 2395 4374 egimus
2421 4321 2551 4374 pag.
2579 4312 2684 4361 483
2710 4323 2761 4357 a.

506 4373 618 4424 vet.
663 4389 809 4426 nova
854 4373 980 4426 coll.
1023 4373 1233 4427 Romae
1267 4380 1401 4429 18:33
1428 4372 1548 4437 Vn,
1581 4383 1624 4436 l,
1652 4391 1782 4444 pag.

1918 4377 2175 4455 ¹).lpsum
2195 4379 2593 4437 commoverat,
2630 4379 2698 4429 ut
2722 4375 3010 4430 resisteret
3032 4373 3124 4426 de·

506 4448 819 4502 292—3132
861 4444 1111 4497 edictum
1152 4444 1472 4498 eruditione
1511 4447 1786 4498 refertum
1841 4451 2009 4500 cretis
2059 4446 2264 4513 synodi
2310 4447 2393 4506 V..
2438 4448 2655 4501 Felix
2704 4448 2826 4501 afer
2865 4445 3123 4516 gillitani

505 4523 689 4568 cantra
731 4519 1005 4583 Oriyenem
1047 4515 1119 4568 ad
1160 4515 1426 4570 Mennam
1461 4532 1547 4585 ep.
1576 4516 1698 4579 GP„
1726 4515 1788 4571 in
1843 4516 1959 4571 sive
1978 4518 2278 4587 guillensis
2295 4520 2353 4571 in
2367 4519 2559 4574 Africa
2576 4518 2905 4574 monasterii
2922 4518 3122 4571 abbas:

508 4601 622 4651 quo
644 4586 889 4654 potiores
917 4587 1090 4652 hujus
1116 4603 1330 4640 errores
1374 4587 1586 4641 refellit
1610 4592 1785 4656 atque
1841 4588 1977 4643 hinc
2004 4607 2133 4643 cum
2160 4590 2393 4644 Rustico
2421 4591 2618 4646 exsilio
2648 4591 2954 4644 damnatus
2978 4591 3065 4641 est
3089 4604 3121 4639 a

509 4656 748 4710 maxime
793 4657 1140 4727 perniciosos
1184 4675 1300 4711 esse
1332 4658 1582 4712 ostendit
1620 4661 1786 4728 (forte
1841 4660 2169 4715 justiniano
2198 4662 2337 4730 imp.
2364 4661 2501 4731 Ejus
2527 4661 2737 4733 scripta
2783 4660 3014 4732 periisse
3046 4659 3121 4712 vi-

508 4732 781 4796 c.a.543):
809 4745 936 4780 cum
955 4728 1134 4782 literis
1151 4730 1219 4780 ad
1241 4731 1578 4797 &synodum
1597 4734 1667 4800 (a.
1686 4738 1788 4785 543
1843 4732 2067 4784 dentur.
