3505 5161
503 251 537 304 3
1422 240 1643 289 1—100.
1695 232 1748 287 S.
1778 234 2067 288 Barnabas
2094 248 2187 304 ap.
3073 253 3109 303 4

496 420 648 479 toris
698 421 770 480 de
819 420 886 480 V.
954 419 1327 479 Testamento
1376 420 1569 495 deque
1627 419 1776 495 ipsis
1834 420 2042 479 sertim
2092 439 2234 479 cura
2281 421 2339 479 C.
2391 419 2939 488 Tischendorf,
3004 421 3110 495 qui

497 510 785 586 apostolis
806 509 1180 577 assertiones,
1212 512 1345 568 tum
1366 512 1612 586 propter
1643 508 1775 583 opi·
1832 528 1963 568 eam
1993 509 2288 587 integram
2320 510 2560 585 reperit,
2582 509 2648 567 in
2664 528 2756 584 op.
2779 509 3109 569 Bibliorum

497 600 708 658 niones
740 600 954 658 horum
985 598 1289 658 doctrinae
1333 600 1534 657 minus
1567 615 1775 657 conso·
1832 598 2010 657 codex
2043 598 2355 657 sinaiticus
2373 598 2871 674 petrepolitanuS,
2907 599 3111 658 Petro-

494 706 620 758 nas,
668 692 801 747 tum
852 688 1031 747 etiam
1077 691 1322 764 propter
1368 687 1778 747 difficultatem
1829 688 1954 764 poli
1995 696 2157 752 1862
2192 690 2235 746 t.
2269 697 2341 757 43
2374 690 2434 746 et
2464 687 2526 745 in
2561 706 2653 763 op.
2675 686 2730 745 N
2736 732 2749 745 .
2770 687 3110 747 Testamen-

496 776 999 854 chronologicam:
1033 777 1287 853 epistola
1318 777 1476 835 enim
1508 796 1576 836 eo
1609 775 1776 835 vide·
1832 780 1962 837 tum
1983 776 2340 836 Sinaiticum
2370 776 2495 835 sive
2514 777 2587 835 N.
2609 777 2672 838 T.
2694 795 2830 834 cum
2849 778 3113 853 epistula

495 869 601 924 tur
632 867 854 942 scripta
872 870 1157 942 tempore,
1180 885 1299 942 quo
1319 866 1647 925 Barnabam
1668 865 1774 924 ad·
1832 866 2136 926 Barnabae
2182 868 2244 925 et
2275 865 2624 942 fragmentis
2657 867 2938 941 pastoris,
2973 865 3112 941 Lip-

496 956 613 1014 huc
643 955 862 1014 vixisse
892 956 992 1013 vix
1023 959 1118 1014 est
1160 955 1458 1014 credibile.
1520 954 1689 1024 Quod
1722 954 1774 1013 si
1833 954 1954 1014 siae
1985 965 2183 1027 1863;
2217 973 2359 1013 cura
2379 954 2490 1018 Ad.
2521 954 2984 1032 Hilgenfeld
3019 974 3110 1013 se-

497 1063 638 1121 ergo
672 1063 921 1120 quaeras
954 1045 1240 1121 epistolae
1285 1045 1603 1124 auctorem,
1638 1044 1689 1101 si
1722 1044 1774 1102 is
1830 1043 2091 1104 cundum
2124 1043 2377 1103 codicem
2407 1063 2442 1102 a
2462 1044 2567 1102 Th.
2598 1044 2930 1120 Bryennios
2963 1044 3111 1103 Con-

497 1133 820 1207 BarnabaS,
869 1133 1042 1192 Pauli
1092 1153 1182 1210 ap.
1228 1151 1439 1203 comeS,
1490 1152 1612 1192 non
1661 1135 1772 1204 est,
1832 1134 2224 1209 stantinopoli
2270 1154 2321 1194 a.
2362 1142 2525 1196 1875
2575 1138 2876 1209 repertum
2922 1133 2988 1192 in
3019 1152 3111 1209 op.

497 1222 742 1297 conjicit
772 1221 986 1281 Funk
1013 1217 1081 1305 ¹),
1114 1222 1503 1282 christianum
1536 1222 1773 1280 alexan·
1833 1222 1904 1281 N.
1958 1222 2406 1281 Testamentum
2460 1223 2626 1280 extra
2686 1240 2969 1281 canonem
3019 1241 3112 1280 re-

498 1310 741 1370 drinum
772 1331 899 1370 eam
932 1330 1200 1371 exarasse
1234 1312 1435 1371 seculo
1465 1310 1656 1387 primo
1678 1330 1774 1369 ex·
1832 1315 2091 1386 ceptum,
2139 1311 2374 1386 Lipsiae
2428 1319 2588 1375 1877
2640 1311 2730 1370 ed.
2768 1320 2823 1373 2.
2870 1313 3006 1373 fasc.
3042 1320 3111 1381 2;

496 1403 679 1459 eunte
711 1400 825 1459 sub
868 1400 1065 1460 Nerva
1094 1401 1235 1478 imp.
1270 1397 1329 1481 (†
1366 1395 1505 1483 98):
1548 1401 1610 1459 et
1640 1399 1775 1476 qui-
1833 1418 1954 1462 cur.
2019 1399 2418 1459 Gebhardt
2478 1403 2540 1459 et
2602 1401 2710 1458 Ad.
2761 1400 3113 1459 Harnack

497 1490 632 1549 dem
680 1494 979 1548 auctorem
1030 1489 1478 1550 alexandrinum
1528 1488 1778 1565 prodere
1833 1490 1993 1548 inter
2051 1492 2205 1565 patr.
2267 1492 2455 1565 apost.
2519 1507 2653 1566 opp.
2705 1489 2795 1548 ed.
2847 1491 2982 1565 maj.
3032 1490 3112 1549 ib.

495 1579 1045 1655 interpretationem
1098 1579 1164 1641 V.
1209 1578 1572 1639 Testamenti
1633 1579 1776 1637 alle·
1842 1588 2307 1642 1875—1877:
2355 1578 2447 1637 ed.
2495 1579 2643 1638 min.
2693 1588 2748 1640 3.
2792 1578 2871 1641 ib.
2913 1588 3111 1643 1900:

495 1668 754 1745 goricam
804 1672 867 1727 et
915 1669 1187 1728 crebrum
1254 1670 1539 1746 epistolae
1597 1685 1778 1727 usum
1834 1686 1954 1726 cur.
2018 1667 2306 1744 Sharpe
2367 1667 2622 1727 Londini
2675 1677 2871 1735 18803
2937 1667 2991 1729 J.
3040 1668 3113 1727 H.

497 1754 654 1833 apud
686 1758 1138 1827 Alexandrinos,
1159 1759 1336 1817 finem
1356 1777 1493 1816 vero
1516 1757 1699 1817 seculi
1725 1752 1777 1838 ²)
1834 1757 2305 1828 Backhouse,
2341 1756 2552 1816 Oxonii
2593 1766 2756 1820 1883
2791 1763 2900 1815 etc.
2930 1755 2994 1833 1).

497 1848 678 1922 caput
726 1849 1027 1922 quartum.
1088 1847 1272 1906 Juxta
1320 1847 1469 1906 alios
1521 1865 1589 1906 ea
1637 1864 1776 1905 con-

497 1935 721 2010 scripta
751 1937 845 1994 est
859 1936 1099 1995 nonnisi
1120 1937 1276 1995 circa
1292 1956 1342 1995 a.
1372 1945 1490 1999 120
1512 1936 1611 1994 vel
1638 1945 1778 2006 130,

496 2026 569 2083 ut
620 2027 822 2083 censet
873 2025 919 2083 L
934 2045 967 2083 a
982 2026 1020 2083 d
1038 2044 1069 2083 e
1085 2045 1128 2085 u
1144 2046 1173 2084 z
1189 2045 1221 2085 e
1246 2021 1315 2107 ³).
1377 2026 1513 2084 Non
1559 2024 1781 2085 desunt

496 2116 696 2171 tamen
729 2115 934 2172 nostra
963 2117 1170 2183 aetate,
1208 2115 1314 2190 qui
1333 2118 1406 2173 ut
1427 2115 1618 2174 varias
1638 2132 1777 2173 con-

498 2201 706 2260 cilient
736 2202 1060 2278 opiniones,
1083 2204 1419 2280 conjiciant,
1442 2202 1779 2263 rationibus

496 2294 697 2351 tamen
761 2295 854 2349 sat
915 2292 1152 2351 levibus
1202 2293 1412 2363 innixi,
1464 2293 1778 2370 epistolam
1838 2322 2216 2408 Anaclfltum)

497 2380 686 2439 fuisse
716 2379 1151 2456 interpolatam.
1183 2383 1277 2440 Ita
1304 2382 1361 2445 J.
1395 2382 1595 2442 Weis
1613 2401 1641 2440 s
1673 2382 1781 2442 der

497 2469 957 2528 Barnabasbrief
968 2470 1220 2529 kritisch
1240 2472 1614 2543 untersucht,
1637 2473 1778 2531 Ber—

496 2558 585 2617 lin
626 2566 809 2623 1888.
859 2559 1130 2635 Epistola
1158 2579 1297 2620 vero
1330 2560 1553 2637 scripta
1582 2563 1676 2621 est
1705 2561 1778 2620 ad
1804 2574 1810 2648 1

498 2648 865 2707 Christianos
898 2667 966 2707 ex
986 2650 1027 2708 J
1029 2649 1232 2709 udaeis
1254 2668 1586 2721 conversoS,
1607 2654 1778 2711 tena-

496 2754 591 2795 ces
624 2737 879 2796 nimium
911 2739 1193 2814 antiquae
1222 2740 1392 2817 legis,
1414 2759 1563 2815 quos
1585 2740 1775 2811 docet,

497 2825 720 2902 Moysis
753 2827 947 2904 legem
970 2830 1097 2904 jam
1141 2846 1271 2888 esse
1316 2828 1658 2906 abrogatam
1689 2831 1776 2889 ei-

497 2933 613 2990 que
646 2916 1003 2976 successisse
1035 2917 1441 2995 Evangelium.
1488 2920 1651 2977 Parti
1685 2919 1777 2977 di-

497 3002 756 3063 dacticae
788 3005 892 3081 (cc.
936 3010 1172 3082 1—15)
1222 3007 1542 3083 subjicitur
1571 3026 1775 3083 parae-

496 3093 709 3164 netica,
744 3113 861 3169 qua
891 3095 1047 3154 bona
1077 3100 1139 3155 et
1168 3097 1345 3155 utilia
1394 3098 1778 3156 continentur

498 3182 712 3241 salutis
756 3184 995 3243 monita.
1062 3185 1286 3244 Prodiit
1329 3185 1590 3260 primum
1635 3204 1778 3245 cura

1929 1980 1985 2033 3.
2018 1972 2188 2029 Alter
2221 1971 2477 2047 scriptor
2505 1972 2681 2047 plane
2709 1971 2967 2047 insignis
3000 1971 3112 2029 hu-

1829 2060 1931 2135 jus
1954 2061 2141 2120 seculi
2174 2064 2268 2119 est
2300 2079 2345 2119 a.
2378 2061 2727 2119 Clemens
2759 2060 2954 2119 dictus
2986 2060 3112 2118 Ro-

1836 2167 2120 2219 manuS,
2201 2150 2306 2224 qui
2381 2153 2536 2208 teste
2598 2150 2922 2208 Irenaeo
2985 2149 3114 2207 adv.

2196 2277 2223 2307 ,
2237 2240 2418 2298 tertio
2449 2240 2576 2299 loco
2609 2233 2770 2319 (post
2801 2238 3013 2297 Linum
3054 2240 3116 2295 et

2268 2328 2340 2385 ab
2374 2328 2661 2404 apostolis
2708 2327 3115 2403 episcopatum

1836 2238 1991 2297 haer.
2029 2248 2084 2309 3,
2123 2248 2158 2301 3

1805 2408 2086 2501 lsortitur
2115 2416 2220 2492 qui
2253 2421 2314 2475 et
2346 2416 2501 2475 vidit
2529 2418 2691 2492 ipsos
2723 2416 3023 2492 apostolos
3056 2417 3117 2473 et

1835 2659 2185 2728 Antverpiae
2209 2665 2376 2714 1698:
2404 2658 2764 2712 Amsterdam
2788 2661 2938 2714 1724:
2962 2656 3008 2711 G
3026 2674 3059 2710 a
3075 2658 3112 2711 l-

1833 2732 1902 2786 la
1919 2750 1957 2784 n
1973 2730 2049 2784 di
2078 2729 2422 2784 bibliotheca
2449 2732 2561 2782 vet.
2582 2729 2689 2783 PP.
2717 2732 2758 2783 t.
2791 2729 2811 2781 Ι
2836 2729 2984 2792 -111,
3012 2729 3114 2782 Ve-

1833 2802 2004 2857 netiis
2037 2803 2419 2858 1765—1767:
2447 2800 2695 2872 Migne
2725 2801 2934 2854 Patrol.
2962 2819 3044 2870 gr.
3073 2800 3115 2852 1.

1835 2875 1902 2928 ΙΙ.
1930 2873 2012 2932 V;
2052 2872 2107 2926 Η
2123 2889 2152 2926 e
2170 2872 2198 2924 f
2207 2888 2235 2926 e
2252 2872 2275 2925 1
2292 2888 2320 2925 e
2362 2872 2549 2942 Opera
2594 2876 2823 2942 patrum
2849 2870 3115 2941 apostoli-

1832 2963 2045 3008 corum,
2072 2942 2369 3013 Tubingae
2401 2951 2566 3004 1839:
2598 2952 2732 3000 1855
2759 2944 2846 2998 ed.
2873 2953 2941 3008 4.,
2968 2960 3114 3011 quae

1833 3034 1951 3071 cur.
1977 3016 2066 3069 Fr.
2095 3017 2161 3069 X.
2204 3015 2244 3068 F
2261 3033 2301 3068 u
2320 3034 2355 3067 ιι
2373 3015 2411 3068 k
2451 3016 2717 3070 omnibus
2743 3014 2995 3069 numeris
3021 3016 3114 3068 ab·

1834 3089 2024 3143 soluta.
2064 3087 2271 3142 iterum
2316 3087 2533 3156 prodiit
2573 3091 2611 3141 t.
2642 3096 2690 3150 2³,
2737 3091 3078 3141 1878-1881
3103 3105 3113 3140 ;

1833 3162 1872 3212 t.
1906 3168 1949 3214 l.
1977 3164 2181 3214 auctus
2201 3159 2286 3213 ed.
2309 3174 2456 3212 nova
2483 3157 2741 3212 doctriua
2763 3156 2864 3207 XII
2890 3155 3112 3221 aposto·

1832 3230 2020 3284 lorum
2040 3233 2192 3286 1887:
2219 3234 2370 3286 1901:
2395 3229 2626 3281 Patrum
2648 3224 3004 3295 apostolicor.
3021 3240 3112 3291 op.

495 3271 964 3374 Usslfferiiss·
1020 3283 1203 3374 ¹6:²2³
1257 3292 1408 3349 quae
1452 3278 1652 3333 tamen
1685 3276 1775 3334 ed·
1833 3302 1921 3355 ed.
1949 3301 2268 3362 Dressel,
2298 3299 2522 3367 Lipsiae
2557 3304 2718 3354 1857:
2772 3301 2905 3351 1863
2932 3293 3019 3346 ed.
3047 3298 3110 3347 2:

496 3378 632 3418 mox
662 3362 937 3419 incendio
973 3365 1182 3437 perut;
1216 3381 1339 3422 cur.
1360 3363 1431 3420 H.
1465 3364 1776 3423 Menard
1833 3390 1969 3426 cura
1997 3372 2059 3426 O.
2087 3373 2155 3425 de
2184 3369 2585 3432 Gebhardt,
2612 3367 2716 3420 Ad.
2746 3365 3111 3424 Harnack,

499 3449 565 3507 Ο,
598 3449 653 3506 S,
688 3450 830 3507 Bon,
877 3469 1065 3525 eoque
1117 3450 1391 3510 defuncto
1441 3453 1665 3530 (1644)
1710 3453 1775 3515 L·
1835 3444 2179 3506 Th.Zahn,
2230 3441 2307 3495 ib.
2343 3444 2475 3496 1875
2503 3438 2589 3493 ed.
2618 3446 2680 3498 3;
2735 3439 3112 3496 1876-1877ῧ

497 3537 609 3596 d'A
625 3556 656 3595 c
672 3538 710 3595 h
725 3556 757 3596 e
772 3557 804 3596 r
816 3557 873 3614 y,
893 3539 1138 3598 Parisiis
1167 3552 1187 3602 l
1204 3551 1282 3603 64
1294 3551 1325 3602 5
1346 3563 1359 3610 ;
1382 3540 1520 3600 dein
1538 3543 1777 3617 saepius

496 3644 632 3685 cum
663 3626 799 3685 aliis
831 3627 1103 3702 patribus
1138 3630 1478 3705 apostolicis
1499 3628 1572 3712 4),
1605 3650 1776 3707 prae-

674 3751 805 3758 ,ῃ-

577 3801 612 3868 ¹)
643 3796 857 3879 Bassim
873 3797 1351 3879 diligentissimus
1367 3803 1568 3854 auctor
1582 3800 1651 3854 de
1669 3801 1778 3854 hac

496 3869 859 3995 {33132532
888 3871 1778 4005 ¹¹123¹¹2¹332¹58225d·.2¹3{.32³3ssss

497 4010 690 4065 omnia
731 4011 1060 4081 complexus
1103 4017 1189 4066 est
1230 4013 1292 4066 in
1337 4013 1584 4068 Kirchen
1629 4014 1778 4067 esch.

498 4083 969 4138 Abhandlunoen
1007 4085 1127 4138 und
1177 4084 1531 4148 Untersuch„
1622 4086 1779 4139 ader-

501 4154 641 4206 born
672 4162 808 4211 1899
834 4130 889 4208 Ιῖ
913 4155 1046 4209 diss.
1075 4165 1105 4212 5
1133 4174 1190 4225 p.
1217 4161 1479 4213 77—108.

573 4228 612 4294 ²)
643 4227 835 4295 Ipsum
856 4245 897 4279 s.
925 4227 1246 4282 Barnabam
1273 4228 1478 4282 obiisse
1495 4247 1544 4281 a.
1564 4233 1632 4285 76
1651 4245 1781 4282 con-

488 4295 707 4365 jiciunt
721 4299 987 4353 nonnulli
1004 4316 1133 4352 cum
1160 4299 1218 4352 M
1234 4316 1267 4352 a
1283 4319 1311 4352 z
1328 4317 1359 4353 o
1376 4316 1404 4352 c
1420 4300 1562 4364 hio,
1592 4299 1692 4368 qui
1708 4299 1779 4353 de

498 4367 618 4476 Vi?
644 4386 685 4421 e.
713 4369 1006 4425 Barnabae
1034 4370 1217 4424 fusius
1244 4370 1486 4440 scripsit.

499 4443 615 4564 ecci
640 4441 702 4493 L’
719 4441 917 4511 Epitre
934 4442 1003 4497 de
1023 4442 1280 4496 Bai-nabe
1298 4441 1360 4495 iu
1378 4442 1569 4497 Revue
1588 4442 1780 4496 d'hist.

665 4520 800 4569 1900
829 4513 870 4576 I,
899 4521 1141 4570 31—40:
1168 4519 1469 4570 212—225.

1836 3516 1937 3583 qui
1964 3514 2273 3569 editionem
2300 3511 2471 3564 etiam
2514 3509 2792 3563 minorem
2820 3511 3112 3570 curarunt,

1835 3587 1911 3640 ib.
1943 3589 2078 3642 1877
2096 3605 2107 3642 ς
2140 3591 2304 3640 1894;
2340 3589 2474 3638 1900
2496 3581 2582 3634 ed.
2605 3588 2654 3637 3.
2679 3583 2784 3634 etc.
2815 3579 2972 3632 Alias
3000 3578 3114 3633 edi-

1837 3657 2018 3712 tiones
2045 3657 2116 3709 cf.
2145 3654 2300 3724 apud
2343 3653 2437 3706 Ba
2454 3653 2532 3705 rd
2549 3669 2632 3706 en
2651 3652 2734 3705 he
2754 3669 2802 3704 w
2819 3669 2848 3705 e
2866 3669 2894 3703 r
2921 3651 3115 3705 Patro-

1834 3727 2003 3798 logie,
2031 3725 2270 3780 Freibur
2339 3732 2472 3781 1991
2502 3735 2528 3788 ξ
2557 3733 2606 3778 4.

1916 3803 1948 3870 ¹)
1978 3798 2060 3852 Cf.
2088 3798 2140 3852 Η
2157 3815 2186 3851 e
2203 3797 2271 3850 fe
2324 3813 2354 3850 e
2395 3796 2508 3849 Das
2543 3793 2989 3850 Sendschreiben
3016 3794 3115 3847 des

1836 3873 1943 3939 Ap.
1960 3869 2249 3922 Barnabas
2266 3868 2394 3921 aufs
2413 3868 2571 3921 Neue
2589 3866 2944 3927 untersucht,
2957 3867 3116 3918 iiber-

1836 3944 1976 3995 setzt
2019 3940 2139 3993 und
2192 3939 2423 4003 erklart‚
2476 3938 2778 4006 Tfibingen
2836 3944 2999 3994 1840:
3052 3936 3116 3990 O.

1836 4012 2426 4080 Braunsberger,
2490 4010 2601 4064 Der
2649 4013 2758 4079 Ap.
2810 4008 3115 4062 Barnabas.

1836 4083 1968 4137 Sein
1994 4083 2186 4138 Leben
2212 4083 2332 4136 und
2360 4083 2461 4136 der
2480 4081 2600 4136 ihm
2629 4080 2947 4150 beigelegte
2965 4079 3124 4133 Brief

1836 4154 2351 4209 wissenschaftlich
2399 4151 2738 4224 gewfirdigt.
2829 4151 3115 4205 Gekronte

1837 4227 2212 4281 Preisschrift.
2252 4226 2438 4280 Maiuz
2490 4229 2624 4281 1876
2642 4246 2653 4282 ς
2704 4223 2749 4276 Β
2765 4240 2797 4276 a
2815 4242 2841 4276 r
2855 4223 2892 4276 d
2909 4239 2938 4276 e
2957 4242 2993 4276 n
3009 4223 3048 4276 h
3065 4240 3116 4276 e-

1837 4316 1978 4353 wer
2016 4307 2043 4364 g
2082 4302 2144 4356 7:
2199 4296 2992 4364 Fessler-Jungmann
3031 4294 3116 4346 ln-

1838 4370 1953 4424 stit.
1994 4370 2199 4439 patrol.
2227 4380 2254 4435 §
2281 4379 2344 4426 41
2376 4387 2418 4421 s.
2437 4390 2448 4424 z
2477 4367 2528 4420 N
2546 4367 2566 4420 i
2583 4384 2610 4418 r
2625 4385 2650 4418 s
2666 4383 2694 4418 c
2711 4366 2787 4419 hl
2815 4365 3116 4419 Lehrbuch

1837 4443 1938 4496 der
1964 4441 2174 4495 Patrol.
2201 4441 2322 4495 und
2356 4437 2649 4501 Patristik,
2691 4436 2879 4489 Mainz
2911 4443 3040 4491 1881
3079 4437 3117 4498 l,

1839 4521 2081 4571 51—66:
2142 4512 2189 4564 D
2207 4512 2475 4566 usches
2494 4529 2528 4562 n
2546 4527 2575 4563 e
2617 4510 2677 4561 in
2715 4508 3007 4576 Melanges
3051 4507 3118 4560 G.

569 4590 613 4650 ⁴)
644 4583 798 4637 Inter
837 4585 1041 4638 horum
1083 4585 1380 4647 editiones,
1423 4601 1569 4652 quae
1607 4602 1779 4653 quam
1839 4585 1899 4637 B.
1944 4585 2014 4639 de
2056 4585 2234 4644 Rossi,
2275 4582 2435 4636 Paris
2482 4588 2616 4637 1892
2660 4599 2714 4649 p.
2743 4583 2972 4643 41-71,
3013 4580 3117 4647 qui

500 4653 784 4777 glurimae
831 4660 981 4719 sunt,
1020 4656 1250 4710 laudem
1294 4661 1517 4710 merent
1560 4673 1645 4709 ex.
1696 4674 1780 4725 gr.
1838 4674 1967 4710 cum
2013 4653 2354 4709 Ehrhard
2399 4671 2492 4723 op.
2519 4653 2615 4706 cit.
2650 4655 2710 4705 et
2760 4651 3120 4705 Potthast

558 4726 933 4780 otelerius
976 4726 1081 4781 PP.
1120 4727 1248 4782 aevi
1283 4727 1601 4797 apostolici,
1630 4727 1781 4780 Pari-
1837 4727 1983 4783 Bibl.
2014 4726 2144 4780 hist.
2172 4724 2347 4779 medii
2385 4724 2513 4777 aevi
2553 4725 2622 4786 11,
2655 4730 2792 4780 1194
2830 4720 3117 4791 copiosam

498 4795 597 4849 siis
626 4803 757 4854 1672
785 4801 824 4851 t.
855 4806 915 4858 2;
938 4798 1147 4853 iterum
1174 4799 1260 4853 ed.
1288 4801 1362 4853 ab
1387 4799 1438 4852 J.
1465 4799 1537 4853 Cl
1559 4799 1781 4862 etiem
1838 4797 2109 4853 exhibent
2134 4798 2204 4852 de
2230 4815 2272 4850 s.
2301 4797 2561 4850 Barnaba
2586 4795 2958 4848 literaturam.
