3505 5161
425 234 541 286 621

797 217 998 274 TheoI.
1020 217 1288 286 practica.
1316 218 1581 283 Joannes‚
1610 219 1885 282 Donatus,
1914 218 2279 283 FriictuosuS‚
2309 219 2654 272 Theodorus.

2912 238 3034 290 «322

513 411 655 464 345.
691 400 981 469 Quosdam
1016 407 1247 477 praeter
1271 405 1396 476 jam
1432 406 1700 464 laudatos
1758 406 2073 476 miraculiS,
2139 407 2314 480 plura
2363 404 2628 462 condidit
2679 406 3040 463 monasteria

419 490 610 548 adhuc
641 491 1035 559 nominemus,
1084 511 1338 567 quorum
1374 495 1595 570 scripta
1626 495 1699 552 ad

418 580 777 655 theologiam
805 581 1193 656 practicam
1225 585 1286 640 et
1317 585 1699 642 asceticam

416 669 624 727 referri
672 674 937 744 possunt.
1002 670 1123 729 Sub
1168 672 1410 730 nomine
1448 673 1698 731 Joannis

418 758 837 832 Karpathii
884 759 956 817 ab
994 760 1193 817 insula
1224 760 1575 820 intermedia
1606 762 1697 820 in-

417 850 509 905 ter
528 848 758 904 Cretam
789 851 848 905 et
868 848 1137 906 Rhodum
1160 848 1323 918 dicti,
1359 851 1463 925 qui
1496 851 1700 909 floruit

417 933 610 993 medio
644 954 754 994 sec.
776 936 923 1007 v11.,
955 941 1146 995 exstat
1180 939 1395 1012 duplex
1429 940 1699 999 collectio

417 1026 753 1102 reyularum
784 1045 888 1101 pro
909 1027 1226 1095 monachis,
1262 1027 1414 1086 scil.:
1450 1028 1541 1086 Ad
1575 1048 1697 1087 mo-

417 1115 632 1172 nachos
665 1115 934 1184 inludia,
970 1133 1223 1189 quorum
1252 1120 1473 1192 rogatu
1505 1120 1698 1191 capita

1758 514 1865 570 pro
1911 496 2057 553 viris
2104 498 2166 552 et
2209 494 2445 552 feminis
2493 493 2865 568 decessitque
2908 515 2953 556 c.
2987 515 3034 557 a.

1761 594 1902 647 670.
1968 585 2193 642 Colitur
2243 585 2370 658 ejus
2415 583 2695 642 memoria
2755 594 2846 645 16.
2899 587 3037 658 Apr.

1757 673 1951 731 Habes
1999 674 2162 731 illam
2208 673 2476 749 regulam
2523 672 2679 747 apud
2715 672 2768 729 H
2787 673 2857 730 ol
2877 691 2902 730 s
2921 676 3034 729 te-

1755 763 1961 820 nium
1995 763 2057 819 in
2091 762 2354 837 cod.reg.
2375 762 2450 831 11,
2492 770 2607 823 137
2637 779 2746 830 ss‚;
2785 761 3036 836 Migne

1754 851 2084 919 LXXXVII,
2161 860 2609 913 1099—1130.
2664 884 2750 891 —
2798 850 3036 908 Theo-

1755 940 1787 996 d
1808 959 1841 998 o
1858 959 1888 997 r
1903 959 1936 998 o
1969 941 2404 1015 archiepiscopo
2427 939 2800 997 cantuarensi
2819 940 3036 996 tribui-

1754 1032 1856 1087 tur
1877 1028 2299 1092 Poenitentiale,
2348 1029 2546 1087 Patria
2577 1032 2703 1086 erat
2732 1029 3034 1097 tarsensis,

1754 1137 1810 1175 n.
1849 1128 1992 1183 602.
2042 1119 2261 1177 studiis
2295 1137 2532 1192 operam
2565 1116 2730 1175 dedit
2762 1117 3032 1186 Athenis,

417 1204 740 1261 hortatoria
787 1203 913 1261 sive
959 1204 1312 1262 documenta
1358 1205 1699 1280 spiritualia
1752 1207 1888 1265 inde
1920 1207 1982 1264 in
2015 1207 2249 1266 Italiam
2281 1208 2563 1281 migravit
2593 1209 2654 1264 et
2687 1226 2719 1263 a
2739 1206 3036 1264 Vitaliano

418 1290 691 1368 (Migne
740 1293 802 1350 P.
838 1293 900 1351 G.
948 1293 1217 1359 LXXXV,
1257 1290 1606 1375 791-812);
1638 1300 1699 1353 et
1752 1314 1993 1354 romano
2027 1297 2302 1370 pontifice
2335 1297 2559 1353 electus
2601 1299 2692 1353 est
2739 1296 2801 1353 in
2848 1296 3036 1353 archi-

419 1381 532 1439 alia
562 1382 758 1455 capita
790 1382 1031 1457 collegit
1047 1379 1153 1461 (ib.
1168 1402 1223 1457 p.
1244 1392 1316 1445 81
1340 1383 1579 1462 1-826).
1616 1419 1697 1427 -

418 1470 695 1545 Requlam
727 1478 921 1529 sancte
951 1473 1180 1529 vivendi
1221 1491 1326 1545 pro
1358 1472 1696 1548 virginibus

416 1559 688 1617 condidit
706 1578 750 1621 s,
772 1560 820 1617 D
838 1579 871 1618 o
886 1580 926 1618 n
942 1579 975 1617 a
990 1564 1017 1616 t
1032 1580 1073 1618 u
1089 1581 1114 1617 s
1135 1560 1469 1620 Wendelini
1486 1563 1699 1621 Trans·

410 1648 616 1724 jurani
648 1648 809 1707 filius
844 1670 876 1705 a
908 1667 953 1707 s,
974 1648 1334 1707 Columbario
1364 1650 1697 1725 baptizatus

418 1742 478 1795 et
524 1738 588 1795 in
636 1738 1079 1796 sanctissimum
1128 1739 1320 1797 virum
1355 1740 1695 1811 institutuS,

1754 1385 2100 1459 episcopum
2163 1385 2634 1443 cantuariensem
2697 1384 3038 1459 missusque

1752 1474 1819 1531 in
1864 1474 2139 1550 Angliam
2187 1469 2387 1552 (668).
2455 1473 2695 1531 Summa
2742 1472 3034 1531 sollieitu-

1755 1563 1892 1621 dine
1927 1581 2094 1621 suam
2124 1563 2277 1621 rexit
2296 1563 2620 1630 ecelesiam,
2655 1561 2897 1630 abusuS,
2932 1562 3037 1636 qui

1747 1653 1872 1726 jam
1893 1652 2268 1727 irrepserant,
2301 1650 2623 1727 abrogavit,
2659 1649 3036 1724 disciplinam

1754 1742 2130 1809 restauravit,
2167 1760 2343 1814 quem
2379 1740 2442 1799 iu
2472 1740 2650 1797 finem
2673 1739 2872 1813 plures
2904 1746 3032 1797 coe·

416 1827 488 1884 ad
508 1827 879 1885 vesontinam
903 1828 1097 1884 senlem
1130 1848 1164 1885 a
1191 1828 1346 1885 clero
1381 1833 1441 1886 et
1475 1831 1698 1904 populo
1755 1829 1846 1905 git
1896 1830 2152 1905 synodos
2167 1825 2215 1911 1)
2267 1829 2599 1887 nationales
2664 1825 2835 1907 (673.
2871 1838 3034 1890 680.

416 1920 660 1973 vocatus
676 1911 744 1996 ¹).
810 1916 1140 1991 Episcopus
1173 1916 1480 1976 ordinatus
1512 1914 1696 1999 (624)

417 2005 593 2073 inter,
616 2005 855 2062 clericos
889 2006 1280 2063 arctissimam
1314 2008 1695 2066 monasticam

416 2094 600 2151 vitam
652 2093 909 2151 excoluit
960 2094 1284 2152 secundum
1351 2098 1588 2172 regulas
1652 2116 1696 2159 s,

416 2181 721 2240 Benedicti
745 2188 806 2239 et
838 2201 880 2241 S.
902 2183 1279 2241 columbani:
1314 2185 1697 2261 condiditque

414 2272 477 2328 in
527 2271 675 2329 urbe
721 2272 1165 2342 monasterium,
1218 2277 1278 2330 et
1329 2274 1460 2347 ejus
1512 2280 1699 2333 mater

414 2359 682 2434 piissima
710 2360 875 2418 aliud
905 2379 1011 2437 pro
1057 2359 1397 2437 virginibus
1431 2360 1491 2442 (Τ
1526 2366 1697 2438 651).

414 2449 613 2506 Habes
636 2450 856 2524 passim
879 2468 1001 2508 eam
1024 2452 1311 2526 regulam,
1347 2453 1500 2509 utin
1526 2453 1581 2510 H
1596 2472 1629 2511 o
1646 2455 1697 2510 l-

417 2538 659 2596 stenii
692 2538 815 2597 cod.
846 2557 985 2615 reg..
1030 2539 1246 2598 Romae
1288 2549 1443 2603 1661
1487 2561 1544 2617 1).
1576 2542 1695 2614 111;

413 2628 696 2687 Brokie
743 2628 866 2690 cod.
912 2648 1062 2704 reg.;
1118 2629 1315 2705 Migne
1362 2630 1694 2702 LXXXVII,

419 2723 784 2779 273—»298.
815 2750 903 2759 --
938 2718 1244 2792 Duplicem
1287 2719 1555 2794 regulam
1590 2739 1696 2779 seu

412 2807 675 2880 requlam
720 2824 853 2864 cum
902 2808 1315 2881 supplemento
1347 2810 1611 2867 condidit
1650 2829 1695 2868 s.

412 2894 898 2954 Fructuosus
949 2896 1115 2972 regio
1168 2897 1460 2971 sanguine
1506 2906 1692 2967 ortus,

414 2984 579 3041 ducis
642 2984 935 3042 exercitus
1000 2985 1230 3061 hispani
1294 2986 1522 3058 proles,
1588 2988 1693 3062 qui

413 3075 616 3145 spreto
648 3073 858 3131 mundi
896 3074 1055 3131 fastu
1087 3073 1356 3133 monachi
1390 3076 1693 3150 amplexus

414 3164 505 3217 est
524 3161 722 3219 vitam.
774 3162 989 3220 Factus
1018 3168 1109 3221 est
1141 3183 1209 3222 ex
1243 3163 1533 3222 dumiensi
1567 3165 1691 3240 epi·

414 3268 588 3324 scopo
649 3250 1127 3327 archiepiscopus
1194 3254 1555 3311 bracarensis
1618 3248 1692 3333 (a.

416 3333 652 3418 656)2).
720 3339 952 3398 Floruit
997 3343 1229 3416 magnis
1263 3343 1589 3400 virtutibus
1635 3346 1695 3400 et

494 3493 526 3553 Γ)
555 3489 636 3542 Of.
666 3489 810 3543 Hist.
840 3491 922 3546 lit.
958 3494 1046 3556 111,
1078 3496 1337 3550 :no—73.

485 3572 525 3628 ἕ)
556 3562 638 3614 (tf.
670 3562 790 3614 Nic.
821 3566 867 3614 A
886 3582 922 3614 u
942 3568 1012 3616 to
1032 3564 1157 3616 niu
1178 3583 1200 3616 s
1228 3566 1288 3616 in
1318 3565 1475 3634 Hisp.
1505 3569 1614 3616 vet.
1646 3565 1693 3616 V

412 3651 457 3688 c.
486 3643 514 3686 5
546 3651 599 3684 ιι.
628 3639 725 3686 2⁴51
758 3651 844 3686 ss„
873 3636 1027 3708 apud
1058 3636 1303 3701 Migne
1332 3639 1365 3690 1.
1388 3653 1435 3688 e.
1456 3657 1510 3705 p.
1542 3639 1692 3692 1087·

418 3709 583 3762 1098:
612 3705 657 3756 G
675 3721 706 3756 a
724 3723 778 3756 m
798 3724 821 3756 s
845 3705 958 3760 KG.
983 3707 1262 3774 Spaniens
1286 3709 1421 3770 11‚·.›‚
1448 3715 1691 3763 152-158:

413 3774 534 3828 Fri
554 3779 619 3826 tz
646 3774 758 3827 KL.
792 3776 880 3829 lV.
911 3785 1065 3833 2067.
1124 3783 1287 3830 Vitam
1316 3780 1437 3846 ejus
1467 3778 1693 3849 scripsit

413 3865 455 3900 S.
506 3845 555 3898 V
574 3863 605 3897 a
624 3847 644 3899 l
661 3864 689 3898 e
707 3865 734 3898 r
751 3846 770 3899 i
790 3866 824 3899 u
844 3867 867 3899 s
920 3849 1251 3901 monasterii
1314 3868 1353 3900 s.
1406 3850 1557 3902 Petri
1622 3852 1690 3902 de

414 3917 703 3971 Montibus
721 3917 1014 3986 Compluti
1031 3921 1204 3971 abhas
1224 3931 1269 3980 Η·
1288 3929 1369 3974 25.
1388 3920 1547 3974 Pebr.
1566 3926 1689 3992 695)

412 3993 473 4042 in
515 4006 605 4057 op.
647 3989 957 4058 inscripto:
1000 3996 1313 4045 Momm-atio
1340 3996 1688 4062 mirabilium,

413 4076 558 4130 quae
587 4059 736 4114 Deus
766 4078 866 4141 per
893 4062 1029 4114 boni
1056 4063 1317 4130 obsequii
1345 4063 1689 4116 famulatum

411 4151 453 4186 s,
480 4132 780 4186 Fructuosi
806 4149 894 4202 ep.
921 4133 992 4185 ad
1021 4133 1493 4187 corroborandam
1521 4135 1688 4187 fidem

412 4203 762 4258 credentium
791 4204 997 4257 statuit
1021 4206 1093 4257 ad
1122 4205 1378 4268 salutem,
1400 4222 1573 4272 quam
1594 4207 1687 4258 ha-

411 4276 508 4327 bes
546 4274 607 4327 in
648 4274 812 4327 Tam
831 4276 936 4344 aji
981 4275 1270 4342 Martyrol.
1300 4276 1446 4345 hisp.
1469 4281 1507 4327 t.
1544 4277 1593 4328 11
1616 4277 1686 4328 acl

418 4351 495 4398 16.
539 4349 702 4415 Apr.:
750 4345 803 4396 M
822 4362 854 4397 a
876 4345 1013 4400 bill
1033 4365 1063 4400 o
1082 4347 1188 4401 nii
1235 4363 1339 4400 sec.
1386 4347 1452 4399 ΙΙ.
1496 4350 1686 4402 annal.

411 4416 559 4470 OSB.
587 4436 642 4486 p.
661 4423 973 4476 581—590;
1000 4419 1062 4471 in
1082 4417 1239 4471 Actis
1254 4419 1345 4470 SS.
1363 4419 1435 4470 ad
1462 4426 1536 4474 16.
1554 4421 1686 4487 Apr.

417 4488 478 4548 ΙΙ,
523 4493 836 4544 431—436:
889 4489 1135 4558 Migne
1179 4489 1236 4541 P.
1277 4489 1335 4540 L.
1366 4489 1686 4552 LXXXVII,

411 4562 711 4623 459—470,
740 4559 841 4612 ubi
868 4579 920 4629 p.
944 4568 1225 4616 417-459
1251 4560 1364 4613 alia
1386 4579 1515 4631 opp.
1545 4563 1687 4627 ejus-

410 4629 537 4683 dem
578 4630 902 4700 fragmenta
946 4649 1011 4684 ex
1041 4631 1233 4684 Florez
1264 4632 1422 4701 Hisp.
1452 4651 1491 4684 S.
1520 4636 1558 4684 t.
1590 4633 1685 4685 XV

410 4701 672 4770 reperies.
724 4701 806 4754 Cf.
847 4702 914 4754 de
943 4721 1007 4756 eo
1038 4703 1162 4757 Nic.
1192 4705 1237 4754 A
1258 4707 1382 4756 nto
1403 4703 1527 4758 niu
1547 4723 1569 4757 s
1597 4722 1687 4773 op.

411 4772 505 4826 cit.
535 4775 570 4827 1.
600 4773 645 4825 V
676 4791 721 4825 c.
752 4778 783 4828 τ
809 4794 862 4842 p.
891 4782 1189 4829 411-413.

1758 1916 1928 1995 684),
1962 1938 2141 1977 novas
2175 1918 2439 1977 condidit
2463 1918 2773 1986 dioeceses,
2810 1917 3036 1974 scholas

1755 2008 1969 2066 erexit:
2021 2009 2400 2082 quamobrem
2454 2026 2499 2069 s.
2550 2006 2752 2064 Beda
2797 2007 2927 2079 ejus
2972 2006 3037 2063 in

1752 2096 2009 2173 Angliae
2059 2097 2357 2155 eeclesiam
2410 2096 2619 2154 merita
2669 2094 2839 2153 effert
2894 2097 2955 2152 et
3003 2115 3037 2151 a

1752 2186 2112 2244 Bellarmino
2163 2186 2384 2243 dicitur
2434 2202 2705 2260 ‚magnus
2759 2184 3034 2242 ecelesia-

1755 2276 1934 2333 sticae
1954 2275 2040 2332 rei
2061 2275 2126 2333 in
2143 2275 2360 2350 Anglia
2381 2277 2680 2348 promotor
2698 2269 2759 2355 (†
2778 2284 2799 2335 l
2818 2274 3033 2347 9.Sept.

1757 2364 1945 2439 690).‘
2011 2364 2415 2422 Poenitentiale
2462 2364 2513 2420 ei
2561 2362 2860 2419 tributum
2909 2380 3033 2419 om-

1755 2453 1948 2521 nibus,
1998 2473 2149 2527 quae
2195 2453 2444 2527 reperiri
2482 2456 2826 2527 potuerunt,
2873 2451 3032 2524 ejus-

1752 2542 1884 2601 dem
1930 2542 2207 2617 capitulis
2254 2542 2587 2609 adauctum,
2635 2559 2739 2615 per
2784 2558 3035 2599 canones

1752 2633 2002 2690 selectos
2037 2651 2104 2689 ex
2143 2632 2560 2706 antiquissima
2592 2648 2881 2687 canonum
2915 2630 3033 2686 col-

1751 2721 2006 2778 lectione
2058 2739 2218 2789 msc.‚
2271 2739 2378 2778 nec
2428 2739 2546 2778 non
2593 2738 2698 2793 per
2745 2719 2916 2793 plura
2962 2737 3029 2773 ex

1751 2809 1931 2867 variis
1962 2809 2491 2883 poenitentialibus
2522 2808 2808 2865 hactenus
2840 2806 3031 2863 inedi-

1748 2898 1829 2955 tis
1851 2900 2124 2972 excerpta
2143 2898 2494 2972 expositum,
2518 2895 2830 2971 praeclaris
2852 2894 3031 2952 eccle-

1751 2987 2020 3044 siasticae
2055 2987 2403 3061 disciplinae
2425 2984 2845 3048 monumentis,
2881 3002 3031 3056 quae

1750 3094 1818 3133 ex
1852 3075 2094 3150 optimis
2117 3076 2279 3136 codd.
2299 3093 2440 3135 msc.
2462 3075 2675 3132 selecta
2697 3077 2856 3141 sunt,
2892 3091 3029 3129 con-

1750 3164 2046 3222 firmatum
2080 3166 2200 3222 Jac.
2236 3164 2448 3220 Petit
2479 3163 2708 3237 primus
2741 3163 2803 3218 in
2837 3162 3029 3219 lucem

1750 3253 1951 3322 edidit,
1989 3273 2120 3312 cum
2157 3252 2431 3327 pluribus
2454 3251 2834 3310 conciliorum
2855 3268 3026 3307 cano-

1750 3341 1932 3400 nibus
1953 3342 2226 3412 contulit,
2256 3339 2771 3398 dissertationibus
2792 3341 2850 3395 et
2871 3339 3027 3396 notis

1750 3430 2088 3500 illustravit,
2124 3431 2364 3488 Parisiis
2396 3440 2556 3491 1677
2592 3433 2635 3487 t.
2665 3439 2697 3489 2
2737 3429 2798 3485 in
2836 3439 2905 3496 43
2940 3447 3029 3483 re-

1750 3521 1978 3593 peritur
2009 3520 2186 3577 etiam
2220 3520 2283 3576 in
2314 3519 2442 3576 coll.
2464 3536 2621 3580 cone,
2644 3517 2836 3575 Labbe
2857 3521 2901 3576 t.
2927 3516 3028 3584 V1;

1751 3608 2151 3667 Hardouin
2186 3612 2225 3668 t.
2261 3608 2376 3672 111;
2425 3607 2741 3666 Mansit.
2775 3606 3029 3674 X113in

1748 3698 1999 3774 Migne
2032 3698 2092 3758 P.
2127 3698 2187 3754 L.
2221 3697 2410 3759 XCIX.
2451 3695 3029 3758 901-1‘2231,Alia

1748 3806 1884 3845 vero
1916 3786 2177 3860 capitula
2209 3787 2277 3842 de
2313 3787 2662 3859 poenitentia
2695 3780 2876 3861 (168)
2914 3783 3027 3840 sub

1745 3874 2093 3933 Theodori
2117 3874 2637 3949 nominevulgavit
2661 3874 3024 3946 D'Achery

1827 4069 1859 4110 ¹}
1890 4061 2110 4113 Habuit
2136 4063 2194 4112 et
2214 4060 2492 4126 synodum
2513 4065 2633 4121 680,
2650 4059 2710 4110 in
2728 4075 2841 4125 qua
2865 4058 3028 4124 quin-

1745 4151 1856 4201 que
1884 4131 2249 4202 amplectitur
2266 4147 2422 4183 co.ic.
2442 4131 2821 4184 oecumenica.
2841 4129 3025 4181 ortho-

1744 4204 1948 4258 doxam
1980 4205 2173 4255 tuetur
2201 4202 2366 4254 fidem
2390 4209 2447 4253 et
2467 4200 3026 4253 monotlieletismum

1743 4276 1996 4328 damnat.
2049 4273 2213 4326 Forte
2260 4274 2327 4325 dc
2374 4274 2477 4325 hae
2520 4270 2767 4337 intelligi
2800 4270 3024 4332 debent,

1743 4363 1888 4413 quac
1917 4346 2089 4398 refert
2115 4348 2448 4411 Anonymus
2480 4341 2682 4395 mellic.
2725 4342 2792 4392 cle
2834 4340 3025 4408 script.

1742 4419 1875 4471 eccl.
1905 4435 1950 4472 c.
1981 4423 2077 4471 27:
2133 4416 2421 4474 ..Audiens
2449 4414 2552 4468 ΟΡ.
2580 4412 2869 4466 ecclesiam
2897 4412 3025 4464 hac-

1742 4490 1852 4542 resi
1895 4488 2172 4540 Euticetis
2214 4488 2271 4557 (i.
2300 4504 2344 4539 e.
2377 4484 2667 4554 Eutychi&
2708 4483 2868 4536 valde
2912 4485 3026 4535 tur-

1744 4561 1937 4613 batum
1966 4559 2244 4627 synodum
2273 4556 2520 4626 collegit,
2557 4558 2614 4610 et
2639 4556 2738 4608 ubi
2767 4557 3022 4608 omnium

1743 4632 1804 4685 iu
1823 4632 1930 4684 fide
1948 4631 2229 4684 catholica
2247 4647 2580 4683 consensum
2598 4627 2824 4680 audivit
2843 4649 2851 4678 :
2869 4626 3026 4678 hune

1743 4704 1815 4757 ad
1845 4702 2281 4756 instructionem
2311 4701 2753 4766 memoriamque
2791 4713 3025 4764 sequen-

1744 4775 1891 4828 tium
1921 4773 2289 4842 synodalibus
2311 4773 2490 4828 literis
2517 4768 2984 4826 connuendavit.·⁴
