<?xml version="1.0" encoding="UTF-8"?>
<!DOCTYPE html PUBLIC "-//W3C//DTD XHTML 1.0 Transitional//EN"
    "http://www.w3.org/TR/xhtml1/DTD/xhtml1-transitional.dtd">
<html xmlns="http://www.w3.org/1999/xhtml" xml:lang="en" lang="en">
 <head>
  <title>
</title>
<meta http-equiv="Content-Type" content="text/html;charset=utf-8" />
  <meta name='ocr-system' content='tesseract 3.04.00' />
  <meta name='ocr-capabilities' content='ocr_page ocr_carea ocr_par ocr_line ocrx_word'/>
</head>
<body>
  <div class='ocr_page' id='page_1' title='image "./nomenclatorlite09hurtgoog_0515.png"; bbox 0 0 3505 5161; ppageno 0'>
   <div class='ocr_carea' id='block_1_1' title="bbox 394 220 519 273">
    <p class='ocr_par' dir='ltr' id='par_1_1' title="bbox 394 220 519 273">
     <span class='ocr_line' id='line_1_1' title="bbox 394 220 519 273; baseline -0.016 0"><span class='ocrx_word' id='word_1_1' title='bbox 394 220 519 273; x_wconf 74' lang='lat'>989</span> 
     </span>
    </p>
   </div>
   <div class='ocr_carea' id='block_1_2' title="bbox 1550 202 1866 257">
    <p class='ocr_par' dir='ltr' id='par_1_2' title="bbox 1550 202 1866 257">
     <span class='ocr_line' id='line_1_2' title="bbox 1550 202 1866 257; baseline 0.003 -1"><span class='ocrx_word' id='word_1_2' title='bbox 1550 202 1603 256; x_wconf 84' lang='lat' dir='ltr'>S.</span> <span class='ocrx_word' id='word_1_3' title='bbox 1631 202 1741 256; x_wconf 92' lang='lat' dir='ltr'>Leo</span> <span class='ocrx_word' id='word_1_4' title='bbox 1773 203 1866 257; x_wconf 82' lang='lat' dir='ltr'>IX.</span> 
     </span>
    </p>
   </div>
   <div class='ocr_carea' id='block_1_3' title="bbox 2886 224 3008 275">
    <p class='ocr_par' dir='ltr' id='par_1_3' title="bbox 2886 224 3008 275">
     <span class='ocr_line' id='line_1_3' title="bbox 2886 224 3008 275; baseline 0 -1"><span class='ocrx_word' id='word_1_5' title='bbox 2886 224 3008 275; x_wconf 77' lang='lat'>990</span> 
     </span>
    </p>
   </div>
   <div class='ocr_carea' id='block_1_4' title="bbox 393 388 3012 457">
    <p class='ocr_par' dir='ltr' id='par_1_4' title="bbox 393 388 3012 457">
     <span class='ocr_line' id='line_1_4' title="bbox 393 388 3012 457; baseline 0.002 -12"><span class='ocrx_word' id='word_1_6' title='bbox 393 388 533 457; x_wconf 87' lang='lat' dir='ltr'>suit,</span> <span class='ocrx_word' id='word_1_7' title='bbox 582 388 868 445; x_wconf 88' lang='lat' dir='ltr'>salutaria</span> <span class='ocrx_word' id='word_1_8' title='bbox 914 388 1129 446; x_wconf 87' lang='lat' dir='ltr'>statuit</span> <span class='ocrx_word' id='word_1_9' title='bbox 1175 388 1427 447; x_wconf 86' lang='lat' dir='ltr'>decreta.</span> <span class='ocrx_word' id='word_1_10' title='bbox 1493 389 1673 448; x_wconf 89' lang='lat' dir='ltr'>Initio</span> <span class='ocrx_word' id='word_1_11' title='bbox 1728 389 2031 447; x_wconf 89' lang='lat' dir='ltr'>redditum</span> <span class='ocrx_word' id='word_1_12' title='bbox 2062 389 2317 448; x_wconf 91' lang='lat' dir='ltr'>videtur.</span> <span class='ocrx_word' id='word_1_13' title='bbox 2366 391 2510 449; x_wconf 84' lang='lat' dir='ltr'>Cum</span> <span class='ocrx_word' id='word_1_14' title='bbox 2542 408 2683 448; x_wconf 91' lang='lat' dir='ltr'>vero</span> <span class='ocrx_word' id='word_1_15' title='bbox 2716 394 2836 448; x_wconf 87' lang='lat' dir='ltr'>tam</span> <span class='ocrx_word' id='word_1_16' title='bbox 2864 392 3012 450; x_wconf 87' lang='lat' dir='ltr'>Con-</span> 
     </span>
    </p>
   </div>
   <div class='ocr_carea' id='block_1_5' title="bbox 381 476 1673 2229">
    <p class='ocr_par' dir='ltr' id='par_1_5' title="bbox 381 476 1673 2229">
     <span class='ocr_line' id='line_1_5' title="bbox 388 476 1673 555; baseline 0.002 -21"><span class='ocrx_word' id='word_1_17' title='bbox 388 476 633 552; x_wconf 89' lang='lat' dir='ltr'>quidem</span> <span class='ocrx_word' id='word_1_18' title='bbox 654 496 867 553; x_wconf 89' lang='lat' dir='ltr'>magno</span> <span class='ocrx_word' id='word_1_19' title='bbox 897 494 1044 536; x_wconf 89' lang='lat' dir='ltr'>usus</span> <span class='ocrx_word' id='word_1_20' title='bbox 1075 481 1167 536; x_wconf 92' lang='lat' dir='ltr'>est</span> <span class='ocrx_word' id='word_1_21' title='bbox 1197 479 1414 555; x_wconf 87' lang='lat' dir='ltr'>rigore,</span> <span class='ocrx_word' id='word_1_22' title='bbox 1448 482 1517 536; x_wconf 91' lang='lat' dir='ltr'>ut</span> <span class='ocrx_word' id='word_1_23' title='bbox 1550 497 1673 537; x_wconf 92' lang='lat' dir='ltr'>om-</span> 
     </span>
     <span class='ocr_line' id='line_1_6' title="bbox 390 565 1670 625; baseline 0.002 -2"><span class='ocrx_word' id='word_1_24' title='bbox 390 567 558 624; x_wconf 91' lang='lat' dir='ltr'>nium</span> <span class='ocrx_word' id='word_1_25' title='bbox 591 565 1049 625; x_wconf 86' lang='lat' dir='ltr'>simoniacorum</span> <span class='ocrx_word' id='word_1_26' title='bbox 1096 566 1501 625; x_wconf 80' lang='lat' dir='ltr'>ordinationes</span> <span class='ocrx_word' id='word_1_27' title='bbox 1547 586 1670 625; x_wconf 88' lang='lat' dir='ltr'>cas-</span> 
     </span>
     <span class='ocr_line' id='line_1_7' title="bbox 391 655 1671 731; baseline 0.001 -18"><span class='ocrx_word' id='word_1_28' title='bbox 391 660 579 713; x_wconf 86' lang='lat' dir='ltr'>saret:</span> <span class='ocrx_word' id='word_1_29' title='bbox 614 655 718 713; x_wconf 86' lang='lat' dir='ltr'>sed</span> <span class='ocrx_word' id='word_1_30' title='bbox 752 674 884 713; x_wconf 89' lang='lat' dir='ltr'>cum</span> <span class='ocrx_word' id='word_1_31' title='bbox 913 655 1190 731; x_wconf 89' lang='lat' dir='ltr'>protinus</span> <span class='ocrx_word' id='word_1_32' title='bbox 1222 676 1256 714; x_wconf 85' lang='lat' dir='ltr'>a</span> <span class='ocrx_word' id='word_1_33' title='bbox 1279 658 1671 715; x_wconf 86' lang='lat' dir='ltr'>Romanorum</span> 
     </span>
     <span class='ocr_line' id='line_1_8' title="bbox 388 744 1671 822; baseline 0 -20"><span class='ocrx_word' id='word_1_34' title='bbox 388 744 778 803; x_wconf 86' lang='lat' dir='ltr'>multitudine</span> <span class='ocrx_word' id='word_1_35' title='bbox 811 744 1179 803; x_wconf 86' lang='lat' dir='ltr'>sacerdotum</span> <span class='ocrx_word' id='word_1_36' title='bbox 1218 765 1467 822; x_wconf 85' lang='lat' dir='ltr'>magnae</span> <span class='ocrx_word' id='word_1_37' title='bbox 1516 745 1671 804; x_wconf 90' lang='lat' dir='ltr'>sedi-</span> 
     </span>
     <span class='ocr_line' id='line_1_9' title="bbox 384 833 1670 904; baseline 0.002 -13"><span class='ocrx_word' id='word_1_38' title='bbox 384 833 571 892; x_wconf 89' lang='lat' dir='ltr'>tionis</span> <span class='ocrx_word' id='word_1_39' title='bbox 602 834 903 892; x_wconf 80' lang='lat' dir='ltr'>tumultus</span> <span class='ocrx_word' id='word_1_40' title='bbox 933 834 1208 904; x_wconf 89' lang='lat' dir='ltr'>oriretur,</span> <span class='ocrx_word' id='word_1_41' title='bbox 1226 836 1458 893; x_wconf 85' lang='lat' dir='ltr'>saniora</span> <span class='ocrx_word' id='word_1_42' title='bbox 1488 854 1531 894; x_wconf 79' lang='lat' dir='ltr'>s,</span> <span class='ocrx_word' id='word_1_43' title='bbox 1565 835 1670 893; x_wconf 91' lang='lat' dir='ltr'>Pe-</span> 
     </span>
     <span class='ocr_line' id='line_1_10' title="bbox 388 923 1670 982; baseline 0.001 -1"><span class='ocrx_word' id='word_1_44' title='bbox 388 924 468 981; x_wconf 83' lang='lat' dir='ltr'>tri</span> <span class='ocrx_word' id='word_1_45' title='bbox 504 923 773 981; x_wconf 89' lang='lat' dir='ltr'>Damiani</span> <span class='ocrx_word' id='word_1_46' title='bbox 820 923 1068 981; x_wconf 86' lang='lat' dir='ltr'>consilia</span> <span class='ocrx_word' id='word_1_47' title='bbox 1115 927 1357 982; x_wconf 89' lang='lat' dir='ltr'>secutus</span> <span class='ocrx_word' id='word_1_48' title='bbox 1405 923 1670 982; x_wconf 88' lang='lat' dir='ltr'>modera-</span> 
     </span>
     <span class='ocr_line' id='line_1_11' title="bbox 389 1012 1668 1071; baseline 0 -1"><span class='ocrx_word' id='word_1_49' title='bbox 389 1012 613 1070; x_wconf 77' lang='lat' dir='ltr'>tionem</span> <span class='ocrx_word' id='word_1_50' title='bbox 645 1030 773 1069; x_wconf 81' lang='lat' dir='ltr'>esse</span> <span class='ocrx_word' id='word_1_51' title='bbox 818 1012 1212 1071; x_wconf 82' lang='lat' dir='ltr'>adhibendam</span> <span class='ocrx_word' id='word_1_52' title='bbox 1246 1013 1477 1071; x_wconf 77' lang='lat' dir='ltr'><strong>statuit.</strong></span> <span class='ocrx_word' id='word_1_53' title='bbox 1544 1012 1668 1071; x_wconf 89' lang='lat' dir='ltr'>Sibi</span> 
     </span>
     <span class='ocr_line' id='line_1_12' title="bbox 383 1100 1669 1179; baseline 0 -20"><span class='ocrx_word' id='word_1_54' title='bbox 383 1101 615 1179; x_wconf 79' lang='lat' dir='ltr'>adlegit</span> <span class='ocrx_word' id='word_1_55' title='bbox 645 1100 1117 1160; x_wconf 88' lang='lat' dir='ltr'>Hildebrandum</span> <span class='ocrx_word' id='word_1_56' title='bbox 1163 1102 1438 1160; x_wconf 88' lang='lat' dir='ltr'>futurum</span> <span class='ocrx_word' id='word_1_57' title='bbox 1480 1121 1669 1177; x_wconf 91' lang='lat' dir='ltr'>quon·</span> 
     </span>
     <span class='ocr_line' id='line_1_13' title="bbox 386 1190 1666 1266; baseline 0.001 -18"><span class='ocrx_word' id='word_1_58' title='bbox 386 1192 520 1248; x_wconf 91' lang='lat' dir='ltr'>dam</span> <span class='ocrx_word' id='word_1_59' title='bbox 553 1190 903 1265; x_wconf 88' lang='lat' dir='ltr'>disciplinae</span> <span class='ocrx_word' id='word_1_60' title='bbox 945 1191 1361 1266; x_wconf 79' lang='lat' dir='ltr'>libertatisque</span> <span class='ocrx_word' id='word_1_61' title='bbox 1395 1192 1666 1249; x_wconf 82' lang='lat' dir='ltr'>ecclesia-</span> 
     </span>
     <span class='ocr_line' id='line_1_14' title="bbox 389 1279 1666 1356; baseline 0 -18"><span class='ocrx_word' id='word_1_62' title='bbox 389 1281 566 1339; x_wconf 85' lang='lat' dir='ltr'>sticae</span> <span class='ocrx_word' id='word_1_63' title='bbox 587 1282 1106 1356; x_wconf 78' lang='lat' dir='ltr'>propugnatorem,</span> <span class='ocrx_word' id='word_1_64' title='bbox 1141 1298 1320 1355; x_wconf 92' lang='lat' dir='ltr'>quem</span> <span class='ocrx_word' id='word_1_65' title='bbox 1353 1279 1666 1338; x_wconf 88' lang='lat' dir='ltr'>subdiaco-</span> 
     </span>
     <span class='ocr_line' id='line_1_15' title="bbox 389 1368 1667 1445; baseline 0 -18"><span class='ocrx_word' id='word_1_66' title='bbox 389 1387 533 1427; x_wconf 88' lang='lat' dir='ltr'>num</span> <span class='ocrx_word' id='word_1_67' title='bbox 566 1368 866 1427; x_wconf 89' lang='lat' dir='ltr'>ordinavit</span> <span class='ocrx_word' id='word_1_68' title='bbox 896 1369 1146 1444; x_wconf 88' lang='lat' dir='ltr'>ejusque</span> <span class='ocrx_word' id='word_1_69' title='bbox 1191 1370 1257 1427; x_wconf 91' lang='lat' dir='ltr'>in</span> <span class='ocrx_word' id='word_1_70' title='bbox 1294 1368 1667 1445; x_wconf 83' lang='lat' dir='ltr'>gravissimis</span> 
     </span>
     <span class='ocr_line' id='line_1_16' title="bbox 387 1458 1668 1535; baseline -0.001 -18"><span class='ocrx_word' id='word_1_71' title='bbox 387 1458 645 1535; x_wconf 86' lang='lat' dir='ltr'>negotiis</span> <span class='ocrx_word' id='word_1_72' title='bbox 679 1476 825 1516; x_wconf 75' lang='lat' dir='ltr'>usus</span> <span class='ocrx_word' id='word_1_73' title='bbox 857 1461 951 1516; x_wconf 89' lang='lat' dir='ltr'>est</span> <span class='ocrx_word' id='word_1_74' title='bbox 980 1477 1176 1533; x_wconf 89' lang='lat' dir='ltr'>opera.</span> <span class='ocrx_word' id='word_1_75' title='bbox 1234 1458 1572 1532; x_wconf 89' lang='lat' dir='ltr'>Aliquoties</span> <span class='ocrx_word' id='word_1_76' title='bbox 1604 1458 1668 1516; x_wconf 89' lang='lat' dir='ltr'>in</span> 
     </span>
     <span class='ocr_line' id='line_1_17' title="bbox 381 1546 1667 1616; baseline -0.001 -11"><span class='ocrx_word' id='word_1_77' title='bbox 381 1546 761 1605; x_wconf 81' lang='lat' dir='ltr'>Germaniam</span> <span class='ocrx_word' id='word_1_78' title='bbox 806 1550 868 1605; x_wconf 92' lang='lat' dir='ltr'>et</span> <span class='ocrx_word' id='word_1_79' title='bbox 916 1547 1167 1605; x_wconf 85' lang='lat' dir='ltr'>Galliam</span> <span class='ocrx_word' id='word_1_80' title='bbox 1198 1547 1394 1616; x_wconf 81' lang='lat' dir='ltr'>rediit,</span> <span class='ocrx_word' id='word_1_81' title='bbox 1444 1548 1667 1605; x_wconf 89' lang='lat' dir='ltr'>bellum</span> 
     </span>
     <span class='ocr_line' id='line_1_18' title="bbox 386 1636 1668 1712; baseline -0.002 -16"><span class='ocrx_word' id='word_1_82' title='bbox 386 1638 652 1712; x_wconf 82' lang='lat' dir='ltr'>suscepit</span> <span class='ocrx_word' id='word_1_83' title='bbox 696 1637 979 1694; x_wconf 87' lang='lat' dir='ltr'>adversus</span> <span class='ocrx_word' id='word_1_84' title='bbox 1018 1636 1389 1695; x_wconf 85' lang='lat' dir='ltr'>Normannos</span> <span class='ocrx_word' id='word_1_85' title='bbox 1437 1636 1668 1694; x_wconf 89' lang='lat' dir='ltr'>ltaliam</span> 
     </span>
     <span class='ocr_line' id='line_1_19' title="bbox 388 1725 1667 1801; baseline -0.002 -17"><span class='ocrx_word' id='word_1_86' title='bbox 388 1745 620 1801; x_wconf 84' lang='lat' dir='ltr'>semper</span> <span class='ocrx_word' id='word_1_87' title='bbox 639 1725 823 1801; x_wconf 84' lang='lat' dir='ltr'>magis</span> <span class='ocrx_word' id='word_1_88' title='bbox 846 1725 1211 1794; x_wconf 79' lang='lat' dir='ltr'>invadentes,</span> <span class='ocrx_word' id='word_1_89' title='bbox 1234 1725 1331 1783; x_wconf 89' lang='lat' dir='ltr'>sed</span> <span class='ocrx_word' id='word_1_90' title='bbox 1356 1725 1419 1782; x_wconf 90' lang='lat' dir='ltr'>in</span> <span class='ocrx_word' id='word_1_91' title='bbox 1442 1725 1667 1801; x_wconf 89' lang='lat' dir='ltr'>proelio</span> 
     </span>
     <span class='ocr_line' id='line_1_20' title="bbox 395 1813 1667 1890; baseline -0.005 -13"><span class='ocrx_word' id='word_1_92' title='bbox 395 1827 489 1877; x_wconf 78' lang='grc'>18.</span> <span class='ocrx_word' id='word_1_93' title='bbox 536 1815 678 1873; x_wconf 86' lang='lat' dir='ltr'>Jun.</span> <span class='ocrx_word' id='word_1_94' title='bbox 725 1824 888 1877; x_wconf 86' lang='lat'>1053</span> <span class='ocrx_word' id='word_1_95' title='bbox 942 1814 1145 1872; x_wconf 88' lang='lat' dir='ltr'>habito</span> <span class='ocrx_word' id='word_1_96' title='bbox 1195 1813 1487 1872; x_wconf 84' lang='lat' dir='ltr'>exercitus</span> <span class='ocrx_word' id='word_1_97' title='bbox 1538 1815 1667 1890; x_wconf 90' lang='lat' dir='ltr'>ejus</span> 
     </span>
     <span class='ocr_line' id='line_1_21' title="bbox 381 1903 1669 1978; baseline -0.001 -17"><span class='ocrx_word' id='word_1_98' title='bbox 381 1922 592 1963; x_wconf 84' lang='lat' dir='ltr'>caesus</span> <span class='ocrx_word' id='word_1_99' title='bbox 622 1905 870 1978; x_wconf 81' lang='lat' dir='ltr'>ipseque</span> <span class='ocrx_word' id='word_1_100' title='bbox 916 1906 1125 1977; x_wconf 88' lang='lat' dir='ltr'>captus</span> <span class='ocrx_word' id='word_1_101' title='bbox 1171 1908 1276 1962; x_wconf 84' lang='lat' dir='ltr'>est.</span> <span class='ocrx_word' id='word_1_102' title='bbox 1342 1903 1669 1962; x_wconf 90' lang='lat' dir='ltr'>Beneventi</span> 
     </span>
     <span class='ocr_line' id='line_1_22' title="bbox 387 1991 1668 2052; baseline -0.002 0"><span class='ocrx_word' id='word_1_103' title='bbox 387 1996 654 2052; x_wconf 86' lang='lat' dir='ltr'>retentus</span> <span class='ocrx_word' id='word_1_104' title='bbox 682 1992 953 2050; x_wconf 88' lang='lat' dir='ltr'>morbum</span> <span class='ocrx_word' id='word_1_105' title='bbox 989 1992 1231 2050; x_wconf 77' lang='lat' dir='ltr'>incidit:</span> <span class='ocrx_word' id='word_1_106' title='bbox 1267 1991 1403 2050; x_wconf 90' lang='lat' dir='ltr'>hinc</span> <span class='ocrx_word' id='word_1_107' title='bbox 1423 1992 1668 2051; x_wconf 82' lang='lat' dir='ltr'>Romam</span> 
     </span>
     <span class='ocr_line' id='line_1_23' title="bbox 391 2080 1666 2156; baseline 0 -17"><span class='ocrx_word' id='word_1_108' title='bbox 391 2081 590 2151; x_wconf 87' lang='lat' dir='ltr'>rediit,</span> <span class='ocrx_word' id='word_1_109' title='bbox 641 2082 744 2140; x_wconf 90' lang='lat' dir='ltr'>ubi</span> <span class='ocrx_word' id='word_1_110' title='bbox 794 2080 1049 2139; x_wconf 88' lang='lat' dir='ltr'>illustris</span> <span class='ocrx_word' id='word_1_111' title='bbox 1100 2082 1358 2156; x_wconf 88' lang='lat' dir='ltr'>praesul,</span> <span class='ocrx_word' id='word_1_112' title='bbox 1425 2101 1500 2150; x_wconf 85' lang='lat' dir='ltr'>,a</span> <span class='ocrx_word' id='word_1_113' title='bbox 1548 2099 1666 2156; x_wconf 92' lang='lat' dir='ltr'>quo</span> 
     </span>
     <span class='ocr_line' id='line_1_24' title="bbox 394 2169 1668 2229; baseline -0.002 0"><span class='ocrx_word' id='word_1_114' title='bbox 394 2170 587 2229; x_wconf 91' lang='lat' dir='ltr'>omnia</span> <span class='ocrx_word' id='word_1_115' title='bbox 616 2170 1009 2229; x_wconf 88' lang='lat' dir='ltr'>ecclesiastica</span> <span class='ocrx_word' id='word_1_116' title='bbox 1040 2169 1238 2228; x_wconf 89' lang='lat' dir='ltr'>studia</span> <span class='ocrx_word' id='word_1_117' title='bbox 1276 2173 1563 2229; x_wconf 87' lang='lat' dir='ltr'>renovata</span> <span class='ocrx_word' id='word_1_118' title='bbox 1608 2174 1668 2227; x_wconf 92' lang='lat' dir='ltr'>et</span> 
     </span>
    </p>
   </div>
   <div class='ocr_carea' id='block_1_6' title="bbox 1722 479 3011 2247">
    <p class='ocr_par' dir='ltr' id='par_1_6' title="bbox 1722 479 3011 2247">
     <span class='ocr_line' id='line_1_25' title="bbox 1729 479 3009 555; baseline 0.002 -19"><span class='ocrx_word' id='word_1_119' title='bbox 1729 479 2033 537; x_wconf 84' lang='lat' dir='ltr'>stantinus</span> <span class='ocrx_word' id='word_1_120' title='bbox 2065 479 2488 537; x_wconf 87' lang='lat' dir='ltr'>Monomachus</span> <span class='ocrx_word' id='word_1_121' title='bbox 2516 479 2655 555; x_wconf 87' lang='lat' dir='ltr'>imp.</span> <span class='ocrx_word' id='word_1_122' title='bbox 2688 499 2867 555; x_wconf 86' lang='lat' dir='ltr'>quam</span> <span class='ocrx_word' id='word_1_123' title='bbox 2901 482 3009 539; x_wconf 74' lang='lat' dir='ltr'>Mi-</span> 
     </span>
     <span class='ocr_line' id='line_1_26' title="bbox 1727 567 3009 643; baseline 0.002 -18"><span class='ocrx_word' id='word_1_124' title='bbox 1727 568 1892 626; x_wconf 90' lang='lat' dir='ltr'>chael</span> <span class='ocrx_word' id='word_1_125' title='bbox 1913 567 2284 626; x_wconf 75' lang='lat' dir='ltr'>caerularius</span> <span class='ocrx_word' id='word_1_126' title='bbox 2305 568 2637 643; x_wconf 88' lang='lat' dir='ltr'>patriarcha</span> <span class='ocrx_word' id='word_1_127' title='bbox 2668 588 2739 626; x_wconf 86' lang='lat' dir='ltr'>ex</span> <span class='ocrx_word' id='word_1_128' title='bbox 2768 570 3009 628; x_wconf 90' lang='lat' dir='ltr'>motivis</span> 
     </span>
     <span class='ocr_line' id='line_1_27' title="bbox 1729 657 3011 733; baseline 0.002 -19"><span class='ocrx_word' id='word_1_129' title='bbox 1729 657 1991 733; x_wconf 85' lang='lat' dir='ltr'>politicis</span> <span class='ocrx_word' id='word_1_130' title='bbox 2023 657 2226 715; x_wconf 82' lang='lat' dir='ltr'>literas</span> <span class='ocrx_word' id='word_1_131' title='bbox 2249 658 2396 715; x_wconf 84' lang='lat' dir='ltr'>satis</span> <span class='ocrx_word' id='word_1_132' title='bbox 2417 658 2686 732; x_wconf 79' lang='lat' dir='ltr'>pacificas</span> <span class='ocrx_word' id='word_1_133' title='bbox 2706 658 3011 716; x_wconf 87' lang='lat' dir='ltr'>misissent</span> 
     </span>
     <span class='ocr_line' id='line_1_28' title="bbox 1729 745 3010 823; baseline 0.002 -19"><span class='ocrx_word' id='word_1_134' title='bbox 1729 745 1802 804; x_wconf 91' lang='lat' dir='ltr'>ad</span> <span class='ocrx_word' id='word_1_135' title='bbox 1825 746 2107 804; x_wconf 88' lang='lat' dir='ltr'>Leonem:</span> <span class='ocrx_word' id='word_1_136' title='bbox 2135 746 2398 820; x_wconf 83' lang='lat' dir='ltr'>pontifex</span> <span class='ocrx_word' id='word_1_137' title='bbox 2421 747 2663 822; x_wconf 81' lang='lat' dir='ltr'>legatos,</span> <span class='ocrx_word' id='word_1_138' title='bbox 2686 747 2844 806; x_wconf 89' lang='lat' dir='ltr'>inter</span> <span class='ocrx_word' id='word_1_139' title='bbox 2863 766 3010 823; x_wconf 88' lang='lat' dir='ltr'>quos</span> 
     </span>
     <span class='ocr_line' id='line_1_29' title="bbox 1727 834 3007 905; baseline 0.002 -13"><span class='ocrx_word' id='word_1_140' title='bbox 1727 834 2128 893; x_wconf 89' lang='lat' dir='ltr'>Humbertum</span> <span class='ocrx_word' id='word_1_141' title='bbox 2149 834 2319 905; x_wconf 70' lang='lat' dir='ltr'>card„</span> <span class='ocrx_word' id='word_1_142' title='bbox 2355 835 2458 893; x_wconf 82' lang='grc' dir='ltr'>ΟΡ.</span> <span class='ocrx_word' id='word_1_143' title='bbox 2481 836 2652 894; x_wconf 86' lang='lat' dir='ltr'>misit</span> <span class='ocrx_word' id='word_1_144' title='bbox 2683 853 2816 894; x_wconf 89' lang='lat' dir='ltr'>cum</span> <span class='ocrx_word' id='word_1_145' title='bbox 2849 837 3007 895; x_wconf 90' lang='lat' dir='ltr'>binis</span> 
     </span>
     <span class='ocr_line' id='line_1_30' title="bbox 1726 923 3006 1000; baseline 0.003 -20"><span class='ocrx_word' id='word_1_146' title='bbox 1726 923 1918 981; x_wconf 85' lang='lat' dir='ltr'>literis</span> <span class='ocrx_word' id='word_1_147' title='bbox 1951 924 2024 981; x_wconf 91' lang='lat' dir='ltr'>ad</span> <span class='ocrx_word' id='word_1_148' title='bbox 2044 924 2459 999; x_wconf 90' lang='lat' dir='ltr'>imperatorem</span> <span class='ocrx_word' id='word_1_149' title='bbox 2490 928 2551 983; x_wconf 91' lang='lat' dir='ltr'>et</span> <span class='ocrx_word' id='word_1_150' title='bbox 2580 925 3006 1000; x_wconf 79' lang='lat' dir='ltr'>patriarcham:</span> 
     </span>
     <span class='ocr_line' id='line_1_31' title="bbox 1726 1012 3007 1090; baseline 0.002 -20"><span class='ocrx_word' id='word_1_151' title='bbox 1726 1032 1902 1088; x_wconf 89' lang='lat' dir='ltr'>quem</span> <span class='ocrx_word' id='word_1_152' title='bbox 1948 1012 2019 1071; x_wconf 91' lang='lat' dir='ltr'>de</span> <span class='ocrx_word' id='word_1_153' title='bbox 2065 1032 2174 1070; x_wconf 89' lang='lat' dir='ltr'>sua</span> <span class='ocrx_word' id='word_1_154' title='bbox 2218 1013 2433 1082; x_wconf 85' lang='lat' dir='ltr'>acriter</span> <span class='ocrx_word' id='word_1_155' title='bbox 2479 1014 2784 1090; x_wconf 84' lang='lat' dir='ltr'>redarguit</span> <span class='ocrx_word' id='word_1_156' title='bbox 2818 1015 3007 1073; x_wconf 89' lang='lat' dir='ltr'>ambi-</span> 
     </span>
     <span class='ocr_line' id='line_1_32' title="bbox 1725 1101 3008 1179; baseline 0.002 -20"><span class='ocrx_word' id='word_1_157' title='bbox 1725 1103 1916 1160; x_wconf 89' lang='lat' dir='ltr'>tione:</span> <span class='ocrx_word' id='word_1_158' title='bbox 1952 1101 2055 1159; x_wconf 91' lang='lat' dir='ltr'>sed</span> <span class='ocrx_word' id='word_1_159' title='bbox 2076 1102 2257 1179; x_wconf 80' lang='lat' dir='ltr'>legati</span> <span class='ocrx_word' id='word_1_160' title='bbox 2275 1111 2676 1177; x_wconf 88' lang='lat' dir='ltr'>pervenerunt</span> <span class='ocrx_word' id='word_1_161' title='bbox 2704 1103 2766 1161; x_wconf 89' lang='lat' dir='ltr'>in</span> <span class='ocrx_word' id='word_1_162' title='bbox 2796 1104 3008 1162; x_wconf 90' lang='lat' dir='ltr'>urbem</span> 
     </span>
     <span class='ocr_line' id='line_1_33' title="bbox 1725 1191 3010 1268; baseline 0.002 -20"><span class='ocrx_word' id='word_1_163' title='bbox 1725 1192 1947 1268; x_wconf 78' lang='lat' dir='ltr'>regiain</span> <span class='ocrx_word' id='word_1_164' title='bbox 1969 1191 2159 1267; x_wconf 88' lang='lat' dir='ltr'>Leone</span> <span class='ocrx_word' id='word_1_165' title='bbox 2174 1193 2298 1266; x_wconf 84' lang='lat' dir='ltr'>jam</span> <span class='ocrx_word' id='word_1_166' title='bbox 2320 1191 2618 1253; x_wconf 81' lang='lat' dir='ltr'>defuncto.</span> <span class='ocrx_word' id='word_1_167' title='bbox 2670 1191 3010 1267; x_wconf 88' lang='lat' dir='ltr'>Supersunt</span> 
     </span>
     <span class='ocr_line' id='line_1_34' title="bbox 1725 1279 3007 1357; baseline 0.002 -20"><span class='ocrx_word' id='word_1_168' title='bbox 1725 1279 2017 1354; x_wconf 87' lang='lat' dir='ltr'>plurimae</span> <span class='ocrx_word' id='word_1_169' title='bbox 2063 1280 2243 1353; x_wconf 89' lang='lat' dir='ltr'>hujus</span> <span class='ocrx_word' id='word_1_170' title='bbox 2288 1280 2587 1355; x_wconf 84' lang='lat' dir='ltr'>pontificis</span> <span class='ocrx_word' id='word_1_171' title='bbox 2633 1282 2851 1357; x_wconf 84' lang='lat' dir='ltr'>literae,</span> <span class='ocrx_word' id='word_1_172' title='bbox 2906 1282 3007 1340; x_wconf 87' lang='lat' dir='ltr'>sed</span> 
     </span>
     <span class='ocr_line' id='line_1_35' title="bbox 1723 1369 3007 1445; baseline 0.002 -19"><span class='ocrx_word' id='word_1_173' title='bbox 1723 1369 1844 1427; x_wconf 88' lang='lat' dir='ltr'>sere</span> <span class='ocrx_word' id='word_1_174' title='bbox 1885 1369 1956 1427; x_wconf 84' lang='lat' dir='ltr'>de</span> <span class='ocrx_word' id='word_1_175' title='bbox 2001 1369 2352 1445; x_wconf 88' lang='lat' dir='ltr'>privilegiis,</span> <span class='ocrx_word' id='word_1_176' title='bbox 2401 1388 2550 1444; x_wconf 90' lang='lat' dir='ltr'>quae</span> <span class='ocrx_word' id='word_1_177' title='bbox 2597 1370 2885 1439; x_wconf 85' lang='lat' dir='ltr'>concedit,</span> <span class='ocrx_word' id='word_1_178' title='bbox 2934 1371 3007 1429; x_wconf 91' lang='lat' dir='ltr'>de</span> 
     </span>
     <span class='ocr_line' id='line_1_36' title="bbox 1725 1457 3006 1534; baseline 0.002 -19"><span class='ocrx_word' id='word_1_179' title='bbox 1725 1457 2018 1516; x_wconf 90' lang='lat' dir='ltr'>bonorum</span> <span class='ocrx_word' id='word_1_180' title='bbox 2065 1461 2125 1515; x_wconf 92' lang='lat' dir='ltr'>et</span> <span class='ocrx_word' id='word_1_181' title='bbox 2162 1458 2391 1534; x_wconf 84' lang='lat' dir='ltr'>jurium</span> <span class='ocrx_word' id='word_1_182' title='bbox 2425 1459 2886 1529; x_wconf 87' lang='lat' dir='ltr'>confirmatione,</span> <span class='ocrx_word' id='word_1_183' title='bbox 2936 1460 3006 1517; x_wconf 90' lang='lat' dir='ltr'>de</span> 
     </span>
     <span class='ocr_line' id='line_1_37' title="bbox 1726 1546 3007 1606; baseline 0.002 -2"><span class='ocrx_word' id='word_1_184' title='bbox 1726 1546 2017 1605; x_wconf 89' lang='lat' dir='ltr'>abusibus</span> <span class='ocrx_word' id='word_1_185' title='bbox 2064 1547 2346 1605; x_wconf 87' lang='lat' dir='ltr'>tollendis</span> <span class='ocrx_word' id='word_1_186' title='bbox 2393 1551 2502 1605; x_wconf 89' lang='lat' dir='ltr'>etc.</span> <span class='ocrx_word' id='word_1_187' title='bbox 2564 1547 2799 1606; x_wconf 83' lang='lat' dir='ltr'>Eminet</span> <span class='ocrx_word' id='word_1_188' title='bbox 2847 1549 3007 1606; x_wconf 89' lang='lat' dir='ltr'>inter</span> 
     </span>
     <span class='ocr_line' id='line_1_38' title="bbox 1724 1632 3005 1716; baseline 0.001 -22"><span class='ocrx_word' id='word_1_189' title='bbox 1724 1654 1823 1694; x_wconf 90' lang='lat' dir='ltr'>eas</span> <span class='ocrx_word' id='word_1_190' title='bbox 1855 1639 1917 1693; x_wconf 90' lang='lat' dir='ltr'>et</span> <span class='ocrx_word' id='word_1_191' title='bbox 1949 1635 2054 1693; x_wconf 89' lang='lat' dir='ltr'>illa</span> <span class='ocrx_word' id='word_1_192' title='bbox 2073 1632 2194 1716; x_wconf 84' lang='lat'>(01)</span> <span class='ocrx_word' id='word_1_193' title='bbox 2227 1636 2301 1694; x_wconf 87' lang='lat' dir='ltr'>ad</span> <span class='ocrx_word' id='word_1_194' title='bbox 2324 1635 2565 1694; x_wconf 84' lang='lat' dir='ltr'>Petrum</span> <span class='ocrx_word' id='word_1_195' title='bbox 2587 1636 3005 1695; x_wconf 85' lang='lat' dir='ltr'>antiochenum</span> 
     </span>
     <span class='ocr_line' id='line_1_39' title="bbox 1723 1724 3007 1802; baseline 0 -19"><span class='ocrx_word' id='word_1_196' title='bbox 1723 1744 1834 1800; x_wconf 68' lang='lat' dir='ltr'>ep„</span> <span class='ocrx_word' id='word_1_197' title='bbox 1887 1744 2006 1800; x_wconf 91' lang='lat' dir='ltr'>qua</span> <span class='ocrx_word' id='word_1_198' title='bbox 2054 1724 2109 1782; x_wconf 90' lang='lat' dir='ltr'>ei</span> <span class='ocrx_word' id='word_1_199' title='bbox 2154 1725 2496 1801; x_wconf 78' lang='lat' dir='ltr'>gratulatur</span> <span class='ocrx_word' id='word_1_200' title='bbox 2535 1725 2607 1783; x_wconf 90' lang='lat' dir='ltr'>de</span> <span class='ocrx_word' id='word_1_201' title='bbox 2639 1725 2832 1800; x_wconf 90' lang='lat' dir='ltr'>ipsius</span> <span class='ocrx_word' id='word_1_202' title='bbox 2867 1744 3007 1802; x_wconf 85' lang='lat' dir='ltr'>erga</span> 
     </span>
     <span class='ocr_line' id='line_1_40' title="bbox 1724 1813 3004 1888; baseline 0.002 -17"><span class='ocrx_word' id='word_1_203' title='bbox 1724 1813 1924 1872; x_wconf 88' lang='lat' dir='ltr'>sedem</span> <span class='ocrx_word' id='word_1_204' title='bbox 1963 1813 2343 1888; x_wconf 88' lang='lat' dir='ltr'>apostolicam</span> <span class='ocrx_word' id='word_1_205' title='bbox 2388 1815 2782 1883; x_wconf 88' lang='lat' dir='ltr'>observantia,</span> <span class='ocrx_word' id='word_1_206' title='bbox 2832 1814 3004 1873; x_wconf 86' lang='lat' dir='ltr'>fldem</span> 
     </span>
     <span class='ocr_line' id='line_1_41' title="bbox 1723 1902 3004 1979; baseline 0.002 -20"><span class='ocrx_word' id='word_1_207' title='bbox 1723 1902 1914 1978; x_wconf 90' lang='lat' dir='ltr'>ipsius</span> <span class='ocrx_word' id='word_1_208' title='bbox 1947 1902 2177 1977; x_wconf 88' lang='lat' dir='ltr'>probat,</span> <span class='ocrx_word' id='word_1_209' title='bbox 2224 1921 2452 1961; x_wconf 88' lang='lat' dir='ltr'>summa</span> <span class='ocrx_word' id='word_1_210' title='bbox 2498 1904 2691 1979; x_wconf 87' lang='lat' dir='ltr'>capita</span> <span class='ocrx_word' id='word_1_211' title='bbox 2733 1903 2872 1962; x_wconf 90' lang='lat' dir='ltr'>fidei</span> <span class='ocrx_word' id='word_1_212' title='bbox 2911 1922 3004 1962; x_wconf 92' lang='lat' dir='ltr'>ro·</span> 
     </span>
     <span class='ocr_line' id='line_1_42' title="bbox 1724 1991 3005 2056; baseline 0.002 -7"><span class='ocrx_word' id='word_1_213' title='bbox 1724 2010 1932 2049; x_wconf 87' lang='lat' dir='ltr'>manae</span> <span class='ocrx_word' id='word_1_214' title='bbox 1950 1991 2240 2050; x_wconf 86' lang='lat' dir='ltr'>Ecclesiae</span> <span class='ocrx_word' id='word_1_215' title='bbox 2272 1991 2346 2050; x_wconf 89' lang='lat' dir='ltr'>ad</span> <span class='ocrx_word' id='word_1_216' title='bbox 2378 2011 2512 2051; x_wconf 88' lang='lat' dir='ltr'>eum</span> <span class='ocrx_word' id='word_1_217' title='bbox 2545 1992 2750 2056; x_wconf 86' lang='lat' dir='ltr'>mittit.</span> <span class='ocrx_word' id='word_1_218' title='bbox 2784 1992 3005 2051; x_wconf 90' lang='lat' dir='ltr'>Collec-</span> 
     </span>
     <span class='ocr_line' id='line_1_43' title="bbox 1722 2076 3005 2161; baseline 0.002 -23"><span class='ocrx_word' id='word_1_219' title='bbox 1722 2084 1814 2138; x_wconf 89' lang='lat' dir='ltr'>tas</span> <span class='ocrx_word' id='word_1_220' title='bbox 1846 2076 2018 2161; x_wconf 89' lang='lat' dir='ltr'>(CVI)</span> <span class='ocrx_word' id='word_1_221' title='bbox 2070 2099 2169 2139; x_wconf 90' lang='lat' dir='ltr'>eas</span> <span class='ocrx_word' id='word_1_222' title='bbox 2219 2080 2398 2139; x_wconf 90' lang='lat' dir='ltr'>habes</span> <span class='ocrx_word' id='word_1_223' title='bbox 2449 2081 2510 2139; x_wconf 91' lang='lat' dir='ltr'>in</span> <span class='ocrx_word' id='word_1_224' title='bbox 2554 2081 2805 2157; x_wconf 84' lang='lat' dir='ltr'>Migne</span> <span class='ocrx_word' id='word_1_225' title='bbox 2847 2082 2909 2142; x_wconf 91' lang='lat' dir='ltr'>P.</span> <span class='ocrx_word' id='word_1_226' title='bbox 2941 2082 3005 2140; x_wconf 91' lang='lat' dir='ltr'>L.</span> 
     </span>
     <span class='ocr_line' id='line_1_44' title="bbox 1725 2169 3003 2247; baseline 0.004 -21"><span class='ocrx_word' id='word_1_227' title='bbox 1725 2169 1972 2240; x_wconf 84' lang='lat' dir='ltr'>CXLIII,</span> <span class='ocrx_word' id='word_1_228' title='bbox 1999 2179 2378 2240; x_wconf 82' lang='lat'>583—782;</span> <span class='ocrx_word' id='word_1_229' title='bbox 2412 2169 2619 2228; x_wconf 81' lang='lat' dir='ltr'>Jaffe&#39;</span> <span class='ocrx_word' id='word_1_230' title='bbox 2650 2171 2714 2229; x_wconf 92' lang='lat' dir='ltr'>in</span> <span class='ocrx_word' id='word_1_231' title='bbox 2736 2171 3003 2247; x_wconf 84' lang='lat' dir='ltr'>Reg.PP.</span> 
     </span>
    </p>
   </div>
   <div class='ocr_carea' id='block_1_7' title="bbox 394 2257 2999 2334">
    <p class='ocr_par' dir='ltr' id='par_1_7' title="bbox 394 2257 2999 2334">
     <span class='ocr_line' id='line_1_45' title="bbox 394 2257 2999 2334; baseline 0.003 -18"><span class='ocrx_word' id='word_1_232' title='bbox 394 2262 715 2318; x_wconf 83' lang='lat' dir='ltr'>restaurata</span> <span class='ocrx_word' id='word_1_233' title='bbox 731 2278 1004 2334; x_wconf 86' lang='lat' dir='ltr'>novaque</span> <span class='ocrx_word' id='word_1_234' title='bbox 1034 2260 1137 2317; x_wconf 87' lang='lat' dir='ltr'>lux</span> <span class='ocrx_word' id='word_1_235' title='bbox 1167 2259 1389 2318; x_wconf 90' lang='lat' dir='ltr'>mundo</span> <span class='ocrx_word' id='word_1_236' title='bbox 1420 2258 1549 2318; x_wconf 86' lang='lat' dir='ltr'>visa</span> <span class='ocrx_word' id='word_1_237' title='bbox 1579 2263 1669 2317; x_wconf 91' lang='lat' dir='ltr'>est</span> <span class='ocrx_word' id='word_1_238' title='bbox 1720 2278 1865 2318; x_wconf 88' lang='lat' dir='ltr'>rom.</span> <span class='ocrx_word' id='word_1_239' title='bbox 1888 2259 1932 2328; x_wconf 89' lang='lat'>1,</span> <span class='ocrx_word' id='word_1_240' title='bbox 1959 2268 2338 2330; x_wconf 75' lang='lat'>529—5493</span> <span class='ocrx_word' id='word_1_241' title='bbox 2372 2257 2445 2329; x_wconf 90' lang='lat' dir='ltr'>II,</span> <span class='ocrx_word' id='word_1_242' title='bbox 2474 2269 2616 2328; x_wconf 81' lang='grc'>749,</span> <span class='ocrx_word' id='word_1_243' title='bbox 2649 2279 2851 2318; x_wconf 88' lang='lat' dir='ltr'>earum</span> <span class='ocrx_word' id='word_1_244' title='bbox 2882 2269 2999 2323; x_wconf 76' lang='lat'>182</span> 
     </span>
    </p>
   </div>
   <div class='ocr_carea' id='block_1_8' title="bbox 384 2344 1666 2676">
    <p class='ocr_par' dir='ltr' id='par_1_8' title="bbox 384 2344 1666 2676">
     <span class='ocr_line' id='line_1_46' title="bbox 384 2344 1665 2431; baseline 0 -25"><span class='ocrx_word' id='word_1_245' title='bbox 384 2349 596 2406; x_wconf 82' lang='lat' dir='ltr'>exoriri</span> <span class='ocrx_word' id='word_1_246' title='bbox 656 2344 732 2431; x_wconf 90' lang='lat' dir='ltr'>(D</span> <span class='ocrx_word' id='word_1_247' title='bbox 750 2366 781 2407; x_wconf 91' lang='lat' dir='ltr'>e</span> <span class='ocrx_word' id='word_1_248' title='bbox 797 2347 918 2406; x_wconf 90' lang='lat' dir='ltr'>sid</span> <span class='ocrx_word' id='word_1_249' title='bbox 935 2368 965 2406; x_wconf 94' lang='lat' dir='ltr'>e</span> <span class='ocrx_word' id='word_1_250' title='bbox 981 2348 1103 2406; x_wconf 91' lang='lat' dir='ltr'>riu</span> <span class='ocrx_word' id='word_1_251' title='bbox 1120 2366 1148 2406; x_wconf 93' lang='lat' dir='ltr'>s</span> <span class='ocrx_word' id='word_1_252' title='bbox 1210 2348 1390 2407; x_wconf 89' lang='lat' dir='ltr'>abbas</span> <span class='ocrx_word' id='word_1_253' title='bbox 1452 2348 1665 2407; x_wconf 89' lang='lat' dir='ltr'>cassin.</span> 
     </span>
     <span class='ocr_line' id='line_1_47' title="bbox 388 2433 1664 2519; baseline 0 -24"><span class='ocrx_word' id='word_1_254' title='bbox 388 2437 535 2495; x_wconf 87' lang='lat' dir='ltr'>Dial.</span> <span class='ocrx_word' id='word_1_255' title='bbox 567 2433 806 2519; x_wconf 69' lang='lat'>1.111)‚‘</span> <span class='ocrx_word' id='word_1_256' title='bbox 852 2448 942 2500; x_wconf 85' lang='lat'>19.</span> <span class='ocrx_word' id='word_1_257' title='bbox 964 2440 1104 2513; x_wconf 89' lang='lat' dir='ltr'>Apr.</span> <span class='ocrx_word' id='word_1_258' title='bbox 1137 2447 1300 2499; x_wconf 81' lang='lat'>1054</span> <span class='ocrx_word' id='word_1_259' title='bbox 1334 2438 1429 2513; x_wconf 89' lang='lat' dir='ltr'>pie</span> <span class='ocrx_word' id='word_1_260' title='bbox 1465 2439 1526 2496; x_wconf 92' lang='lat' dir='ltr'>in</span> <span class='ocrx_word' id='word_1_261' title='bbox 1549 2439 1664 2495; x_wconf 94' lang='lat' dir='ltr'>Do-</span> 
     </span>
     <span class='ocr_line' id='line_1_48' title="bbox 384 2527 1666 2603; baseline 0 -18"><span class='ocrx_word' id='word_1_262' title='bbox 384 2527 545 2586; x_wconf 87' lang='lat' dir='ltr'>mino</span> <span class='ocrx_word' id='word_1_263' title='bbox 566 2527 731 2596; x_wconf 91' lang='lat' dir='ltr'>obiit,</span> <span class='ocrx_word' id='word_1_264' title='bbox 767 2546 886 2602; x_wconf 88' lang='lat' dir='ltr'>qua</span> <span class='ocrx_word' id='word_1_265' title='bbox 917 2527 1012 2585; x_wconf 90' lang='lat' dir='ltr'>die</span> <span class='ocrx_word' id='word_1_266' title='bbox 1044 2528 1174 2603; x_wconf 88' lang='lat' dir='ltr'>ejus</span> <span class='ocrx_word' id='word_1_267' title='bbox 1195 2527 1477 2586; x_wconf 89' lang='lat' dir='ltr'>memoria</span> <span class='ocrx_word' id='word_1_268' title='bbox 1507 2528 1666 2586; x_wconf 91' lang='lat' dir='ltr'>inter</span> 
     </span>
     <span class='ocr_line' id='line_1_49' title="bbox 384 2616 973 2676; baseline -0.002 -2"><span class='ocrx_word' id='word_1_269' title='bbox 384 2620 621 2676; x_wconf 87' lang='lat' dir='ltr'>sanctos</span> <span class='ocrx_word' id='word_1_270' title='bbox 656 2616 884 2674; x_wconf 91' lang='lat' dir='ltr'>colitur.</span> <span class='ocrx_word' id='word_1_271' title='bbox 965 2632 973 2644; x_wconf 89' lang='lat'><strong>·</strong></span> 
     </span>
    </p>
   </div>
   <div class='ocr_carea' id='block_1_9' title="bbox 379 2793 1668 3670">
    <p class='ocr_par' dir='ltr' id='par_1_9' title="bbox 379 2793 1668 3670">
     <span class='ocr_line' id='line_1_50' title="bbox 479 2793 1664 2857; baseline -0.004 0"><span class='ocrx_word' id='word_1_272' title='bbox 479 2805 510 2856; x_wconf 88' lang='lat'>5</span> <span class='ocrx_word' id='word_1_273' title='bbox 525 2805 557 2856; x_wconf 87' lang='lat'>5</span> <span class='ocrx_word' id='word_1_274' title='bbox 571 2804 623 2857; x_wconf 83' lang='lat'>5.</span> <span class='ocrx_word' id='word_1_275' title='bbox 643 2794 765 2852; x_wconf 89' lang='lat' dir='ltr'>Hac</span> <span class='ocrx_word' id='word_1_276' title='bbox 785 2797 978 2853; x_wconf 89' lang='lat' dir='ltr'>aetate</span> <span class='ocrx_word' id='word_1_277' title='bbox 1000 2793 1266 2852; x_wconf 90' lang='lat' dir='ltr'>fidelium</span> <span class='ocrx_word' id='word_1_278' title='bbox 1287 2795 1514 2852; x_wconf 91' lang='lat' dir='ltr'>animos</span> <span class='ocrx_word' id='word_1_279' title='bbox 1534 2796 1664 2852; x_wconf 84' lang='lat' dir='ltr'>tur-</span> 
     </span>
     <span class='ocr_line' id='line_1_51' title="bbox 382 2883 1663 2960; baseline 0.002 -21"><span class='ocrx_word' id='word_1_280' title='bbox 382 2883 606 2941; x_wconf 89' lang='lat' dir='ltr'>barunt</span> <span class='ocrx_word' id='word_1_281' title='bbox 634 2883 974 2960; x_wconf 86' lang='lat' dir='ltr'>Berengarii</span> <span class='ocrx_word' id='word_1_282' title='bbox 1006 2883 1346 2941; x_wconf 88' lang='lat' dir='ltr'>turonensis</span> <span class='ocrx_word' id='word_1_283' title='bbox 1379 2883 1529 2941; x_wconf 88' lang='lat' dir='ltr'>circa</span> <span class='ocrx_word' id='word_1_284' title='bbox 1559 2901 1663 2941; x_wconf 88' lang='lat' dir='ltr'>eu-</span> 
     </span>
     <span class='ocr_line' id='line_1_52' title="bbox 379 2971 1664 3046; baseline -0.001 -16"><span class='ocrx_word' id='word_1_285' title='bbox 379 2972 729 3030; x_wconf 83' lang='lat' dir='ltr'>charistiam</span> <span class='ocrx_word' id='word_1_286' title='bbox 780 2991 1026 3042; x_wconf 91' lang='lat' dir='ltr'>errores,</span> <span class='ocrx_word' id='word_1_287' title='bbox 1090 2991 1237 3046; x_wconf 90' lang='lat' dir='ltr'>quos</span> <span class='ocrx_word' id='word_1_288' title='bbox 1308 2990 1352 3034; x_wconf 81' lang='lat' dir='ltr'>s,</span> <span class='ocrx_word' id='word_1_289' title='bbox 1402 2971 1518 3029; x_wconf 91' lang='lat' dir='ltr'>Leo</span> <span class='ocrx_word' id='word_1_290' title='bbox 1567 2972 1664 3029; x_wconf 90' lang='lat' dir='ltr'>IX.</span> 
     </span>
     <span class='ocr_line' id='line_1_53' title="bbox 386 3060 1668 3128; baseline 0 -10"><span class='ocrx_word' id='word_1_291' title='bbox 386 3061 690 3119; x_wconf 89' lang='lat' dir='ltr'>damnavit</span> <span class='ocrx_word' id='word_1_292' title='bbox 727 3062 790 3119; x_wconf 92' lang='lat' dir='ltr'>in</span> <span class='ocrx_word' id='word_1_293' title='bbox 828 3060 1076 3119; x_wconf 90' lang='lat' dir='ltr'>concilio</span> <span class='ocrx_word' id='word_1_294' title='bbox 1106 3079 1366 3128; x_wconf 89' lang='lat' dir='ltr'>romano,</span> <span class='ocrx_word' id='word_1_295' title='bbox 1418 3061 1555 3118; x_wconf 92' lang='lat' dir='ltr'>dein</span> <span class='ocrx_word' id='word_1_296' title='bbox 1607 3066 1668 3119; x_wconf 92' lang='lat' dir='ltr'>et</span> 
     </span>
     <span class='ocr_line' id='line_1_54' title="bbox 385 3150 1665 3220; baseline -0.001 -12"><span class='ocrx_word' id='word_1_297' title='bbox 385 3150 451 3208; x_wconf 94' lang='lat' dir='ltr'>in</span> <span class='ocrx_word' id='word_1_298' title='bbox 481 3151 728 3210; x_wconf 89' lang='lat' dir='ltr'>concilio</span> <span class='ocrx_word' id='word_1_299' title='bbox 759 3151 1108 3209; x_wconf 83' lang='lat' dir='ltr'>vercellensi</span> <span class='ocrx_word' id='word_1_300' title='bbox 1139 3169 1188 3207; x_wconf 93' lang='lat' dir='ltr'>a.</span> <span class='ocrx_word' id='word_1_301' title='bbox 1221 3160 1402 3220; x_wconf 89' lang='grc'>1050,</span> <span class='ocrx_word' id='word_1_302' title='bbox 1437 3169 1665 3208; x_wconf 86' lang='lat' dir='ltr'>necnon</span> 
     </span>
     <span class='ocr_line' id='line_1_55' title="bbox 380 3238 1663 3314; baseline 0 -18"><span class='ocrx_word' id='word_1_303' title='bbox 380 3243 447 3297; x_wconf 85' lang='lat' dir='ltr'>et</span> <span class='ocrx_word' id='word_1_304' title='bbox 464 3238 558 3297; x_wconf 87' lang='lat' dir='ltr'>J0.</span> <span class='ocrx_word' id='word_1_305' title='bbox 582 3239 791 3298; x_wconf 90' lang='lat' dir='ltr'>Scoti</span> <span class='ocrx_word' id='word_1_306' title='bbox 825 3241 863 3299; x_wconf 91' lang='lat' dir='ltr'>l.</span> <span class='ocrx_word' id='word_1_307' title='bbox 895 3239 967 3297; x_wconf 91' lang='lat' dir='ltr'>de</span> <span class='ocrx_word' id='word_1_308' title='bbox 999 3238 1373 3308; x_wconf 88' lang='lat' dir='ltr'>eucharistia,</span> <span class='ocrx_word' id='word_1_309' title='bbox 1409 3258 1527 3314; x_wconf 90' lang='lat' dir='ltr'>quo</span> <span class='ocrx_word' id='word_1_310' title='bbox 1560 3240 1663 3297; x_wconf 91' lang='lat' dir='ltr'>ille</span> 
     </span>
     <span class='ocr_line' id='line_1_56' title="bbox 386 3328 1665 3390; baseline 0.002 -6"><span class='ocrx_word' id='word_1_311' title='bbox 386 3328 707 3390; x_wconf 85' lang='lat' dir='ltr'>nitebatur.</span> <span class='ocrx_word' id='word_1_312' title='bbox 784 3328 1031 3387; x_wconf 88' lang='lat' dir='ltr'>Interim</span> <span class='ocrx_word' id='word_1_313' title='bbox 1079 3331 1254 3387; x_wconf 90' lang='lat' dir='ltr'>aucta</span> <span class='ocrx_word' id='word_1_314' title='bbox 1298 3330 1443 3386; x_wconf 91' lang='lat' dir='ltr'>sunt</span> <span class='ocrx_word' id='word_1_315' title='bbox 1486 3329 1665 3386; x_wconf 87' lang='lat' dir='ltr'>etiam</span> 
     </span>
     <span class='ocr_line' id='line_1_57' title="bbox 380 3417 1664 3492; baseline -0.001 -16"><span class='ocrx_word' id='word_1_316' title='bbox 380 3417 585 3476; x_wconf 88' lang='lat' dir='ltr'>omina</span> <span class='ocrx_word' id='word_1_317' title='bbox 628 3417 865 3476; x_wconf 87' lang='lat' dir='ltr'>funesta</span> <span class='ocrx_word' id='word_1_318' title='bbox 898 3417 1235 3476; x_wconf 86' lang='lat' dir='ltr'>schismatis</span> <span class='ocrx_word' id='word_1_319' title='bbox 1266 3417 1664 3492; x_wconf 86' lang='lat' dir='ltr'>impendentis</span> 
     </span>
     <span class='ocr_line' id='line_1_58' title="bbox 387 3506 1664 3569; baseline 0.001 -6"><span class='ocrx_word' id='word_1_320' title='bbox 387 3506 667 3564; x_wconf 88' lang='lat' dir='ltr'>ecclesiae</span> <span class='ocrx_word' id='word_1_321' title='bbox 708 3506 1029 3569; x_wconf 81' lang='lat' dir='ltr'>orientalis,</span> <span class='ocrx_word' id='word_1_322' title='bbox 1107 3506 1428 3565; x_wconf 88' lang='lat' dir='ltr'>Classicum</span> <span class='ocrx_word' id='word_1_323' title='bbox 1474 3507 1664 3565; x_wconf 89' lang='lat' dir='ltr'>veluti</span> 
     </span>
     <span class='ocr_line' id='line_1_59' title="bbox 382 3594 1662 3670; baseline 0.002 -18"><span class='ocrx_word' id='word_1_324' title='bbox 382 3594 596 3652; x_wconf 87' lang='lat' dir='ltr'>cecinit</span> <span class='ocrx_word' id='word_1_325' title='bbox 628 3595 766 3654; x_wconf 91' lang='lat' dir='ltr'>Leo</span> <span class='ocrx_word' id='word_1_326' title='bbox 812 3595 1124 3653; x_wconf 84' lang='lat' dir='ltr'>acridanus</span> <span class='ocrx_word' id='word_1_327' title='bbox 1170 3595 1662 3670; x_wconf 83' lang='lat' dir='ltr'>archiepiscopuS,</span> 
     </span>
    </p>
   </div>
   <div class='ocr_carea' id='block_1_10' title="bbox 1721 2348 3004 3582">
    <p class='ocr_par' dir='ltr' id='par_1_10' title="bbox 1721 2348 3004 3582">
     <span class='ocr_line' id='line_1_60' title="bbox 1723 2348 3004 2424; baseline 0.003 -20"><span class='ocrx_word' id='word_1_328' title='bbox 1723 2352 2007 2409; x_wconf 88' lang='lat' dir='ltr'>recenset.</span> <span class='ocrx_word' id='word_1_329' title='bbox 2072 2348 2207 2406; x_wconf 85' lang='lat' dir='ltr'>Non</span> <span class='ocrx_word' id='word_1_330' title='bbox 2241 2351 2474 2417; x_wconf 85' lang='lat' dir='ltr'>desunt,</span> <span class='ocrx_word' id='word_1_331' title='bbox 2509 2348 2613 2424; x_wconf 91' lang='lat' dir='ltr'>qui</span> <span class='ocrx_word' id='word_1_332' title='bbox 2644 2349 2699 2406; x_wconf 91' lang='lat' dir='ltr'>ei</span> <span class='ocrx_word' id='word_1_333' title='bbox 2732 2349 3004 2408; x_wconf 86' lang='lat' dir='ltr'>tribuant</span> 
     </span>
     <span class='ocr_line' id='line_1_61' title="bbox 1722 2436 3000 2515; baseline 0.002 -21"><span class='ocrx_word' id='word_1_334' title='bbox 1722 2436 1946 2495; x_wconf 89' lang='lat' dir='ltr'>bellum</span> <span class='ocrx_word' id='word_1_335' title='bbox 1983 2438 2052 2495; x_wconf 80' lang='lat' dir='ltr'>de</span> <span class='ocrx_word' id='word_1_336' title='bbox 2081 2437 2346 2510; x_wconf 79' lang='lat' dir='ltr'>conflictu</span> <span class='ocrx_word' id='word_1_337' title='bbox 2377 2439 2654 2497; x_wconf 76' lang='lat' dir='ltr'>vitiorum</span> <span class='ocrx_word' id='word_1_338' title='bbox 2685 2445 2853 2515; x_wconf 79' lang='lat' dir='ltr'>atque</span> <span class='ocrx_word' id='word_1_339' title='bbox 2887 2441 3000 2496; x_wconf 74' lang='lat' dir='ltr'>cir·</span> 
     </span>
     <span class='ocr_line' id='line_1_62' title="bbox 1723 2526 3001 2604; baseline 0.005 -20"><span class='ocrx_word' id='word_1_340' title='bbox 1723 2533 1930 2603; x_wconf 79' lang='lat' dir='ltr'>tutum,</span> <span class='ocrx_word' id='word_1_341' title='bbox 1955 2526 2310 2602; x_wconf 89' lang='lat' dir='ltr'>opusculum</span> <span class='ocrx_word' id='word_1_342' title='bbox 2328 2527 2484 2601; x_wconf 87' lang='lat' dir='ltr'>apud</span> <span class='ocrx_word' id='word_1_343' title='bbox 2504 2526 2562 2585; x_wconf 86' lang='lat' dir='ltr'>M</span> <span class='ocrx_word' id='word_1_344' title='bbox 2579 2526 2598 2584; x_wconf 92' lang='lat' dir='ltr'>i</span> <span class='ocrx_word' id='word_1_345' title='bbox 2616 2546 2657 2604; x_wconf 88' lang='lat' dir='ltr'><strong>g</strong></span> <span class='ocrx_word' id='word_1_346' title='bbox 2672 2546 2713 2585; x_wconf 92' lang='lat' dir='ltr'>n</span> <span class='ocrx_word' id='word_1_347' title='bbox 2726 2546 2757 2586; x_wconf 89' lang='lat' dir='ltr'>e</span> <span class='ocrx_word' id='word_1_348' title='bbox 2775 2547 2829 2603; x_wconf 90' lang='lat' dir='ltr'>p.</span> <span class='ocrx_word' id='word_1_349' title='bbox 2845 2537 3001 2591; x_wconf 77' lang='lat'>559·</span> 
     </span>
     <span class='ocr_line' id='line_1_63' title="bbox 1727 2615 3001 2692; baseline -0.002 -14"><span class='ocrx_word' id='word_1_350' title='bbox 1727 2627 1802 2678; x_wconf 84' lang='lat'>57</span> <span class='ocrx_word' id='word_1_351' title='bbox 1816 2625 1871 2678; x_wconf 86' lang='lat'>8.</span> <span class='ocrx_word' id='word_1_352' title='bbox 1925 2615 2115 2674; x_wconf 87' lang='lat' dir='ltr'>Vitam</span> <span class='ocrx_word' id='word_1_353' title='bbox 2135 2616 2290 2674; x_wconf 88' lang='lat' dir='ltr'>tanti</span> <span class='ocrx_word' id='word_1_354' title='bbox 2310 2616 2608 2691; x_wconf 89' lang='lat' dir='ltr'>pontificis</span> <span class='ocrx_word' id='word_1_355' title='bbox 2629 2616 2827 2692; x_wconf 89' lang='lat' dir='ltr'>plures</span> <span class='ocrx_word' id='word_1_356' title='bbox 2859 2618 3001 2675; x_wconf 91' lang='lat' dir='ltr'>scri-</span> 
     </span>
     <span class='ocr_line' id='line_1_64' title="bbox 1724 2705 3003 2780; baseline 0.002 -18"><span class='ocrx_word' id='word_1_357' title='bbox 1724 2707 1978 2780; x_wconf 89' lang='lat' dir='ltr'>pserunt</span> <span class='ocrx_word' id='word_1_358' title='bbox 1992 2706 2054 2780; x_wconf 84' lang='lat'>1),</span> <span class='ocrx_word' id='word_1_359' title='bbox 2088 2705 2244 2762; x_wconf 90' lang='lat' dir='ltr'>inter</span> <span class='ocrx_word' id='word_1_360' title='bbox 2262 2723 2412 2780; x_wconf 90' lang='lat' dir='ltr'>quos</span> <span class='ocrx_word' id='word_1_361' title='bbox 2447 2705 2516 2763; x_wconf 89' lang='lat' dir='ltr'>W</span> <span class='ocrx_word' id='word_1_362' title='bbox 2533 2706 2553 2763; x_wconf 90' lang='lat' dir='ltr'>i</span> <span class='ocrx_word' id='word_1_363' title='bbox 2569 2706 2608 2763; x_wconf 94' lang='lat' dir='ltr'>b</span> <span class='ocrx_word' id='word_1_364' title='bbox 2625 2724 2656 2764; x_wconf 91' lang='lat' dir='ltr'>e</span> <span class='ocrx_word' id='word_1_365' title='bbox 2674 2724 2702 2762; x_wconf 91' lang='lat' dir='ltr'>r</span> <span class='ocrx_word' id='word_1_366' title='bbox 2716 2710 2743 2763; x_wconf 92' lang='lat' dir='ltr'>t</span> <span class='ocrx_word' id='word_1_367' title='bbox 2758 2725 2800 2763; x_wconf 91' lang='lat' dir='ltr'>u</span> <span class='ocrx_word' id='word_1_368' title='bbox 2815 2724 2842 2763; x_wconf 89' lang='lat' dir='ltr'>s</span> <span class='ocrx_word' id='word_1_369' title='bbox 2875 2707 3003 2780; x_wconf 82' lang='lat' dir='ltr'>eius</span> 
     </span>
     <span class='ocr_line' id='line_1_65' title="bbox 1723 2793 3001 2870; baseline 0 -19"><span class='ocrx_word' id='word_1_370' title='bbox 1723 2793 2020 2869; x_wconf 91' lang='lat' dir='ltr'>quondam</span> <span class='ocrx_word' id='word_1_371' title='bbox 2055 2793 2502 2853; x_wconf 86' lang='lat' dir='ltr'>archidiaconus</span> <span class='ocrx_word' id='word_1_372' title='bbox 2547 2795 2612 2851; x_wconf 93' lang='lat' dir='ltr'>in</span> <span class='ocrx_word' id='word_1_373' title='bbox 2655 2795 3001 2870; x_wconf 85' lang='lat' dir='ltr'>episcopatu</span> 
     </span>
     <span class='ocr_line' id='line_1_66' title="bbox 1722 2882 3000 2959; baseline 0.001 -19"><span class='ocrx_word' id='word_1_374' title='bbox 1722 2883 1990 2952; x_wconf 88' lang='lat' dir='ltr'>tullensi,</span> <span class='ocrx_word' id='word_1_375' title='bbox 2025 2884 2196 2956; x_wconf 87' lang='lat' dir='ltr'>cujus</span> <span class='ocrx_word' id='word_1_376' title='bbox 2217 2882 2341 2941; x_wconf 89' lang='lat' dir='ltr'>vita</span> <span class='ocrx_word' id='word_1_377' title='bbox 2359 2888 2453 2941; x_wconf 90' lang='lat' dir='ltr'>est</span> <span class='ocrx_word' id='word_1_378' title='bbox 2475 2882 2665 2941; x_wconf 89' lang='lat' dir='ltr'>fidelis</span> <span class='ocrx_word' id='word_1_379' title='bbox 2686 2888 2745 2941; x_wconf 89' lang='lat' dir='ltr'>et</span> <span class='ocrx_word' id='word_1_380' title='bbox 2762 2887 3000 2959; x_wconf 86' lang='lat' dir='ltr'>propte-</span> 
     </span>
     <span class='ocr_line' id='line_1_67' title="bbox 1722 2970 3001 3046; baseline 0.002 -18"><span class='ocrx_word' id='word_1_381' title='bbox 1722 2989 1822 3029; x_wconf 91' lang='lat' dir='ltr'>rea</span> <span class='ocrx_word' id='word_1_382' title='bbox 1852 2971 2127 3046; x_wconf 89' lang='lat' dir='ltr'>pretiosa.</span> <span class='ocrx_word' id='word_1_383' title='bbox 2191 2970 2385 3029; x_wconf 91' lang='lat' dir='ltr'>Habes</span> <span class='ocrx_word' id='word_1_384' title='bbox 2431 2990 2557 3030; x_wconf 90' lang='lat' dir='ltr'>eam</span> <span class='ocrx_word' id='word_1_385' title='bbox 2605 2972 2668 3029; x_wconf 90' lang='lat' dir='ltr'>in</span> <span class='ocrx_word' id='word_1_386' title='bbox 2709 2973 2871 3030; x_wconf 88' lang='lat' dir='ltr'>Actis</span> <span class='ocrx_word' id='word_1_387' title='bbox 2904 2972 3001 3031; x_wconf 89' lang='lat' dir='ltr'>SS.</span> 
     </span>
     <span class='ocr_line' id='line_1_68' title="bbox 1734 3060 3001 3136; baseline -0.001 -15"><span class='ocrx_word' id='word_1_388' title='bbox 1734 3069 1825 3122; x_wconf 87' lang='grc'>19.</span> <span class='ocrx_word' id='word_1_389' title='bbox 1858 3061 1998 3136; x_wconf 89' lang='lat' dir='ltr'>Apr.</span> <span class='ocrx_word' id='word_1_390' title='bbox 2029 3060 2104 3130; x_wconf 85' lang='lat' dir='ltr'>Ii,</span> <span class='ocrx_word' id='word_1_391' title='bbox 2143 3070 2521 3132; x_wconf 77' lang='lat'>648—6653</span> <span class='ocrx_word' id='word_1_392' title='bbox 2555 3060 2616 3118; x_wconf 91' lang='lat' dir='ltr'>in</span> <span class='ocrx_word' id='word_1_393' title='bbox 2653 3061 3001 3120; x_wconf 84' lang='lat' dir='ltr'>Mabillo-</span> 
     </span>
     <span class='ocr_line' id='line_1_69' title="bbox 1722 3148 3002 3222; baseline 0 -15"><span class='ocrx_word' id='word_1_394' title='bbox 1722 3148 1799 3207; x_wconf 92' lang='lat' dir='ltr'>ni</span> <span class='ocrx_word' id='word_1_395' title='bbox 1819 3148 1840 3205; x_wconf 93' lang='lat' dir='ltr'>i</span> <span class='ocrx_word' id='word_1_396' title='bbox 1900 3149 2066 3207; x_wconf 85' lang='lat' dir='ltr'>Actis</span> <span class='ocrx_word' id='word_1_397' title='bbox 2130 3149 2226 3207; x_wconf 90' lang='lat' dir='ltr'>SS.</span> <span class='ocrx_word' id='word_1_398' title='bbox 2293 3149 2387 3219; x_wconf 91' lang='lat' dir='ltr'>VI,</span> <span class='ocrx_word' id='word_1_399' title='bbox 2454 3159 2510 3219; x_wconf 84' lang='lat'>2,</span> <span class='ocrx_word' id='word_1_400' title='bbox 2580 3159 2870 3222; x_wconf 77' lang='lat'>49-803</span> <span class='ocrx_word' id='word_1_401' title='bbox 2936 3151 3002 3208; x_wconf 93' lang='lat' dir='ltr'>in</span> 
     </span>
     <span class='ocr_line' id='line_1_70' title="bbox 1721 3237 3002 3314; baseline 0.002 -19"><span class='ocrx_word' id='word_1_402' title='bbox 1721 3237 1977 3314; x_wconf 87' lang='lat' dir='ltr'>Migne</span> <span class='ocrx_word' id='word_1_403' title='bbox 2027 3258 2082 3313; x_wconf 88' lang='lat' dir='ltr'>p.</span> <span class='ocrx_word' id='word_1_404' title='bbox 2143 3248 2519 3308; x_wconf 78' lang='lat'>465—5103</span> <span class='ocrx_word' id='word_1_405' title='bbox 2575 3238 3002 3297; x_wconf 86' lang='lat' dir='ltr'>Watterich</span> 
     </span>
     <span class='ocr_line' id='line_1_71' title="bbox 1724 3327 3001 3402; baseline 0 -18"><span class='ocrx_word' id='word_1_406' title='bbox 1724 3328 1761 3385; x_wconf 93' lang='lat' dir='ltr'>l.</span> <span class='ocrx_word' id='word_1_407' title='bbox 1797 3345 1842 3384; x_wconf 92' lang='lat' dir='ltr'>c.</span> <span class='ocrx_word' id='word_1_408' title='bbox 1891 3347 1947 3402; x_wconf 90' lang='lat' dir='ltr'>p.</span> <span class='ocrx_word' id='word_1_409' title='bbox 1984 3337 2305 3390; x_wconf 84' lang='lat'>93—177.</span> <span class='ocrx_word' id='word_1_410' title='bbox 2341 3361 2419 3370; x_wconf 89' lang='lat'>—</span> <span class='ocrx_word' id='word_1_411' title='bbox 2458 3327 2799 3386; x_wconf 88' lang='lat' dir='ltr'>Libuinu</span> <span class='ocrx_word' id='word_1_412' title='bbox 2820 3347 2846 3386; x_wconf 92' lang='lat' dir='ltr'>s</span> <span class='ocrx_word' id='word_1_413' title='bbox 2892 3329 3001 3386; x_wconf 90' lang='lat' dir='ltr'>Ec·</span> 
     </span>
     <span class='ocr_line' id='line_1_72' title="bbox 1723 3416 3001 3488; baseline 0 -13"><span class='ocrx_word' id='word_1_414' title='bbox 1723 3416 1936 3475; x_wconf 77' lang='lat' dir='ltr'>clasiae</span> <span class='ocrx_word' id='word_1_415' title='bbox 1998 3435 2273 3476; x_wconf 85' lang='lat' dir='ltr'>romanae</span> <span class='ocrx_word' id='word_1_416' title='bbox 2336 3416 2751 3488; x_wconf 76' lang='lat' dir='ltr'>subdiaconu8‚</span> <span class='ocrx_word' id='word_1_417' title='bbox 2827 3417 3001 3476; x_wconf 88' lang='lat' dir='ltr'>testis</span> 
     </span>
     <span class='ocr_line' id='line_1_73' title="bbox 1723 3505 3000 3582; baseline 0 -19"><span class='ocrx_word' id='word_1_418' title='bbox 1723 3506 1995 3564; x_wconf 90' lang='lat' dir='ltr'>oculatus</span> <span class='ocrx_word' id='word_1_419' title='bbox 2029 3506 2236 3563; x_wconf 89' lang='lat' dir='ltr'>scribit</span> <span class='ocrx_word' id='word_1_420' title='bbox 2281 3507 2349 3563; x_wconf 80' lang='lat' dir='ltr'>de</span> <span class='ocrx_word' id='word_1_421' title='bbox 2379 3505 2530 3564; x_wconf 80' lang='lat' dir='ltr'>obitu</span> <span class='ocrx_word' id='word_1_422' title='bbox 2559 3526 2605 3563; x_wconf 79' lang='lat' dir='ltr'>s.</span> <span class='ocrx_word' id='word_1_423' title='bbox 2645 3507 2873 3582; x_wconf 78' lang='lat' dir='ltr'>Leonis,</span> <span class='ocrx_word' id='word_1_424' title='bbox 2922 3506 3000 3564; x_wconf 91' lang='lat' dir='ltr'>ib.</span> 
     </span>
    </p>
   </div>
   <div class='ocr_carea' id='block_1_11' title="bbox 1718 3627 2040 3637">
    <p class='ocr_par' dir='ltr' id='par_1_11' title="bbox 1718 3627 2040 3637">
     <span class='ocr_line' id='line_1_74' title="bbox 1718 3627 2040 3637; baseline 0 1524"><span class='ocrx_word' id='word_1_425' title='bbox 1718 3627 2040 3637; x_wconf 95' lang='lat' dir='ltr'> </span> 
     </span>
    </p>
   </div>
   <div class='ocr_carea' id='block_1_12' title="bbox 386 3683 3002 3847">
    <p class='ocr_par' dir='ltr' id='par_1_12' title="bbox 386 3683 3002 3847">
     <span class='ocr_line' id='line_1_75' title="bbox 389 3683 3002 3763; baseline 0.003 -24"><span class='ocrx_word' id='word_1_426' title='bbox 389 3683 610 3741; x_wconf 87' lang='lat' dir='ltr'>amicus</span> <span class='ocrx_word' id='word_1_427' title='bbox 659 3683 959 3742; x_wconf 87' lang='lat' dir='ltr'>Michaelis</span> <span class='ocrx_word' id='word_1_428' title='bbox 1005 3684 1345 3755; x_wconf 88' lang='lat' dir='ltr'>Caerularii,</span> <span class='ocrx_word' id='word_1_429' title='bbox 1392 3684 1661 3760; x_wconf 86' lang='lat' dir='ltr'>epistola,</span> <span class='ocrx_word' id='word_1_430' title='bbox 1720 3695 1866 3746; x_wconf 78' lang='lat' dir='ltr'>Acta</span> <span class='ocrx_word' id='word_1_431' title='bbox 1911 3695 1970 3746; x_wconf 86' lang='lat' dir='ltr'>et</span> <span class='ocrx_word' id='word_1_432' title='bbox 2013 3693 2243 3763; x_wconf 81' lang='lat' dir='ltr'>scripta,</span> <span class='ocrx_word' id='word_1_433' title='bbox 2291 3710 2436 3761; x_wconf 84' lang='lat' dir='ltr'>quae</span> <span class='ocrx_word' id='word_1_434' title='bbox 2482 3694 2550 3747; x_wconf 89' lang='lat' dir='ltr'>de</span> <span class='ocrx_word' id='word_1_435' title='bbox 2603 3694 3002 3749; x_wconf 85' lang='lat' dir='ltr'>controversiis</span> 
     </span>
     <span class='ocr_line' id='line_1_76' title="bbox 386 3763 3000 3847; baseline 0.002 -35"><span class='ocrx_word' id='word_1_436' title='bbox 386 3790 567 3845; x_wconf 61' lang='lat' dir='ltr'>quam</span> <span class='ocrx_word' id='word_1_437' title='bbox 588 3772 764 3847; x_wconf 70' lang='lat' dir='ltr'>hujus</span> <span class='ocrx_word' id='word_1_438' title='bbox 782 3774 1024 3831; x_wconf 67' lang='lat' dir='ltr'>nomine</span> <span class='ocrx_word' id='word_1_439' title='bbox 1055 3773 1151 3831; x_wconf 65' lang='lat' dir='ltr'>vel</span> <span class='ocrx_word' id='word_1_440' title='bbox 1184 3773 1389 3831; x_wconf 63' lang='lat' dir='ltr'>saltem</span> <span class='ocrx_word' id='word_1_441' title='bbox 1425 3792 1493 3832; x_wconf 73' lang='lat' dir='ltr'>eo</span> <span class='ocrx_word' id='word_1_442' title='bbox 1527 3793 1663 3832; x_wconf 90' lang='lat' dir='ltr'>con·</span> <span class='ocrx_word' id='word_1_443' title='bbox 1719 3763 2001 3819; x_wconf 84' lang='lat' dir='ltr'>Ecclesiae</span> <span class='ocrx_word' id='word_1_444' title='bbox 2045 3781 2279 3834; x_wconf 84' lang='lat' dir='ltr'>graecae</span> <span class='ocrx_word' id='word_1_445' title='bbox 2325 3769 2382 3819; x_wconf 90' lang='lat' dir='ltr'>et</span> <span class='ocrx_word' id='word_1_446' title='bbox 2424 3766 2637 3820; x_wconf 83' lang='lat' dir='ltr'>latinae</span> <span class='ocrx_word' id='word_1_447' title='bbox 2688 3766 3000 3836; x_wconf 87' lang='lat' dir='ltr'>composita</span> 
     </span>
    </p>
   </div>
   <div class='ocr_carea' id='block_1_13' title="bbox 394 3860 1664 3938">
    <p class='ocr_par' dir='ltr' id='par_1_13' title="bbox 394 3860 1664 3938">
     <span class='ocr_line' id='line_1_77' title="bbox 394 3860 1664 3938; baseline 0.002 -21"><span class='ocrx_word' id='word_1_448' title='bbox 394 3860 512 3918; x_wconf 87' lang='lat' dir='ltr'>scio</span> <span class='ocrx_word' id='word_1_449' title='bbox 560 3862 795 3938; x_wconf 87' lang='lat' dir='ltr'>scripsit</span> <span class='ocrx_word' id='word_1_450' title='bbox 858 3861 930 3919; x_wconf 89' lang='lat' dir='ltr'>ad</span> <span class='ocrx_word' id='word_1_451' title='bbox 980 3861 1270 3920; x_wconf 87' lang='lat' dir='ltr'>Joannem</span> <span class='ocrx_word' id='word_1_452' title='bbox 1321 3862 1664 3938; x_wconf 90' lang='lat' dir='ltr'>episcopum</span> 
     </span>
    </p>
   </div>
   <div class='ocr_carea' id='block_1_14' title="bbox 1723 3836 3000 3964">
    <p class='ocr_par' dir='ltr' id='par_1_14' title="bbox 1723 3836 3000 3964">
     <span class='ocr_line' id='line_1_78' title="bbox 1723 3836 3000 3907; baseline 0.001 -19"><span class='ocrx_word' id='word_1_453' title='bbox 1723 3839 1965 3898; x_wconf 80' lang='lat' dir='ltr'>exstant,</span> <span class='ocrx_word' id='word_1_454' title='bbox 1984 3836 2048 3888; x_wconf 91' lang='lat' dir='ltr'>Li</span> <span class='ocrx_word' id='word_1_455' title='bbox 2096 3836 2210 3890; x_wconf 81' lang='lat' dir='ltr'>siae</span> <span class='ocrx_word' id='word_1_456' title='bbox 2235 3843 2366 3893; x_wconf 89' lang='grc'>1861</span> <span class='ocrx_word' id='word_1_457' title='bbox 2393 3855 2447 3906; x_wconf 90' lang='lat' dir='ltr'>p.</span> <span class='ocrx_word' id='word_1_458' title='bbox 2471 3844 2536 3893; x_wconf 81' lang='lat'>65</span> <span class='ocrx_word' id='word_1_459' title='bbox 2560 3855 2660 3894; x_wconf 85' lang='lat' dir='ltr'>ss.:</span> <span class='ocrx_word' id='word_1_460' title='bbox 2689 3837 2749 3889; x_wconf 91' lang='lat' dir='ltr'>in</span> <span class='ocrx_word' id='word_1_461' title='bbox 2771 3836 3000 3907; x_wconf 82' lang='lat' dir='ltr'>Migne</span> 
     </span>
     <span class='ocr_line' id='line_1_79' title="bbox 1726 3907 2999 3964; baseline 0.001 -5"><span class='ocrx_word' id='word_1_462' title='bbox 1726 3907 1783 3959; x_wconf 87' lang='lat' dir='ltr'>P.</span> <span class='ocrx_word' id='word_1_463' title='bbox 1835 3907 1894 3959; x_wconf 91' lang='lat' dir='ltr'>L.</span> <span class='ocrx_word' id='word_1_464' title='bbox 1948 3908 2036 3961; x_wconf 87' lang='lat' dir='ltr'>CX</span> <span class='ocrx_word' id='word_1_465' title='bbox 2097 3909 2184 3960; x_wconf 85' lang='lat' dir='ltr'>[ll.</span> <span class='ocrx_word' id='word_1_466' title='bbox 2236 3911 2536 3964; x_wconf 71' lang='grc'><strong>793-798.</strong></span> <span class='ocrx_word' id='word_1_467' title='bbox 2603 3908 2684 3962; x_wconf 89' lang='lat' dir='ltr'>Cf.</span> <span class='ocrx_word' id='word_1_468' title='bbox 2736 3909 2999 3962; x_wconf 84' lang='lat' dir='ltr'>Hefele</span> 
     </span>
    </p>
   </div>
   <div class='ocr_carea' id='block_1_15' title="bbox 385 3951 2531 4048">
    <p class='ocr_par' dir='ltr' id='par_1_15' title="bbox 385 3951 2531 4048">
     <span class='ocr_line' id='line_1_80' title="bbox 385 3951 2531 4048; baseline 0.008 -43"><span class='ocrx_word' id='word_1_469' title='bbox 385 3952 738 4019; x_wconf 85' lang='lat' dir='ltr'>tranensem,</span> <span class='ocrx_word' id='word_1_470' title='bbox 803 3951 864 4008; x_wconf 92' lang='lat' dir='ltr'>in</span> <span class='ocrx_word' id='word_1_471' title='bbox 926 3969 1047 4024; x_wconf 91' lang='lat' dir='ltr'>qua</span> <span class='ocrx_word' id='word_1_472' title='bbox 1100 3951 1323 4008; x_wconf 89' lang='lat' dir='ltr'>Latinis</span> <span class='ocrx_word' id='word_1_473' title='bbox 1386 3952 1667 4027; x_wconf 84' lang='lat' dir='ltr'>exprobat</span> <span class='ocrx_word' id='word_1_474' title='bbox 1725 3977 2207 4048; x_wconf 63' lang='lat' dir='ltr'>Conciliengesch,</span> <span class='ocrx_word' id='word_1_475' title='bbox 2237 3978 2330 4040; x_wconf 64' lang='lat' dir='ltr'>1v,</span> <span class='ocrx_word' id='word_1_476' title='bbox 2358 3989 2383 4044; x_wconf 60' lang='lat' dir='ltr'>g</span> <span class='ocrx_word' id='word_1_477' title='bbox 2413 3987 2531 4034; x_wconf 76' lang='lat'>548.</span> 
     </span>
    </p>
   </div>
   <div class='ocr_carea' id='block_1_16' title="bbox 389 4039 1664 4116">
    <p class='ocr_par' dir='ltr' id='par_1_16' title="bbox 389 4039 1664 4116">
     <span class='ocr_line' id='line_1_81' title="bbox 389 4039 1664 4116; baseline 0.002 -20"><span class='ocrx_word' id='word_1_478' title='bbox 389 4056 565 4096; x_wconf 85' lang='lat' dir='ltr'>usum</span> <span class='ocrx_word' id='word_1_479' title='bbox 597 4040 768 4116; x_wconf 87' lang='lat' dir='ltr'>panis</span> <span class='ocrx_word' id='word_1_480' title='bbox 801 4039 988 4115; x_wconf 83' lang='lat' dir='ltr'>azymi</span> <span class='ocrx_word' id='word_1_481' title='bbox 1031 4039 1096 4096; x_wconf 92' lang='lat' dir='ltr'>in</span> <span class='ocrx_word' id='word_1_482' title='bbox 1134 4039 1416 4097; x_wconf 88' lang='lat' dir='ltr'>sacrificio</span> <span class='ocrx_word' id='word_1_483' title='bbox 1450 4041 1664 4099; x_wconf 90' lang='lat' dir='ltr'>missae</span> 
     </span>
    </p>
   </div>
   <div class='ocr_carea' id='block_1_17' title="bbox 1802 4048 3001 4120">
    <p class='ocr_par' dir='ltr' id='par_1_17' title="bbox 1802 4048 3001 4120">
     <span class='ocr_line' id='line_1_82' title="bbox 1802 4048 3001 4120; baseline -0.001 -17"><span class='ocrx_word' id='word_1_484' title='bbox 1802 4054 1837 4120; x_wconf 85' lang='lat'>¹)</span> <span class='ocrx_word' id='word_1_485' title='bbox 1866 4048 1948 4103; x_wconf 89' lang='lat' dir='ltr'>Cf.</span> <span class='ocrx_word' id='word_1_486' title='bbox 1975 4051 2158 4105; x_wconf 87' lang='lat' dir='ltr'>fontes</span> <span class='ocrx_word' id='word_1_487' title='bbox 2185 4053 2243 4104; x_wconf 90' lang='lat' dir='ltr'>et</span> <span class='ocrx_word' id='word_1_488' title='bbox 2267 4050 2622 4103; x_wconf 82' lang='lat' dir='ltr'>literaturam</span> <span class='ocrx_word' id='word_1_489' title='bbox 2645 4051 2800 4118; x_wconf 87' lang='lat' dir='ltr'>apud</span> <span class='ocrx_word' id='word_1_490' title='bbox 2829 4049 3001 4102; x_wconf 84' lang='lat' dir='ltr'>wat-</span> 
     </span>
    </p>
   </div>
   <div class='ocr_carea' id='block_1_18' title="bbox 382 4120 2999 4210">
    <p class='ocr_par' dir='ltr' id='par_1_18' title="bbox 382 4120 2999 4210">
     <span class='ocr_line' id='line_1_83' title="bbox 382 4120 2999 4210; baseline 0.001 -26"><span class='ocrx_word' id='word_1_491' title='bbox 382 4128 654 4204; x_wconf 89' lang='lat' dir='ltr'>aliosque</span> <span class='ocrx_word' id='word_1_492' title='bbox 685 4147 834 4186; x_wconf 88' lang='lat' dir='ltr'>usus</span> <span class='ocrx_word' id='word_1_493' title='bbox 868 4128 1181 4205; x_wconf 85' lang='lat' dir='ltr'>liturgicos</span> <span class='ocrx_word' id='word_1_494' title='bbox 1198 4126 1263 4210; x_wconf 82' lang='lat'>¹).</span> <span class='ocrx_word' id='word_1_495' title='bbox 1296 4128 1505 4188; x_wconf 90' lang='lat' dir='ltr'>Latine</span> <span class='ocrx_word' id='word_1_496' title='bbox 1537 4148 1662 4188; x_wconf 89' lang='lat' dir='ltr'>eam</span> <span class='ocrx_word' id='word_1_497' title='bbox 1723 4120 1970 4174; x_wconf 67' lang='lat' dir='ltr'>terissh</span> <span class='ocrx_word' id='word_1_498' title='bbox 2022 4121 2128 4174; x_wconf 86' lang='grc' dir='ltr'>ΡΡ-</span> <span class='ocrx_word' id='word_1_499' title='bbox 2181 4138 2317 4175; x_wconf 78' lang='lat'>1&#39;0111·</span> <span class='ocrx_word' id='word_1_500' title='bbox 2369 4121 2521 4174; x_wconf 65' lang='lat' dir='ltr'>Vitae</span> <span class='ocrx_word' id='word_1_501' title='bbox 2585 4127 2720 4176; x_wconf 80' lang='lat'>1862</span> <span class='ocrx_word' id='word_1_502' title='bbox 2771 4121 2810 4183; x_wconf 63' lang='grc' dir='ltr'>Ῑ,</span> <span class='ocrx_word' id='word_1_503' title='bbox 2862 4128 2999 4176; x_wconf 79' lang='grc'>93·-</span> 
     </span>
    </p>
   </div>
   <div class='ocr_carea' id='block_1_19' title="bbox 386 4217 1665 4294">
    <p class='ocr_par' dir='ltr' id='par_1_19' title="bbox 386 4217 1665 4294">
     <span class='ocr_line' id='line_1_84' title="bbox 386 4217 1665 4294; baseline 0.002 -20"><span class='ocrx_word' id='word_1_504' title='bbox 386 4217 567 4275; x_wconf 91' lang='lat' dir='ltr'>vertit</span> <span class='ocrx_word' id='word_1_505' title='bbox 628 4218 998 4276; x_wconf 81' lang='lat' dir='ltr'>Humbertus</span> <span class='ocrx_word' id='word_1_506' title='bbox 1075 4218 1226 4278; x_wconf 90' lang='lat' dir='ltr'>card.</span> <span class='ocrx_word' id='word_1_507' title='bbox 1287 4219 1665 4294; x_wconf 89' lang='lat' dir='ltr'>ostenditque</span> 
     </span>
    </p>
   </div>
   <div class='ocr_carea' id='block_1_20' title="bbox 1722 4191 3000 4334">
    <p class='ocr_par' dir='ltr' id='par_1_20' title="bbox 1722 4191 3000 4334">
     <span class='ocr_line' id='line_1_85' title="bbox 1728 4191 3000 4263; baseline -0.003 -16"><span class='ocrx_word' id='word_1_508' title='bbox 1728 4197 1857 4251; x_wconf 75' lang='lat'>177:</span> <span class='ocrx_word' id='word_1_509' title='bbox 1905 4192 2264 4246; x_wconf 84' lang='lat' dir='ltr'>Potthast</span> <span class='ocrx_word' id='word_1_510' title='bbox 2308 4192 2868 4263; x_wconf 73' lang='lat' dir='ltr'>p.1424;H6f1er</span> <span class='ocrx_word' id='word_1_511' title='bbox 2908 4191 3000 4244; x_wconf 85' lang='lat' dir='ltr'>die</span> 
     </span>
     <span class='ocr_line' id='line_1_86' title="bbox 1722 4263 2999 4334; baseline -0.001 -19"><span class='ocrx_word' id='word_1_512' title='bbox 1722 4263 2036 4317; x_wconf 87' lang='lat' dir='ltr'>deutschen</span> <span class='ocrx_word' id='word_1_513' title='bbox 2079 4264 2302 4334; x_wconf 71' lang='lat' dir='ltr'>Papste,</span> <span class='ocrx_word' id='word_1_514' title='bbox 2343 4263 2713 4334; x_wconf 77' lang='lat' dir='ltr'>Regensburg</span> <span class='ocrx_word' id='word_1_515' title='bbox 2747 4269 2895 4319; x_wconf 81' lang='grc'><strong>1839.</strong></span> <span class='ocrx_word' id='word_1_516' title='bbox 2932 4263 2999 4324; x_wconf 81' lang='grc'>11,</span> 
     </span>
    </p>
   </div>
   <div class='ocr_carea' id='block_1_21' title="bbox 384 4305 3002 4476">
    <p class='ocr_par' dir='ltr' id='par_1_21' title="bbox 384 4305 3002 4476">
     <span class='ocr_line' id='line_1_87' title="bbox 384 4305 3000 4407; baseline 0.002 -26"><span class='ocrx_word' id='word_1_517' title='bbox 384 4305 669 4381; x_wconf 84' lang='lat' dir='ltr'>pontifici,</span> <span class='ocrx_word' id='word_1_518' title='bbox 722 4305 825 4382; x_wconf 67' lang='lat' dir='ltr'>qni</span> <span class='ocrx_word' id='word_1_519' title='bbox 877 4306 1180 4406; x_wconf 41' lang='lat' dir='ltr'>{aculeum</span> <span class='ocrx_word' id='word_1_520' title='bbox 1227 4324 1492 4407; x_wconf 51' lang='lat' dir='ltr'>semffone</span> <span class='ocrx_word' id='word_1_521' title='bbox 1539 4308 1664 4366; x_wconf 64' lang='lat'>¹⁰¹²·</span> <span class='ocrx_word' id='word_1_522' title='bbox 1725 4343 1748 4389; x_wconf 96' lang='lat' dir='ltr'>l</span> <span class='ocrx_word' id='word_1_523' title='bbox 1782 4352 1881 4392; x_wconf 70' lang='lat' dir='ltr'>ss:</span> <span class='ocrx_word' id='word_1_524' title='bbox 1910 4335 2242 4389; x_wconf 86' lang='lat' dir='ltr'>Brucker</span> <span class='ocrx_word' id='word_1_525' title='bbox 2269 4335 2531 4388; x_wconf 82' lang='lat' dir='ltr'>L&#39;Alsace</span> <span class='ocrx_word' id='word_1_526' title='bbox 2572 4337 2631 4388; x_wconf 90' lang='lat' dir='ltr'>et</span> <span class='ocrx_word' id='word_1_527' title='bbox 2653 4333 2886 4404; x_wconf 80' lang='lat' dir='ltr'>l‘Eglise</span> <span class='ocrx_word' id='word_1_528' title='bbox 2925 4351 3000 4387; x_wconf 81' lang='lat' dir='ltr'>au</span> 
     </span>
     <span class='ocr_line' id='line_1_88' title="bbox 386 4397 3002 4476; baseline 0.002 -23"><span class='ocrx_word' id='word_1_529' title='bbox 386 4414 530 4471; x_wconf 84' lang='lat' dir='ltr'>gum</span> <span class='ocrx_word' id='word_1_530' title='bbox 563 4397 937 4454; x_wconf 80' lang='lat' dir='ltr'>concinnavit</span> <span class='ocrx_word' id='word_1_531' title='bbox 967 4414 1315 4470; x_wconf 87' lang='lat' dir='ltr'>responsum</span> <span class='ocrx_word' id='word_1_532' title='bbox 1359 4415 1423 4454; x_wconf 88' lang='lat' dir='ltr'>m</span> <span class='ocrx_word' id='word_1_533' title='bbox 1469 4415 1546 4454; x_wconf 89' lang='lat' dir='ltr'>cc.</span> <span class='ocrx_word' id='word_1_534' title='bbox 1582 4407 1655 4458; x_wconf 87' lang='lat'>41</span> <span class='ocrx_word' id='word_1_535' title='bbox 1721 4409 1905 4476; x_wconf 89' lang='lat' dir='ltr'>temps</span> <span class='ocrx_word' id='word_1_536' title='bbox 1932 4406 2008 4460; x_wconf 86' lang='lat' dir='ltr'>du</span> <span class='ocrx_word' id='word_1_537' title='bbox 2038 4423 2183 4475; x_wconf 83' lang='lat' dir='ltr'>pape</span> <span class='ocrx_word' id='word_1_538' title='bbox 2213 4427 2253 4460; x_wconf 85' lang='lat' dir='ltr'>s.</span> <span class='ocrx_word' id='word_1_539' title='bbox 2281 4407 2433 4461; x_wconf 88' lang='lat' dir='ltr'>Leon</span> <span class='ocrx_word' id='word_1_540' title='bbox 2453 4408 2559 4464; x_wconf 78' lang='lat' dir='ltr'>IX:</span> <span class='ocrx_word' id='word_1_541' title='bbox 2587 4406 2918 4475; x_wconf 83' lang='lat' dir='ltr'>Strassburg</span> <span class='ocrx_word' id='word_1_542' title='bbox 2945 4409 3002 4458; x_wconf 92' lang='lat' dir='ltr'>et</span> 
     </span>
    </p>
   </div>
   <div class='ocr_carea' id='block_1_22' title="bbox 387 4477 3000 4558">
    <p class='ocr_par' dir='ltr' id='par_1_22' title="bbox 387 4477 3000 4558">
     <span class='ocr_line' id='line_1_89' title="bbox 387 4477 3000 4558; baseline -0.001 -17"><span class='ocrx_word' id='word_1_543' title='bbox 387 4483 770 4542; x_wconf 83' lang='lat' dir='ltr'>distinctum:</span> <span class='ocrx_word' id='word_1_544' title='bbox 833 4485 992 4558; x_wconf 90' lang='lat' dir='ltr'>quod</span> <span class='ocrx_word' id='word_1_545' title='bbox 1040 4487 1239 4543; x_wconf 90' lang='lat' dir='ltr'>tamen</span> <span class='ocrx_word' id='word_1_546' title='bbox 1299 4503 1420 4543; x_wconf 92' lang='lat' dir='ltr'>non</span> <span class='ocrx_word' id='word_1_547' title='bbox 1482 4485 1666 4544; x_wconf 87' lang='lat' dir='ltr'>fuisse</span> <span class='ocrx_word' id='word_1_548' title='bbox 1722 4477 1882 4530; x_wconf 68' lang='lat' dir='ltr'>Paris</span> <span class='ocrx_word' id='word_1_549' title='bbox 1927 4483 2063 4534; x_wconf 85' lang='grc'><strong>1889</strong></span> <span class='ocrx_word' id='word_1_550' title='bbox 2109 4484 2148 4530; x_wconf 74' lang='lat' dir='ltr'>t·</span> <span class='ocrx_word' id='word_1_551' title='bbox 2178 4479 2256 4539; x_wconf 72' lang='lat' dir='ltr'>II:</span> <span class='ocrx_word' id='word_1_552' title='bbox 2308 4478 2358 4532; x_wconf 88' lang='lat' dir='ltr'>J·</span> <span class='ocrx_word' id='word_1_553' title='bbox 2401 4477 2666 4531; x_wconf 70' lang='lat' dir='ltr'>Felten</span> <span class='ocrx_word' id='word_1_554' title='bbox 2707 4477 2819 4530; x_wconf 84' lang='lat' dir='ltr'>KL·</span> <span class='ocrx_word' id='word_1_555' title='bbox 2860 4477 3000 4539; x_wconf 84' lang='lat' dir='ltr'>VIL,</span> 
     </span>
    </p>
   </div>
   <div class='ocr_carea' id='block_1_23' title="bbox 389 4623 705 4630">
    <p class='ocr_par' dir='ltr' id='par_1_23' title="bbox 389 4623 705 4630">
     <span class='ocr_line' id='line_1_90' title="bbox 389 4623 705 4630; baseline 0 0"><span class='ocrx_word' id='word_1_556' title='bbox 389 4623 705 4630; x_wconf 95' lang='lat' dir='ltr'> </span> 
     </span>
    </p>
   </div>
   <div class='ocr_carea' id='block_1_24' title="bbox 1720 4547 2999 4684">
    <p class='ocr_par' dir='ltr' id='par_1_24' title="bbox 1720 4547 2999 4684">
     <span class='ocr_line' id='line_1_91' title="bbox 1726 4547 2999 4620; baseline -0.002 -17"><span class='ocrx_word' id='word_1_557' title='bbox 1726 4554 2105 4608; x_wconf 73' lang='lat'>1787—17952</span> <span class='ocrx_word' id='word_1_558' title='bbox 2182 4550 2591 4620; x_wconf 83' lang='lat' dir='ltr'>Prolegomena</span> <span class='ocrx_word' id='word_1_559' title='bbox 2641 4549 2702 4602; x_wconf 88' lang='lat' dir='ltr'>in</span> <span class='ocrx_word' id='word_1_560' title='bbox 2752 4547 2845 4601; x_wconf 83' lang='lat' dir='ltr'>Mi</span> <span class='ocrx_word' id='word_1_561' title='bbox 2862 4565 2999 4618; x_wconf 84' lang='lat' dir='ltr'>gne</span> 
     </span>
     <span class='ocr_line' id='line_1_92' title="bbox 1720 4619 2999 4684; baseline -0.001 -12"><span class='ocrx_word' id='word_1_562' title='bbox 1720 4620 1782 4672; x_wconf 89' lang='lat' dir='ltr'>P.</span> <span class='ocrx_word' id='word_1_563' title='bbox 1829 4620 1888 4673; x_wconf 93' lang='lat' dir='ltr'>L.</span> <span class='ocrx_word' id='word_1_564' title='bbox 1935 4621 2170 4684; x_wconf 86' lang='lat' dir='ltr'>CXLIII,</span> <span class='ocrx_word' id='word_1_565' title='bbox 2215 4626 2514 4678; x_wconf 78' lang='lat'>457—560.</span> <span class='ocrx_word' id='word_1_566' title='bbox 2567 4620 2712 4674; x_wconf 87' lang='lat' dir='ltr'>Hist.</span> <span class='ocrx_word' id='word_1_567' title='bbox 2750 4621 2836 4674; x_wconf 88' lang='lat' dir='ltr'>lit.</span> <span class='ocrx_word' id='word_1_568' title='bbox 2881 4619 2999 4682; x_wconf 82' lang='lat' dir='ltr'>VII,</span> 
     </span>
    </p>
   </div>
   <div class='ocr_carea' id='block_1_25' title="bbox 392 4687 2999 4832">
    <p class='ocr_par' dir='ltr' id='par_1_25' title="bbox 392 4687 2999 4832">
     <span class='ocr_line' id='line_1_93' title="bbox 469 4687 2999 4764; baseline 0.002 -24"><span class='ocrx_word' id='word_1_569' title='bbox 469 4693 503 4759; x_wconf 87' lang='lat'>¹)</span> <span class='ocrx_word' id='word_1_570' title='bbox 533 4687 775 4742; x_wconf 76' lang='lat' dir='ltr'>&#39;sextum</span> <span class='ocrx_word' id='word_1_571' title='bbox 826 4707 1093 4757; x_wconf 77' lang='lat' dir='ltr'>graecum</span> <span class='ocrx_word' id='word_1_572' title='bbox 1144 4691 1396 4762; x_wconf 87' lang='lat' dir='ltr'>primum</span> <span class='ocrx_word' id='word_1_573' title='bbox 1454 4707 1513 4744; x_wconf 91' lang='lat' dir='ltr'>re</span> <span class='ocrx_word' id='word_1_574' title='bbox 1559 4691 1668 4744; x_wconf 88' lang='lat' dir='ltr'>erit</span> <span class='ocrx_word' id='word_1_575' title='bbox 1720 4697 2005 4749; x_wconf 77' lang='lat'>459—472</span> <span class='ocrx_word' id='word_1_576' title='bbox 2032 4693 2200 4764; x_wconf 90' lang='lat' dir='ltr'>(etib.</span> <span class='ocrx_word' id='word_1_577' title='bbox 2221 4699 2323 4747; x_wconf 77' lang='lat'>485</span> <span class='ocrx_word' id='word_1_578' title='bbox 2335 4697 2504 4749; x_wconf 79' lang='lat'>--487</span> <span class='ocrx_word' id='word_1_579' title='bbox 2525 4692 2594 4746; x_wconf 90' lang='lat' dir='ltr'>de</span> <span class='ocrx_word' id='word_1_580' title='bbox 2621 4692 2691 4743; x_wconf 79' lang='lat' dir='ltr'>W</span> <span class='ocrx_word' id='word_1_581' title='bbox 2711 4692 2730 4744; x_wconf 90' lang='lat' dir='ltr'>i</span> <span class='ocrx_word' id='word_1_582' title='bbox 2749 4694 2828 4745; x_wconf 80' lang='lat' dir='ltr'>be</span> <span class='ocrx_word' id='word_1_583' title='bbox 2845 4709 2872 4743; x_wconf 89' lang='lat' dir='ltr'>r</span> <span class='ocrx_word' id='word_1_584' title='bbox 2889 4694 2999 4761; x_wconf 78' lang='lat' dir='ltr'>to);</span> 
     </span>
     <span class='ocr_line' id='line_1_94' title="bbox 392 4758 2796 4832; baseline 0.002 -21"><span class='ocrx_word' id='word_1_585' title='bbox 392 4758 441 4811; x_wconf 88' lang='lat' dir='ltr'>H</span> <span class='ocrx_word' id='word_1_586' title='bbox 458 4775 486 4811; x_wconf 91' lang='lat' dir='ltr'>e</span> <span class='ocrx_word' id='word_1_587' title='bbox 503 4777 530 4811; x_wconf 92' lang='lat' dir='ltr'>r</span> <span class='ocrx_word' id='word_1_588' title='bbox 546 4778 585 4830; x_wconf 86' lang='lat' dir='ltr'><strong>g</strong></span> <span class='ocrx_word' id='word_1_589' title='bbox 602 4776 630 4812; x_wconf 86' lang='lat' dir='ltr'>e</span> <span class='ocrx_word' id='word_1_590' title='bbox 649 4778 686 4812; x_wconf 90' lang='lat' dir='ltr'>n</span> <span class='ocrx_word' id='word_1_591' title='bbox 703 4777 731 4811; x_wconf 90' lang='lat' dir='ltr'>r</span> <span class='ocrx_word' id='word_1_592' title='bbox 746 4766 777 4813; x_wconf 80' lang='grc' dir='ltr'><em>ὃ</em></span> <span class='ocrx_word' id='word_1_593' title='bbox 795 4762 913 4814; x_wconf 90' lang='lat' dir='ltr'>the</span> <span class='ocrx_word' id='word_1_594' title='bbox 930 4779 957 4814; x_wconf 92' lang='lat' dir='ltr'>r</span> <span class='ocrx_word' id='word_1_595' title='bbox 984 4762 1280 4830; x_wconf 83' lang='lat' dir='ltr'>ediditque</span> <span class='ocrx_word' id='word_1_596' title='bbox 1308 4762 1369 4815; x_wconf 91' lang='lat' dir='ltr'>in</span> <span class='ocrx_word' id='word_1_597' title='bbox 1386 4779 1478 4832; x_wconf 89' lang='lat' dir='ltr'>op.</span> <span class='ocrx_word' id='word_1_598' title='bbox 1552 4763 1665 4818; x_wconf 55' lang='lat' dir='ltr'>fill</span> <span class='ocrx_word' id='word_1_599' title='bbox 1723 4763 1780 4817; x_wconf 87' lang='lat' dir='ltr'>C.</span> <span class='ocrx_word' id='word_1_600' title='bbox 1811 4762 1900 4815; x_wconf 82' lang='lat' dir='ltr'>Mi</span> <span class='ocrx_word' id='word_1_601' title='bbox 1919 4781 1945 4815; x_wconf 92' lang='lat' dir='ltr'>r</span> <span class='ocrx_word' id='word_1_602' title='bbox 1963 4765 1998 4817; x_wconf 95' lang='lat' dir='ltr'>b</span> <span class='ocrx_word' id='word_1_603' title='bbox 2013 4767 2038 4817; x_wconf 92' lang='lat' dir='ltr'>t</span> <span class='ocrx_word' id='word_1_604' title='bbox 2064 4763 2322 4818; x_wconf 87' lang='lat' dir='ltr'>Realenc.</span> <span class='ocrx_word' id='word_1_605' title='bbox 2351 4765 2472 4828; x_wconf 63' lang='lat'>211³,</span> <span class='ocrx_word' id='word_1_606' title='bbox 2498 4768 2796 4821; x_wconf 81' lang='grc'>379-386,</span> 
     </span>
    </p>
   </div>
  </div>
 </body>
</html>
