3505 5161
516 238 598 293 75
1188 228 1490 280 201—300.
1519 219 1817 276 Editiones
1845 237 2082 291 operum
2110 219 2472 275 Tertulliani.

3060 240 3138 291 76

506 409 661 467 liani
692 408 939 483 collecta
968 426 1139 484 saepe
1184 407 1537 484 prodierunt
1568 409 1698 469 edd.
1730 408 1799 469 B.
1856 408 2146 469 Robins
2166 427 2259 468 on
2291 408 2414 466 The
2444 407 2683 484 passion
2703 408 2768 465 of
2781 425 2826 466 s.
2847 408 3148 483 Perpetua

508 497 891 568 Rhenano,
925 496 1191 555 Basileae
1222 505 1376 560 1521
1406 518 1419 567 ;
1457 498 1800 558 Pamelio
1864 507 2049 569 1891,
2081 498 2173 560 ed.
2225 499 2495 556 accurata
2526 497 2591 554 in
2622 496 2799 554 Texts
2831 494 2948 554 and
2982 497 3140 556 stud.

508 586 1105 661 Antverpiae15793
1139 585 1519 662 Rigaltio,
1554 588 1800 647 Parisiis
1853 587 1900 655 1,
1951 597 2021 656 23
2085 588 2147 646 P.
2209 585 2547 645 Franchi
2607 586 2680 644 de
2727 584 3014 644 Cavalieri
3064 586 3144 643 La

518 684 705 745 1634,
760 678 935 733 aucta
968 674 1048 736 ib.
1106 684 1258 737 1641
1286 697 1298 743 ;
1359 687 1558 746 1664;
1608 677 1799 737 Vene-
1858 677 2057 735 Passio
2089 694 2166 734 ss.
2197 677 2526 751 Perpetuae
2557 678 2619 732 et
2649 673 2994 743 Felicitatis,
3029 673 3142 733 Ro·

506 764 613 823 tiis
682 774 886 833 17013
947 764 1166 822 melius
1237 772 1439 835 17443
1505 766 1801 825 Semler
1855 784 1983 824 mae
2022 774 2207 836 1896,
2242 764 2332 826 ed.
2364 764 2589 839 pariter
2640 763 2893 840 egregia.
2952 763 3033 821 cf.
3068 763 3143 820 de

508 852 693 911 Halae
724 861 1063 916 1769—76
1089 855 1131 917 t.
1159 852 1274 915 6in
1300 862 1365 924 83
1401 854 1800 914 Oberthfir
1857 854 1945 912 his
2015 855 2164 912 actis
2225 857 2462 930 praeter
2521 855 2793 911 auctores
2866 851 3141 911 laudatos

509 940 888 1018 wirceburgi
928 950 1093 1005 1780
1127 944 1171 999 t.
1209 951 1243 1003 2
1278 941 1344 1000 in
1379 952 1451 1014 83
1483 943 1798 1020 dequibus
1855 942 2205 1001 Ehrhard
2253 941 2329 1013 H,
2369 949 2746 1010 580—5863
2810 941 3142 999 Bardon-

512 1030 601 1089 ed.
635 1029 703 1089 cf.
738 1030 1319 1090 schoenemann
1353 1032 1497 1091 bibl.
1532 1032 1797 1095 Hist.1it.
1856 1032 2107 1091 hewer
2158 1030 2189 1097 ἓ
2247 1041 2324 1093 59
2376 1050 2434 1089 n.
2490 1041 2544 1093 8.
2604 1030 2830 1090 Eorum
2874 1033 3142 1088 actorum

510 1120 558 1189 Ι,
595 1128 844 1190 2--58;
878 1119 1059 1178 etiam
1089 1119 1247 1195 apud
1281 1119 1533 1198 Migne
1564 1122 1627 1180 P.
1662 1122 1724 1180 L.
1751 1123 1796 1193 Ι,

515 1217 681 1272 9-5
693 1218 747 1270 6.
780 1209 1008 1267 Harum
1041 1208 1375 1267 editionum
1406 1211 1579 1270 nulla
1610 1210 1797 1270 attin-

511 1297 601 1374 git
632 1298 1065 1356 accurationem
1098 1299 1161 1355 et
1190 1297 1573 1373 diligentiam
1618 1300 1796 1359 editi-

511 1406 695 1445 onum
727 1387 978 1445 aliorum
1013 1389 1270 1462 patrum,
1320 1406 1467 1462 quas
1512 1394 1798 1448 curarunt

510 1476 871 1534 Maurini.
933 1475 1266 1534 Recentiori
1312 1479 1506 1536 aetate
1536 1478 1641 1536 illa
1672 1478 1798 1536 edi-

512 1564 732 1623 derunt
777 1565 1111 1639 Leopold
1161 1565 1395 1642 Lipsiae
1452 1576 1784 1629 1839—41

510 1657 553 1715 t.
593 1662 627 1713 4
680 1654 745 1711 in
777 1653 1096 1711 Gersdorfii
1147 1653 1292 1712 bibl.
1343 1655 1454 1712 ΡΡ.
1502 1657 1641 1714 eccl.
1690 1657 1795 1714 lat.

510 1743 609 1801 scl.
644 1736 1130 1823 (vol.Iv—-VII);
1165 1743 1366 1817 Mign
1386 1762 1417 1801 e
1448 1744 1666 1803 Patrol.
1692 1745 1794 1805 lat.

510 1834 553 1889 t.
582 1842 636 1893 1.
660 1840 729 1895 2:
765 1831 1046 1889 Oehler
1077 1830 1307 1906 Lipsiae
1343 1841 1795 1896 1851—1854.

508 1924 553 1978 t.
591 1931 646 1989 3,
680 1920 786 1995 qui
818 1922 861 1977 t.
900 1929 953 1979 3.
987 1919 1226 1977 exhibet
1246 1920 1445 1996 plures
1476 1921 1614 1983 diss.
1650 1923 1793 1980 scri·

510 2011 754 2084 ptorum
788 2011 1059 2066 veterum
1089 2008 1154 2066 in
1187 2009 1641 2069 Tertullianum.
1676 2011 1796 2069 No-

512 2115 647 2156 vam
678 2096 767 2153 ed.
802 2097 996 2172 coepit
1026 2097 1136 2155 sub
1158 2098 1441 2173 auspiciis
1462 2099 1796 2158 academiae

513 2184 860 2243 viennensis
894 2185 1493 2259 Reifferscheid,
1542 2205 1660 2264 quo
1694 2189 1797 2246 de-

509 2274 717 2333 functo
782 2269 1010 2356 (1887)
1076 2293 1203 2332 eam
1255 2275 1686 2336 continuarunt
1731 2278 1796 2335 G.

515 2363 896 2431 Wissowa‚
931 2364 998 2420 A.
1033 2363 1630 2437 Reifferscheid,
1679 2366 1797 2424 fra-

511 2456 606 2510 ter
637 2452 920 2523 defuncti,
956 2455 1016 2509 et
1045 2451 1133 2508 W.
1168 2452 1476 2524 Hartel,
1514 2455 1616 2513 sed
1651 2474 1796 2513 non·

512 2541 655 2600 dum
675 2541 1079 2599 absolverunt.
1112 2541 1345 2601 Prodiit
1375 2543 1534 2602 enim
1559 2547 1796 2602 tantum

510 2650 567 2705 p.
608 2642 633 2693 1
676 2629 1251 2694 Vindobonae1890
1288 2652 1396 2692 seu
1413 2637 1456 2692 t.
1479 2633 1599 2692 XX.
1632 2635 1797 2709 Corp.

514 2719 714 2794 script.
748 2720 885 2778 eccl.
917 2719 1037 2790 lat„
1072 2720 1177 2795 qui
1209 2722 1625 2797 complectitur
1656 2723 1800 2780 haec

514 2807 829 2883 opuscula:
880 2809 963 2867 De
1010 2810 1378 2884 spectaculis,
1427 2811 1499 2869 de
1547 2811 1798 2868 idolola-

512 2898 644 2969 tria,
691 2897 766 2955 ad
808 2897 1084 2956 nationes
1129 2899 1192 2956 ll.
1230 2908 1285 2968 2,
1334 2898 1406 2957 de
1452 2899 1798 2958 testimonio

513 2985 759 3056 animae,
785 2986 1103 3061 Scorpiace‚
1138 2986 1211 3046 de
1231 2988 1516 3059 oratione,
1552 2988 1625 3046 de
1652 2990 1799 3064 bap-

510 3074 711 3146 tism0,
773 3075 844 3133 de
902 3075 1206 3150 pudicitia,
1283 3075 1356 3134 de
1410 3077 1660 3153 JejuniO,
1727 3077 1800 3135 de

511 3165 723 3222 anima.
776 3164 1153 3223 Recentiores
1185 3165 1430 3239 quidam
1460 3165 1577 3224 viri
1610 3166 1798 3224 critici

513 3273 650 3313 eum
680 3256 820 3329 post
850 3271 1012 3311 suam
1060 3253 1446 3312 defectionem
1497 3258 1798 3312 auctorem

514 3346 759 3400 censent
791 3340 1117 3400 celebrium
1163 3342 1448 3400 Actorum
1479 3361 1554 3401 ss.
1589 3343 1798 3416 Perpe-

513 3439 644 3488 tuae
675 3437 726 3486 et
760 3430 1094 3503 Felicitatis,
1144 3448 1294 3504 quae
1327 3433 1467 3505 post
1498 3430 1640 3488 alias
1673 3430 1800 3488 edi-

512 3519 706 3577 tiones
755 3517 1104 3592 prodierunt
1147 3519 1210 3576 in
1254 3519 1591 3577 Ruinart
1638 3519 1802 3576 Actis

511 3607 842 3683 primorum
912 3607 1065 3676 MM,
1146 3606 1571 3665 Amstelodami
1630 3618 1798 3670 1713

512 3715 569 3772 p.
597 3705 931 3763 90-119ς
974 3695 1798 3765 Gallandi11,167·188;

519 3784 775 3859 Migne
807 3784 868 3842 P.
892 3784 951 3842 L.
974 3782 1078 3853 111,
1111 3784 1581 3853 13——603inter
1601 3803 1800 3861 opusc.

517 3872 614 3933 SS.
647 3872 708 3934 P.
747 3892 782 3930 a
812 3871 984 3931 nobis
1017 3872 1175 3930 edita
1204 3873 1362 3944 XIII,
1420 3885 1441 3935 1
1466 3883 1800 3940 14-144;

1855 1123 2047 1179 exstat
2077 1124 2139 1178 et
2169 1120 2359 1179 versio
2390 1137 2617 1197 graeca,
2665 1122 2727 1177 et
2758 1118 3023 1177 recensio
3055 1119 3141 1176 la-

1853 1210 1982 1268 tina
2013 1210 2187 1285 longe
2232 1209 2486 1279 brevior,
2536 1207 2626 1266 ed.
2675 1207 2983 1283 originalis
3017 1208 3141 1283 epi-

1849 1298 2032 1357 tome.

1947 1485 2045 1539 34.
2088 1475 2457 1534 Tertulliano
2509 1475 2794 1552 magistro
2845 1475 3144 1551 gloriatur

1855 1565 2323 1642 gloriosissimus
2372 1568 2601 1640 martyr
2631 1563 2915 1623 Thascius
2948 1564 3141 1623 Caeci-

1852 1656 1971 1712 lius
2004 1653 2454 1729 CyprianuS,
2502 1654 2655 1711 circa
2684 1653 2857 1712 initia
2888 1671 3000 1713 seo.
3034 1652 3140 1711 III.

1851 1743 2226 1801 nobilissimo
2258 1761 2472 1818 genere
2505 1743 2563 1800 in
2588 1742 2802 1818 Africa,
2825 1742 2980 1800 forte
3002 1742 3139 1799 Car-

1851 1832 2112 1908 thagine,
2127 1831 2432 1900 oriundus,
2445 1831 2550 1906 qui
2570 1868 2597 1898 ,
2611 1831 2872 1906 primum
2884 1831 3143 1907 gloriose

1850 1920 2203 1979 rhetoricam
2254 1919 2454 1979 docuit
2469 1917 2534 2001 1),
2583 1919 2806 1990 exinde,
2853 1919 3143 1978 suadente

1852 2010 2204 2085 presbytero
2268 2009 2530 2079 Caecilio,
2597 2009 2959 2067 christianus
3025 2010 3141 2067 fac·

1852 2102 1953 2156 tus
1988 2095 2066 2177 (a.
2102 2094 2253 2179 246)
2288 2116 2520 2156 omnem
2542 2098 2940 2156 substantiam
2974 2114 3144 2156 suam

1852 2187 2213 2262 pauperibus
2245 2187 2529 2262 erogavit,
2563 2204 2628 2243 ac
2658 2205 2779 2244 non
2811 2190 2946 2262 post
2985 2188 3143 2244 mul-

1852 2281 1983 2334 tum
2017 2276 2302 2350 temporis
2323 2275 2590 2333 adlectus
2612 2275 2674 2332 in
2695 2275 3142 2351 presbyterium

1854 2366 2030 2423 etiam
2064 2365 2380 2439 episcopus
2413 2364 2884 2439 carthaginensis
2916 2366 3144 2423 consti-

1853 2457 2026 2511 tutus
2062 2456 2155 2511 est
2187 2448 2341 2533 (248
2376 2453 2472 2510 vel
2508 2456 2716 2526 249).‘
2781 2453 3145 2512 Decennium

1851 2542 2003 2601 rexit
2037 2541 2492 2619 vigilantissime
2525 2560 2764 2617 gregem
2793 2560 2972 2600 suum
2993 2545 3145 2600 tem-

1851 2651 1994 2709 pore
2026 2630 2550 2700 calamitosissim0‚
2583 2649 2721 2688 nam
2763 2635 2825 2688 et
2871 2633 3146 2689 saevissi-

1854 2740 1951 2779 ma
1981 2721 2138 2779 Decii
2170 2719 2503 2794 persecutio
2535 2719 2759 2778 multos
2802 2720 2875 2778 ad
2906 2720 3144 2795 lapsum

1853 2810 2104 2877 induxit,
2129 2809 2264 2866 hinc
2283 2809 2590 2883 lapsorum
2609 2807 2821 2866 turbae
2842 2811 2906 2865 et
2937 2827 3145 2867 eorum

1855 2899 2156 2957 occasione
2186 2897 2362 2954 triste
2394 2895 2662 2966 schisma,
2710 2899 2772 2955 et
2802 2897 2989 2972 pestis
3019 2917 3145 2956 ma·

1856 2988 2008 3045 xime
2039 2986 2237 3044 letalis
2271 2986 2443 3044 luctu
2473 2986 2669 3042 omnia
2713 2986 3049 3061 complevit,
3085 2990 3148 3044 et

1857 3077 2036 3133 fames
2070 3075 2311 3134 horrida
2343 3076 2460 3131 late
2494 3074 2703 3131 saeviit
2734 3092 3010 3149 novaque
3043 3093 3146 3132 ex-

1857 3168 1988 3223 orta
2032 3167 2124 3221 est
2169 3163 2521 3238 persecutio,
2570 3163 2632 3220 iu
2673 3181 2791 3237 qua
2842 3163 3145 3222 sanctissi-

1856 3271 1991 3311 mus
2053 3252 2293 3327 praesul
2354 3253 2592 3310 fortiter
2641 3270 2748 3326 pro
2798 3251 2913 3309 fide
2966 3270 3147 3311 suum

1860 3341 2015 3399 fudit
2047 3341 2395 3416 sanguinem
2439 3350 2532 3401 14.
2567 3341 2726 3415 Sept.
2765 3349 2909 3403 258.
2945 3341 3146 3415 Hujus

1857 3429 2097 3504 ingenii,
2129 3429 2328 3503 inquit
2371 3428 2893 3504 Hieronymus
2941 3429 2980 3487 l.
3028 3429 3146 3498 cit„

1938 3637 1972 3686 'l
2005 3634 2086 3684 lta
2115 3632 2247 3685 Hie
2269 3651 2626 3699 ronymus
2667 3651 2711 3687 e.
2741 3637 2825 3689 67.
2869 3633 3048 3686 Plura.
3076 3635 3148 3686 «le

1858 3705 1981 3772 ejus
2032 3704 2152 3756 vita
2206 3707 2403 3756 saneta
2453 3709 2510 3755 et
2560 3703 2810 3772 glorioso
2863 3706 3148 3774 martyrio

1856 3778 2055 3827 narrat
2081 3774 2188 3826 tibi
2217 3776 2259 3827 P
2277 3792 2309 3826 o
2327 3794 2362 3826 n
2382 3774 2498 3828 tiu
2516 3792 2558 3837 a,
2599 3775 2722 3843 ejus
2749 3774 3032 3829 diaconus
3059 3795 3150 3830 us·

1861 3864 1972 3915 que
1999 3847 2070 3898 ad
2098 3844 2247 3900 diem
2273 3845 2554 3915 passionis
2574 3863 2704 3898 cum
2725 3845 2850 3915 ipso
2877 3847 3147 3900 exsilium

1857 3917 2163 3978 sustineus,
2217 3917 2277 3969 iu
2328 3916 2557 3986 egregio
2608 3915 2921 3980 volumine,
2988 3918 3147 3986 quod

1858 3988 2013 4058 typis
2040 3988 2301 4040 dedimus
2330 4004 2518 4057 opusc.
2539 3987 2625 4039 Lt.
2643 3986 2748 4041 ΡΡ.
2772 3990 2811 4039 t.
2840 3996 2864 4042 1
2891 4008 2946 4058 p.
2974 3995 3147 4044 1—35

591 4061 630 4130 ¹)
660 4056 960 4128 Copiosarn
981 4058 1338 4112 literaturam
1360 4060 1429 4112 de
1447 4059 1802 4113 Tertulliano
1860 4058 2178 4128 Oeniponte
2211 4065 2376 4114 1968:
2423 4064 2559 4112 1888
2598 4058 2684 4110 ed.
2714 4067 2761 4112 4.
2814 4057 3151 4112 Conversio-

514 4129 753 4183 exhibet
792 4129 885 4182 Ba.
903 4130 1132 4183 rdenh
1150 4147 1178 4183 e
1197 4147 1339 4183 wer
1379 4141 1405 4195 g
1435 4136 1534 4191 50;
1580 4131 1649 4184 de
1678 4132 1804 4183 e‘us
1859 4147 1988 4182 nem
2043 4146 2204 4182 suam
2271 4128 2708 4194 mirabilemque
2758 4130 3149 4185 mutationem

515 4199 778 4255 doctrina
828 4202 951 4254 fuse
1000 4205 1187 4270 agunt
1236 4203 1277 4254 L
1294 4219 1333 4254 u
1352 4222 1403 4255 m
1423 4223 1459 4272 p
1477 4218 1505 4254 e
1523 4220 1551 4254 r
1593 4221 1648 4283 p.
1749 4203 1803 4261 1;
1859 4201 2072 4253 virtute
2091 4199 2363 4269 baptismi
2389 4198 2450 4250 in
2479 4215 2534 4251 se
2552 4200 2758 4251 factam
2781 4199 2905 4269 ipse
2924 4218 2966 4253 s.
2989 4218 3150 4272 prae-

517 4272 569 4324 N
589 4289 619 4324 0
639 4290 675 4325 11
694 4289 773 4338 ry
815 4275 856 4326 t.
905 4278 934 4325 :3
980 4271 1112 4326 diss.
1160 4282 1223 4332 4:
1262 4274 1558 4342 Mohuler
1596 4290 1659 4326 1n
1700 4289 1803 4327 sua
1861 4271 1947 4324 sul
1976 4271 2037 4323 in
2064 4289 2150 4341 ep.
2184 4281 2204 4325 1
2235 4273 2307 4323 ad
2331 4273 2594 4323 Donatum
2624 4270 2903 4324 rhetorice
2929 4277 3150 4336 narrat,

519 4343 741 4412 patrol„
770 4343 935 4412 plura
961 4343 1134 4397 etiam
1160 4344 1233 4396 ad
1254 4360 1379 4397 eam
1400 4344 1803 4397 illustrandam
1861 4360 2034 4411 quam
2075 4340 2321 4411 reperies
2348 4339 2552 4409 Opuse.
2583 4341 2727 4401 XXI,
2754 4347 2936 4398 3-24
2979 4343 3151 4396 Oeni-

517 4430 586 4466 ex
612 4412 787 4468 variis
813 4415 1145 4468 auctoribus
1185 4415 1417 4469 exhibet
1456 4415 1703 4484 Migne
1742 4414 1804 4467 in
1861 4417 2034 4484 ponte
2066 4418 2218 4468 1878.
2271 4408 2529 4464 Ceterum
2571 4410 2664 4463 hic
2704 4412 2947 4466 Pontius
2995 4413 3151 4468 alius

518 4501 623 4539 sua.
649 4484 767 4543 ed.;
796 4485 1104 4540 Nirschl
1130 4496 1156 4552 g
1179 4489 1246 4543 72
1274 4504 1343 4539 ss.
1373 4485 1806 4539 Controversias
1860 4502 1977 4537 esse
2023 4483 2256 4536 videtur
2293 4499 2326 4534 a
2369 4500 2410 4533 s.
2438 4481 2643 4533 Pontio
2680 4481 2753 4533 M.
2781 4481 3059 4538 Cimellae
3084 4485 3151 4538 iu

517 4555 802 4610 literarias
841 4556 910 4610 de
950 4558 1073 4626 ejus
1101 4558 1370 4628 operibus
1412 4558 1501 4611 vel
1541 4555 1806 4611 doctrina
1860 4555 2092 4625 alpibus
2140 4550 2460 4616 maritimis,
2510 4553 2675 4621 cujus
2723 4552 2901 4606 vitam
2947 4559 3154 4610 narrat

519 4626 829 4699 diligenter
870 4633 1121 4683 recenset
1162 4628 1205 4680 E
1222 4629 1261 4682 h
1278 4647 1307 4681 r
1323 4630 1360 4681 h
1377 4646 1455 4681 ar
1475 4629 1511 4680 d
1560 4629 1598 4686 Ι,
1634 4635 1733 4682 110
1752 4660 1800 4667 -
1861 4627 1984 4694 ejus
2006 4625 2191 4678 socius
2219 4623 2316 4674 Va
2334 4623 2352 4675 l
2369 4640 2440 4676 er
2456 4623 2476 4675 i
2492 4640 2529 4675 u
2548 4640 2573 4675 s
2598 4623 2752 4694 apud
2777 4623 2820 4674 B
2836 4626 2964 4679 alu
2982 4645 3011 4679 z
3028 4642 3060 4679 e
3087 4627 3151 4680 iu

530 4703 656 4756 113:
698 4700 765 4760 11.
808 4705 1122 4757 427—455:
1166 4701 1263 4752 Ha
1283 4717 1459 4752 rnac
1480 4700 1515 4750 k
1558 4699 1599 4751 1.
1629 4700 1799 4754 667—
1864 4697 2094 4750 Miscell.
2125 4697 2189 4758 Π,
2222 4701 2530 4751 124—140:
2557 4693 2618 4748 in
2647 4695 2768 4746 Act.
2796 4696 2886 4749 SS.
2910 4705 2994 4753 14.
3013 4699 3152 4766 Maj.

521 4776 643 4825 «587.
1869 4770 1958 4822 [ΙΙ.
1985 4770 2285 4823 274—279.
2587 4795 2596 4802 ·
3055 4777 3058 4780 ’
