3505 5161
546 256 628 309 32
639 254 674 308 3
1185 242 1485 293 851—900.
1517 237 1860 304 Interpretes
1887 253 1928 288 s.
1955 235 2297 305 Scripturae.
2325 236 2548 299 Heium,
3040 252 3115 306 32
3128 253 3165 304 4

548 424 738 484 mensi
800 420 899 505 (ut
960 444 992 482 a
1042 423 1554 499 Villalpando
1617 423 1834 480 Romae
1889 423 1951 482 ll.
1990 424 2113 482 sive
2162 423 2230 483 de
2260 442 2457 482 amore
2488 424 2738 481 coelestis
2758 425 3019 498 patriae,
3063 423 3168 480 Co·

558 524 753 585 15983
785 514 1126 589 Moguntiae
1156 522 1340 581 1614,
1363 512 1465 571 sed
1485 508 1830 592 immerito),
1887 513 2081 571 Ioniae
2123 523 2276 576 1531
2307 535 2320 583 ;
2355 513 2596 571 Parisiis
2641 522 2791 575 1531
2822 534 2836 582 3
2874 511 2976 569 sed
3006 510 3169 586 prior

546 605 639 663 vel
674 603 940 680 Remigio
972 601 1347 677 lugdunensi,
1394 602 1491 660 vel
1526 598 1831 681 (probabi·
1888 602 2296 677 inscriptionis
2327 621 2462 678 pars
2495 620 2614 660 non
2643 602 2896 677 quadrat
2927 600 2990 658 in
3023 618 3169 675 opus

546 689 691 775 lius)
724 691 1215 751 autissiodorensi
1246 690 1555 761 tribuitur,
1601 692 1830 766 Argen·
1888 695 1948 750 et
1992 691 2234 750 videtur
2276 711 2382 767 per
2426 709 2683 749 errorem
2726 689 3038 748 'l'rithemii
3084 689 3166 746 ir·

545 781 726 841 torati
787 792 984 851 1519;
1048 780 1291 838 Parisiis
1358 788 1558 850 1538;
1631 790 1828 849 155o;
1888 781 2173 858 repsisse;
2245 780 2429 839 altera
2490 799 2608 838 non
2670 781 2763 839 est
2824 780 3166 853 adaequata,

547 870 946 947 Expositionis
992 871 1056 927 in
1106 870 1497 946 Apocalypsin
1544 870 1608 930 B.
1660 869 1830 932 Joan.
1889 889 2027 929 nam
2074 871 2200 946 agit
2245 873 2452 929 auctor
2495 870 2533 928 1.
2585 880 2638 931 3.
2690 870 2760 927 de
2804 868 3167 945 purgatorio.

546 960 606 1017 ll.
640 959 772 1035 VII,
807 959 1062 1034 epitome
1093 959 1215 1016 fere
1247 958 1657 1017 commentarii
1688 960 1831 1016 Am·
1888 960 2073 1017 altero
2113 959 2329 1017 Christi
2374 959 2652 1029 adventu,
2700 964 2761 1017 et
2797 957 3028 1032 judicio
3073 975 3169 1014 ex·

546 1050 729 1108 brosii
804 1048 1209 1123 Autperti,
1290 1047 1558 1107 Coloniae
1633 1057 1830 1117 15:293
1887 1053 2094 1120 treme,
2129 1048 2200 1106 de
2232 1048 2462 1107 inferno
2495 1051 2604 1108 etc.
2654 1048 2783 1107 Non
2814 1047 3034 1105 desunt
3065 1046 3169 1121 qui

554 1148 752 1208 1531;
804 1137 1047 1196 Parisiis
1105 1146 1305 1205 15313
1367 1145 1565 1203 1535:
1629 1146 1827 1207 1540;
1888 1140 1996 1196 hoc
2026 1156 2175 1214 opus
2206 1138 2550 1209 adjudicent
2570 1136 2845 1194 Haimoni
2870 1134 3167 1209 juniori,

542 1246 697 1302 quae
730 1232 927 1285 tamen
960 1246 993 1284 a
1033 1226 1110 1284 Le
1151 1226 1692 1301 Boeuf·Remigio
1723 1245 1830 1283 au·
1886 1229 2058 1303 cujus
2121 1246 2300 1303 supra
2359 1227 2718 1285 mentionem
2769 1225 3033 1285 fecimus,
3083 1256 3169 1267 —-

543 1315 958 1375 tissiodorensi
996 1314 1386 1390 adjudicatur.
1420 1349 1505 1358 —
1541 1314 1827 1373 Homilia·
1888 1317 2127 1375 D‘Ach
2147 1335 2278 1392 ery
2325 1316 2551 1391 reperit
2580 1317 2641 1373 et
2670 1315 2911 1373 brevem
2943 1316 3017 1373 tr.
3049 1307 3172 1395 (vel

545 1424 679 1463 rum
714 1406 836 1463 sive
870 1403 1055 1462 mavis
1089 1422 1430 1462 sermonum
1476 1404 1548 1461 ad
1593 1404 1830 1479 plebem
1883 1405 2034 1464 forte
2070 1400 2496 1485 fragmentum)
2543 1406 2611 1462 de
2653 1420 2892 1477 corpore
2938 1410 2988 1461 et
3032 1421 3170 1460 san-

547 1512 729 1568 super
790 1492 1110 1569 Evangelia
1159 1493 1347 1551 totius
1421 1493 1561 1550 anni
1638 1492 1825 1551 domi·
1879 1495 2303 1572 quineDomini
2333 1493 2483 1551 forte
2503 1493 2720 1552 Joanni
2751 1493 2955 1551 Scotto
2987 1510 3172 1567 oppo-

547 1585 833 1653 uicarum,
890 1585 1230 1641 sanctorum
1262 1582 1668 1656 feriarumque
1700 1585 1827 1651 etc„
1888 1584 2094 1653 situm,
2145 1584 2210 1641 in
2257 1601 2376 1658 quo
2408 1583 2625 1641 realem
2658 1582 2920 1657 corporis
2955 1580 3172 1639 Christi

538 1690 689 1747 pars
719 1672 999 1747 hiemalia,
1049 1689 1199 1746 opus
1227 1671 1615 1746 praeclarum,
1658 1670 1827 1729 Colo·
1885 1671 2283 1749 praesentiam
2368 1676 2429 1729 et
2513 1670 3171 1729 transubstantiationis

545 1762 676 1819 niae
734 1770 933 1830 1532;
998 1760 1241 1818 Parisiis
1302 1770 1498 1828 1533;
1565 1760 1831 1835 reliquae
1888 1762 2102 1838 dogma
2152 1760 2338 1819 docet.
2405 1760 2634 1818 Prodiit
2682 1760 2745 1817 in
2792 1761 2925 1834 ejus
2971 1759 3172 1833 Spicil.

542 1856 667 1908 tres
700 1852 895 1925 partes
917 1849 1202 1907 dicuntur
1233 1867 1350 1907 non
1381 1852 1665 1924 repertae.
1710 1850 1829 1907 Ho-
1888 1850 2016 1918 XII,
2056 1859 2333 1913 27—30.
2381 1850 2588 1908 Utitur
2617 1853 2828 1907 auctor
2845 1847 3172 1925 generatim

547 1940 845 1997 miliarum
892 1938 1014 1996 sive
1060 1938 1408 1996 concionum
1448 1938 1828 2014 popularium
1892 1940 2032 1997 stilo
2066 1939 2317 2008 conciso,
2353 1939 2527 2008 clar0,
2577 1954 2684 2014 pro
2717 1938 2825 1996 ill'a
2855 1940 3048 1995 aetate
3079 1956 3170 1995 sa-

538 2047 691 2102 pen-s
736 2028 1028 2085 aestivalis
1074 2026 1298 2101 prodiit
1328 2027 1601 2085 Coloniae
1646 2037 1829 2089 1534.
1888 2030 1971 2086 tis
2021 2045 2202 2104 puro;
2267 2028 2325 2085 in
2379 2028 2502 2086 suis
2554 2027 2985 2086 commentariis
3034 2045 3172 2101 prae

547 2117 681 2174 Alia
727 2116 997 2174 collectio
1043 2115 1393 2173 inscribitur
1440 2115 1729 2174 Homiliae
1773 2116 1830 2173 d.
1891 2118 2106 2176 ceteris
2159 2116 2436 2189 sequitur
2485 2134 2722 2174 sensum
2770 2115 3048 2174 moralem
3113 2118 3174 2173 et

550 2205 859 2263 Haimonis
896 2223 985 2279 ep.
1007 2203 1531 2262 halberstadiensis
1551 2207 1613 2262 in
1633 2205 1828 2264 Evan-
1892 2206 2306 2283 allegoricum3
2358 2206 2617 2264 multum
2668 2205 2867 2263 utitur
2913 2207 3170 2279 patrum,

543 2295 693 2371 yelia
714 2294 1084 2352 dominicalia
1118 2312 1221 2368 per
1245 2294 1434 2351 totius
1467 2314 1517 2356 a.
1538 2294 1828 2352 circulum
1891 2294 2219 2372 Augustini
2239 2294 2604 2370 praesertim,
2628 2295 2885 2370 scriptiS,
2917 2311 3169 2368 quorum

545 2388 609 2440 et
668 2384 741 2441 de
802 2382 1022 2440 sanctis
1067 2382 1429 2457 quibusdam
1474 2382 1827 2457 praecipuis,
1888 2384 2247 2460 florilegium
2299 2383 2553 2441 exhibet.
2632 2383 2823 2458 Opera
2870 2384 2999 2457 ejus
3047 2381 3167 2439 col-

551 2491 699 2545 quae
717 2471 945 2546 prodiit
964 2470 1236 2530 Coloniae
1254 2472 1513 2547 primum
1535 2470 1596 2544 (f.
1618 2482 1640 2534 1
1661 2482 1737 2534 53
1757 2470 1829 2548 1),
1885 2477 2039 2532 lecta
2069 2473 2248 2530 habes
2282 2473 2345 2530 in
2377 2473 2578 2549 Mign
2598 2491 2629 2531 e
2662 2472 2724 2529 T.
2745 2472 2808 2535 L.
2840 2476 2886 2534 t.
2908 2469 3168 2530 CXVI——

545 2561 689 2620 dein
735 2560 973 2619 Parisiis
1029 2569 1192 2624 1539
1246 2564 1375 2632 etv„
1430 2579 1580 2634 quae
1630 2564 1830 2619 tamen
1887 2561 2136 2623 CXVIII.

544 2651 767 2709 dicitur
796 2650 1007 2708 Haim
1026 2651 1195 2709 onis
1226 2650 1533 2725 cujusdam
1547 2651 1828 2725 junioris,

548 2740 817 2799 monachi
869 2743 930 2797 et
979 2739 1212 2798 abbatis
1263 2738 1694 2816 hirsaugiensis
1746 2736 1831 2819 (fl.
1979 2751 2126 2804 450.
2170 2741 2647 2818 Angelomus
2699 2740 2764 2796 Ο.
2818 2740 2875 2801 S.
2925 2741 3064 2798 Ben.
3109 2739 3171 2797 in

560 2826 782 2911 1091):
829 2829 924 2886 cui
970 2829 1187 2886 Hauk
1234 2829 1353 2889 KG.
1399 2828 1832 2886 Deutschlands
1890 2830 2250 2889 monasterio
2281 2829 2634 2899 luxoviensi,
2675 2828 2895 2887 ibidem
2927 2826 3172 2887 celebris

549 2923 591 2974 t.
625 2919 680 2975 II
728 2917 1150 2976 commentaria
1183 2935 1362 2992 supra
1393 2916 1634 2976 laudata
1664 2918 1832 2993 adju·
1889 2919 2120 2976 Mellini
2154 2919 2499 2994 discipulus,
2534 2917 2908 2992 aliquamdiu
2940 2917 3173 2975 scholae

545 3007 723 3064 dicat.
789 3007 964 3082 Apud
998 3007 1089 3063 Mi
1109 3024 1251 3082 gne
1284 3005 1533 3075 CXVIII,
1572 3017 1775 3070 9--81
1798 3017 1830 3069 5
1889 3008 2185 3083 palatinae
2205 3007 2540 3065 moderator
2570 3005 2630 3075 (†
2649 3025 2695 3064 c.
2720 3002 2896 3084 855),
2930 3005 3172 3080 reliquit

551 3099 849 3170 comparet
910 3094 1173 3153 collectio
1237 3095 1635 3153 Homiliarum
1710 3096 1834 3153 sive
1891 3097 2379 3155 commentarium
2443 3098 2505 3152 in
2557 3095 2804 3153 Genesin
2867 3114 2987 3153 non
3036 3113 3172 3170 pro-

548 3185 896 3242 concionum
930 3186 993 3241 in
1023 3185 1336 3261 annyelia
1370 3183 1442 3241 de
1473 3188 1741 3260 tempore
1774 3187 1835 3243 et
1890 3186 2077 3243 lixum
2129 3185 2385 3261 vestigia
2431 3201 2702 3260 premens
2753 3203 2799 3246 s,
2847 3183 3173 3260 Augustini

551 3273 767 3331 sanctis
802 3318 814 3330 .
850 3318 861 3331 .
898 3317 909 3329 .
944 3292 1076 3348 pars
1108 3277 1362 3348 utraque
1396 3273 1450 3335 h.
1479 3292 1528 3336 e.
1560 3273 1834 3332 hiemalis
1892 3278 1954 3332 et
2001 3292 2240 3332 sensum
2286 3273 2630 3349 praesertim
2663 3272 2949 3331 moralem
2980 3291 3171 3348 perse·

551 3367 610 3418 et
676 3362 999 3420 aestivalis:
1062 3362 1323 3437 adjectae
1377 3367 1521 3420 sunt
1569 3363 1834 3437 ejusdem
1893 3381 2099 3437 quens,
2181 3363 2336 3421 Citat
2387 3363 2686 3420 versiones
2736 3361 3172 3432 Theodotionis,

554 3450 856 3509 Haimonis
890 3451 1169 3509 homiliae
1202 3452 1436 3525 aliquot
1467 3451 1614 3508 aliae
1647 3452 1710 3509 in
1744 3471 1834 3526 ep.
1894 3452 2162 3528 Symachi
2184 3453 2245 3509 et
2264 3451 2531 3526 Aquilae,
2565 3453 2636 3509 ut
2665 3450 2943 3508 ostendat
2972 3469 3169 3509 eorum

552 3540 606 3596 d.
661 3540 829 3597 Pauli
880 3558 970 3614 ap.
1022 3542 1130 3602 etc.
1184 3541 1362 3614 juxta
1423 3541 1513 3600 ed.
1564 3540 1835 3599 Coloniae
1893 3562 1927 3599 a
1990 3541 2259 3599 versione
2319 3538 2700 3599 alexandrina
2748 3539 3169 3607 differentiam3

564 3638 743 3690 1536.
811 3627 1103 3686 Homiliae
1135 3629 1317 3703 partis
1351 3628 1621 3686 hiemalis
1655 3629 1836 3704 hujus
1893 3630 2184 3689 rationem
2216 3629 2395 3687 etiam
2442 3628 2625 3687 habet
2654 3628 3050 3687 traditionum
3074 3628 3170 3703 ju-

553 3716 919 3775 collectionis
961 3735 1022 3775 se
1055 3717 1275 3776 habent
1306 3720 1505 3775 tamen
1539 3717 1610 3775 ad
1645 3718 1835 3776 homi·
1894 3719 2211 3782 (laicarum.
2306 3718 2566 3776 Hortatu
2626 3717 2883 3776 Leotrici
2945 3717 3171 3776 abbatis

552 3806 660 3862 lias
693 3805 1058 3864 collectionis
1080 3807 1272 3881 primo
1306 3806 1431 3864 loco
1463 3807 1736 3865 laudatae
1767 3809 1840 3865 ut
1894 3807 1987 3865 sui
2021 3809 2158 3865 ante
2190 3828 2238 3866 a.
2263 3816 2383 3869 833
2411 3806 2484 3864 ad
2506 3807 2614 3865 hoc
2646 3825 2708 3865 se
2728 3807 2988 3865 accinxit
3006 3824 3168 3882 opuS,

552 3913 755 3952 earum
775 3895 1066 3969 epitomes
1101 3914 1207 3954 seu
1238 3894 1613 3969 compendia:
1652 3914 1837 3970 quare
1895 3896 2053 3970 quod
2086 3896 2224 3954 Pez
2255 3895 2445 3954 edidit
2476 3896 2537 3953 in
2570 3896 2722 3959 thes.
2741 3895 2946 3954 anecd.
2976 3895 3171 3954 novis·

553 3983 707 4041 ratio
754 3987 847 4042 est
892 3984 962 4042 de
1009 3984 1188 4059 hujus
1235 3984 1575 4060 posterioris
1628 3985 1838 4044 collec-
1897 3986 2121 4053 simol,
2179 3997 2228 4056 1,
2278 3994 2601 4048 43—238.
2635 4018 2721 4029 —
2752 3983 3169 4043 Enarratioues

553 4073 733 4130 tionis
766 4073 1140 4149 genuiuitate
1172 4072 1506 4134 dubitandi.
1565 4074 1838 4132 Ceterum
1896 4093 2003 4133 seu
2036 4076 2393 4134 Strommata
2424 4076 2485 4131 in
2516 4075 2575 4131 ll.
2612 4074 2849 4149 Reyum,
2891 4093 3041 4149 quas
3071 4092 3168 4148 ag·

552 4162 859 4220 Haimonis
881 4162 1156 4220 homiliae
1182 4161 1456 4238 indigent
1479 4161 1550 4220 ad
1571 4163 1687 4220 huc
1708 4166 1838 4221 stu·
1897 4181 2139 4239 gressus
2190 4165 2283 4220 est
2329 4162 2713 4221 hortantibus
2762 4162 3064 4221 sodalibus
3113 4163 3170 4218 et

555 4252 651 4309 dio
685 4251 907 4310 critico.
940 4284 1027 4295 -—
1054 4252 1353 4309 Historiae
1382 4269 1590 4309 sacrae
1622 4250 1838 4330 (usque
1894 4251 2166 4310 Drodone
2210 4251 2422 4311 abbate
2469 4247 2700 4330 (postea
2743 4251 3021 4327 episcopo
3052 4269 3168 4309 me-

554 4340 624 4397 ad
659 4339 834 4398 finem
882 4358 992 4398 sec.
1025 4336 1128 4420 IV)
1176 4341 1412 4414 epitome
1456 4334 1550 4421 (ex
1598 4341 1835 4399 Euse-
1892 4341 2053 4398 tensi
2085 4338 2121 4407 †
2156 4337 2308 4420 855)
2341 4340 2520 4398 fratre
2538 4340 2825 4399 Ludovici
2845 4340 2955 4399 Pii.
3003 4341 3168 4398 Prae-

556 4429 711 4497 bio,
757 4428 1076 4496 Rufino,
1124 4447 1195 4486 ex
1240 4428 1488 4487 historia
1533 4429 1840 4512 tripartita
1894 4434 1985 4487 ter
2006 4447 2246 4487 sensum
2265 4429 2617 4487 historicum
2639 4428 2895 4487 rimatur
2927 4432 2989 4488 et
3018 4427 3170 4505 typi-

556 4516 810 4592 aliisque
843 4515 1261 4595 scriptoribus)
1312 4517 1435 4575 sive
1468 4518 1538 4575 de
1570 4518 1839 4576 christia·
1897 4536 2047 4586 cum,
2083 4536 2201 4594 quo
2236 4516 2387 4576 facta
2406 4517 2747 4576 reseruntur
2777 4517 2848 4575 ad
2884 4517 3167 4593 praefigu-

555 4624 765 4663 narum
812 4623 1010 4664 rerum
1043 4606 1325 4664 memoria
1356 4606 1417 4665 ll.
1451 4606 1517 4675 X,
1568 4607 1839 4666 Coloniae
1896 4606 2078 4665 randa
2138 4607 2453 4682 mysteria,
2528 4624 2678 4680 quae
2740 4605 3044 4682 pertinent
3099 4603 3168 4661 ad

570 4703 765 4762 15313
809 4705 1006 4763 1600;
1049 4693 1403 4752 Helmstadii
1445 4706 1646 4765 16173
1678 4696 1838 4772 Lug·
1897 4695 2194 4755 Christum
2241 4698 2301 4752 et
2348 4694 2683 4753 Ecclesiam.
2759 4695 2915 4753 Hinc
2961 4710 3166 4771 magno

560 4780 708 4836 duni
740 4791 903 4843 1650
940 4783 1027 4839 ed.
1051 4783 1289 4857 optima.
1322 4816 1406 4825 —
1440 4783 1523 4840 De
1555 4785 1841 4842 varietate
1862 4833 1870 4861 ,
1895 4784 2088 4860 elogio
2121 4783 2192 4842 de
2211 4803 2278 4843 eo
2298 4785 2631 4860 loquuntur
2663 4784 2786 4842 Six
2807 4791 2933 4843 tus
2965 4801 3166 4842 senen-
