3505 5161
402 249 527 303 2⁰9
1187 233 1219 286 J
1226 248 1496 295 uvencus,
1523 231 1901 301 Triphyllius‚
1928 233 1960 285 J
1967 235 2232 303 osephus.
2893 254 2962 307 21
2981 257 3015 307 0

399 439 511 479 nus
527 421 862 497 presbyter,
887 424 1147 497 quatuor
1165 419 1488 497 Evangelia
1507 420 1680 479 hexa-
1738 424 1865 480 rate
1896 438 2018 484 cur.
2035 421 2123 483 W.
2156 422 2411 480 Brand
2427 440 2460 480 e
2477 439 2524 494 s,
2557 423 3022 501 Braunschweig

399 509 606 568 metris
640 509 915 569 versibus
944 527 1095 587 pene
1114 510 1188 568 ad
1208 510 1452 569 verbum
1487 514 1683 567 tmns-
1749 518 1931 573 1887.
1950 510 2183 569 Floruit
2196 510 2505 570 «Iuvencus
2527 512 2682 570 circa
2700 531 2750 571 a.
2773 521 2917 575 330.
2934 546 3021 558 -

399 599 594 658 ferens
655 602 918 674 quatuor
968 599 1157 660 libros
1205 594 1679 677 composuitz‘l)
1741 598 2296 675 ‚Triphyllius
2341 599 2515 676 Cypri
2559 599 2849 661 ledrensis
2895 603 3021 661 sive

397 688 557 763 quod
574 688 981 758 ,laboriosum
996 707 1148 764 opus
1175 706 1292 747 non
1320 687 1679 763 spernimus,
1737 688 2116 748 Leucotheon
2136 688 2470 765 episcopus,
2493 689 3020 765 eloquentissimus

396 777 500 836 sed
531 778 880 848 miramur‚‘
914 778 1168 856 legimus
1198 778 1263 837 in
1284 776 1499 840 decret.
1524 776 1597 836 de
1619 776 1680 839 ll.
1738 795 1882 837 suae
1912 778 2125 841 aetatis
2157 782 2220 837 et
2251 778 2364 838 sub
2395 796 2537 856 rege
2558 779 2906 839 Constantio
2927 798 3020 839 ce-

399 868 574 943 recip.
636 867 872 926 Gelasio
921 868 1169 927 tributo,
1233 867 1541 942 Specimen
1589 867 1683 925 est
1738 867 2091 926 leben-imus
2141 867 2276 926 fuit.
2327 867 2469 946 Legi
2520 870 2650 944 ejus
2683 870 2746 927 in
2783 868 3022 928 Cantica

397 955 738 1015 harmonice
787 956 1180 1033 evangelicae,
1243 956 1387 1015 olim
1435 954 1680 1015 historia
1742 956 2598 1017 Camicorumcommentarios.
2618 958 2697 1016 Et
2708 959 3025 1018 multaalia

398 1045 1305 1122 evanqelicainscriptum‚inquo
1316 1046 1680 1104 Matthaeum
1737 1046 2143 1122 composuisse
2205 1046 2414 1116 fertur,
2480 1064 2631 1122 quae
2693 1047 2758 1106 in
2809 1065 3022 1107 manus

398 1154 534 1195 eum
567 1153 673 1210 pro
704 1135 1154 1211 opportunitate
1197 1153 1267 1194 ex
1312 1135 1448 1193 aliis
1479 1134 1681 1194 tribus
1737 1138 1974 1195 nostras
1990 1135 2238 1194 minime
2253 1139 2710 1212 pervenerunt.‘
2744 1136 3024 1196 ItaHie·

397 1224 723 1301 evangeliis
801 1224 1088 1299 supplens
1134 1228 1197 1281 et
1250 1224 1551 1299 complens
1586 1240 1677 1281 se·
1738 1242 2106 1301 ronymus
2153 1224 2228 1284 de
2271 1225 2417 1284 viris
2461 1225 2548 1287 ill.
2581 1244 2627 1285 c.
2666 1235 2764 1289 92.
2827 1226 3022 1303 Hujus

398 1313 622 1389 quitur.
660 1314 826 1390 Opus
857 1317 985 1372 arte
1014 1313 1243 1390 poetica
1285 1306 1678 1393 confectumss)
1738 1313 2045 1390 scriptoris
2077 1332 2249 1373 nemo
2271 1317 2538 1373 veterum
2571 1315 2867 1392 meminit,
2906 1315 3024 1374 nisi

398 1421 612 1479 magno
633 1403 770 1461 usui
791 1404 855 1460 et
870 1402 935 1460 in
950 1402 1139 1478 pretio
1156 1402 1487 1461 erstmedio
1507 1415 1681 1461 aevo:
1738 1403 1935 1463 obiter
1965 1402 2003 1461 S
2020 1420 2149 1462 ozo
2166 1422 2224 1461 m
2241 1421 2386 1462 enu
2403 1422 2432 1461 s
2463 1404 2535 1468 Η,
2569 1403 2632 1461 Ε.
2655 1404 2700 1475 1,
2730 1415 2798 1467 11
2831 1426 2844 1472 ;
2879 1405 3023 1463 scri-

398 1496 459 1551 et
474 1490 1681 1569 propterilludanounemineipse„Virgi-
1738 1496 1979 1567 ptorum
2011 1510 2150 1551 vero
2181 1492 2420 1551 nullum
2471 1491 2771 1567 reliquum
2806 1496 2915 1562 est,
2950 1511 3024 1552 ne

399 1581 518 1640 lius
548 1581 950 1640 christianus«
983 1584 1076 1640 est
1104 1582 1419 1640 salutatus.
1454 1580 1686 1639 Prodiit
1739 1581 2141 1658 fragmentum
2186 1580 2445 1658 quidem.
2491 1615 2578 1624 ——-—-
2611 1581 2879 1642 Exeunte
2911 1600 3024 1641 sec.

398 1671 596 1729 curaA
613 1690 645 1729 r
660 1688 692 1728 e
709 1689 746 1727 v
763 1670 861 1728 ali
881 1670 1099 1729 Romae
1121 1679 1304 1738 1792,
1318 1670 1408 1730 ed.
1424 1669 1680 1747 egregia,
1740 1670 1837 1730 IV.
1869 1670 2141 1730 floruisse
2192 1670 2433 1729 videtur
2463 1671 2502 1728 J
2517 1690 2553 1729 o
2568 1688 2595 1729 s
2613 1688 2645 1729 e
2659 1690 2699 1748 p
2717 1672 2756 1729 h
2771 1690 2810 1731 u
2828 1690 2856 1730 s
2887 1672 3023 1746 qui-

397 1766 635 1834 recepta
663 1778 699 1817 a
730 1758 935 1837 Mign
953 1778 985 1819 e
1016 1760 1080 1816 Ρ.
1114 1760 1176 1817 L.
1206 1760 1356 1829 XIX,
1410 1768 1681 1828 1———3953
1741 1760 1893 1829 dam,
1920 1759 2175 1836 scriptor
2194 1759 2366 1834 plane
2387 1760 2653 1837 ignotus,
2676 1778 2852 1835 quem
2872 1779 3023 1820 non-

399 1848 665 1907 Marold
689 1848 920 1924 Lipsiae
951 1850 1475 1921 18863Huemer
1507 1847 1683 1907 Vien-
1740 1867 1914 1907 nemo
1967 1867 2078 1907 sec.
2128 1848 2194 1906 X.
2258 1850 2563 1926 assignare
2608 1849 2808 1920 vellet,
2853 1850 3025 1925 cujus

399 1957 509 1996 nse
548 1947 706 2001 1891
748 1938 814 1995 in
845 1955 1002 2013 corp.
1023 1956 1132 1999 scr.
1154 1939 1292 1997 eccl.
1312 1939 1413 1996 lat.
1433 1942 1479 1998 t.
1498 1936 1685 1996 XXIV
1739 1938 1883 1996 liber
1911 1938 2267 1997 memorialis
2296 1940 2356 1997 in
2405 1937 2468 1997 V.
2488 1945 2539 1996 et
2571 1938 2649 2002 N.
2675 1938 2734 2000 Τ.
2769 1956 2878 1997 seu
2898 1938 3025 2014 epi·

397 2030 507 2085 etc.
571 2026 789 2086 Eodem
844 2032 1035 2085 metro
1065 2028 1355 2086 nonnulla
1385 2027 1461 2085 ad
1493 2035 1683 2087 sacra-
1740 2030 1899 2086 tome
1960 2027 2251 2102 quaedam
2298 2028 2693 2103 complectens
2739 2027 3024 2087 brevibus

397 2120 738 2175 mentorum
755 2116 1020 2175 ordinem
1036 2116 1404 2191 pertinentia
1424 2116 1684 2193 scripsit,
1739 2117 2045 2192 responsis
2075 2134 2171 2175 res
2220 2117 2484 2192 potiores
2536 2136 2581 2175 s.
2624 2117 2961 2192 Scripturas
2995 2135 3028 2174 a

399 2223 550 2280 quae
581 2209 782 2263 tamen
813 2205 1142 2280 perierunt.
1206 2206 1401 2264 Dubia
1445 2204 1687 2264 videtur
1743 2206 1787 2263 'I'
1805 2205 2140 2265 heodoro
2170 2205 2612 2282 archiepiscopo
2625 2197 3025 2265 cantuariensi

276 2314 297 2329 ·
402 2294 667 2353 Historia
681 2297 880 2352 veteris
894 2294 1686 2370 Testamentiusqueadmor-
1741 2314 1778 2353 a
1800 2304 1924 2358 670
1960 2294 2025 2353 in
2056 2294 2276 2371 Anglia
2305 2295 2524 2354 allatus
2557 2297 2753 2354 exstat
2784 2295 2848 2353 in
2879 2295 3023 2357 bibl.

399 2388 521 2443 tem
536 2383 1488 2460 Josuspariterseriptavmibus,
1508 2402 1685 2458 quam
1743 2383 2107 2443 Gallandi
2139 2387 2183 2442 t.
2216 2383 2349 2441 XIV
2381 2387 2443 2443 et
2473 2384 2537 2442 in
2571 2384 2825 2460 Migne
2860 2385 2920 2446 P.
2957 2384 3023 2445 G.

398 2473 639 2532 exhibet
670 2472 891 2531 Pitra
921 2473 984 2532 in
1017 2472 1336 2550 Spicilegio
1371 2473 1605 2533 solesm.
1638 2473 1684 2542 Ι,
1744 2473 1882 2543 cvl,
1927 2483 2245 2537 15—176.

407 2571 784 2626 171—261:
843 2562 1106 2622 Genesim
1134 2563 1258 2639 jam
1306 2564 1685 2622 Arevnlus

401 2651 465 2711 in
498 2669 608 2711 sua
637 2652 727 2711 ed.
760 2654 987 2711 Auctor
1031 2653 1083 2711 si
1129 2668 1248 2710 non
1289 2667 1383 2712 est
1426 2653 1554 2727 ipse
1586 2652 1686 2711 Iu·
1844 2661 1982 2714 115.
2020 2651 2320 2720 Quosdam
2365 2652 2762 2723 nominemus,
2815 2652 2919 2727 qui
2952 2653 3025 2710 de

403 2758 641 2812 ven-trus,
674 2741 896 2816 aliquis
936 2743 1091 2801 forte
1122 2746 1217 2800 est
1246 2761 1316 2801 ex
1351 2742 1477 2801 suis
1509 2741 1687 2800 disci·
1744 2742 1782 2798 h
1802 2741 2497 2800 istoriaecclesiastica
2512 2746 2878 2800 meruerunt.
2897 2741 3024 2798 Pri-

402 2830 564 2907 pulis
612 2831 707 2888 vel
739 2832 794 2889 ei
828 2830 1125 2906 aequalis:
1174 2830 1565 2908 probabiliter
1596 2833 1689 2890 est
1744 2848 1879 2889 mus
1911 2830 2172 2888 occurrit
2201 2830 2585 2889 Eusebius
2616 2849 2650 2887 a
2669 2830 2825 2898 sede,
2848 2848 3026 2905 quam

403 2919 776 2996 Cypriani
809 2920 972 2997 galli,
1008 2920 1079 2978 de
1111 2939 1231 2995 quo
1250 2920 1421 2979 infra.
1443 2954 1530 2964 —
1550 2919 1685 2979 Oar—
1743 2919 1959 2988 tenuit,
2023 2919 2411 2979 caesariensis
2425 2913 2473 2999 ¹)
2553 2919 3025 2995 cognominatus,

402 3026 537 3067 men
585 3009 843 3086 elegum,
894 3009 1150 3085 politum
1214 3014 1275 3069 et
1331 3010 1573 3069 doctum
1620 3010 1690 3067 de
1744 3008 1838 3066 vir
1884 3024 2021 3066 vere
2070 3008 2360 3077 eruditus
2411 3007 2518 3082 qui
2567 3008 2780 3066 merito
2813 3007 3030 3076 ,Pater

403 3098 675 3156 laudibus
705 3098 946 3158 Domini
979 3094 1259 3179 (Migne
1292 3100 1330 3159 l.
1365 3118 1411 3158 c.
1445 3119 1501 3174 p.
1528 3107 1684 3161 379-
1745 3096 2028 3156 historiae
2043 3096 2472 3155 ecclesiasticae
2488 3103 2534 3166 ‘,
2568 3100 2629 3154 et
2649 3096 3028 3166 ,Herodotus

408 3183 560 3264 395)
611 3186 865 3246 dubium
928 3188 1022 3247 vel
1074 3187 1525 3265 supposititium
1577 3189 1686 3259 est,
1743 3186 2149 3245 christianus‘
2197 3189 2290 3245 est
2335 3185 2688 3262 appellatus.
2756 3185 3028 3244 Nominis

404 3275 716 3351 scriptoris
731 3279 931 3336 tamen
950 3277 1235 3352 aequalis.
1268 3276 1499 3337 Prodiit
1517 3294 1686 3336 accu-
1743 3280 1943 3334 tamen
1993 3275 2242 3351 gloriam
2293 3275 2510 3345 favore,
2564 3292 2740 3349 quem
2791 3274 3028 3332 Arianis

1746 3364 2060 3440 impendit,
2095 3369 2156 3423 et
2186 3363 2402 3441 agendi
2432 3363 2678 3432 ratione,
2716 3382 2893 3438 quam
2925 3363 3026 3421 ad-

1747 3471 1954 3513 versus
1986 3471 2031 3515 s,
2052 3453 2444 3513 Athanasium
2466 3451 2746 3523 ostendit,
2769 3451 3032 3528 turpiter

1746 3542 2081 3602 maculavit.
2143 3543 2342 3602 Patria
2388 3541 2504 3600 fuit
2556 3541 2919 3617 palaestinus
2971 3560 3031 3604 n.

484 3522 517 3588 ἢ)
558 3517 786 3574 Hiero
806 3537 1067 3588 nymus
1112 3519 1181 3573 de
1224 3519 1327 3574 vir.
1362 3518 1691 3574 illustribus

405 3606 526 3659 cap.
543 3597 629 3645 84.
660 3591 743 3645 Cf.
769 3589 816 3644 G
834 3607 863 3644 e
881 3592 918 3646 b
932 3609 958 3646 s
974 3608 1003 3645 e
1019 3609 1048 3645 r
1074 3591 1206 3645 diss.
1227 3591 1296 3645 de
1318 3590 1552 3645 iuvenci
1568 3590 1690 3644 vita

405 3659 604 3715 Gesch.
626 3660 1233 3727 derLit.desMA.1‚2‚
1254 3672 1307 3720 l:
1334 3662 1689 3718 Schroedl

404 3729 517 3784 KL.
542 3731 640 3798 VI,
668 3740 809 3792 2076
826 3737 1040 3792 -2078.
1824 3735 1862 3802 ¹)
1891 3730 2186 3802 Distingui
2211 3732 2285 3784 ab
2311 3747 2376 3783 eo
2403 3730 2574 3783 debet
2601 3729 2643 3782 E
2664 3748 2699 3782 u
2717 3747 2742 3783 s
2758 3746 2787 3783 e
2807 3728 2874 3783 bi
2895 3747 2930 3781 u
2948 3746 2972 3781 s
3000 3746 3032 3781 a

479 3807 520 3873 ²)
550 3803 690 3859 Dass
714 3805 817 3860 das
843 3805 1091 3861 Gedicht
1128 3805 1220 3859 bei
1260 3822 1319 3860 so
1348 3820 1552 3886 engcm
1581 3806 1690 3857 An·
1746 3804 1878 3857 sede
1905 3801 2446 3858 nicomediensis
2473 3802 2687 3860 dictum
2705 3800 2809 3869 qui
2824 3817 3032 3869 magna

405 3873 626 3931 schluss
650 3892 727 3930 an
753 3877 865 3931 den
892 3876 1038 3931 Text
1068 3875 1234 3931 nicht
1257 3894 1369 3931 nur
1395 3875 1690 3930 fliessende
1746 3875 2046 3928 fruebatur
2071 3873 2261 3944 gratia
2276 3876 2333 3926 et
2348 3872 2690 3926 auctoritate
2717 3871 2875 3943 apud
2893 3871 3032 3926 Con·

406 3942 594 4010 Verse‚
636 3948 879 4003 sondern
924 3947 1272 4003 dichterisch
1312 3948 1520 4003 echone
1562 3946 1689 4000 Par·
1746 3945 2026 3999 stantium
2054 3945 2209 4014 imp„
2237 3961 2351 4013 qua
2377 3943 2617 4014 pessime
2645 3946 2729 3998 est
2743 3945 2956 3998 abusus
2971 3942 3032 3996 in

406 4015 522 4071 tien
564 4020 805 4084 eathalt,
848 4019 925 4074 ist
961 4020 1057 4075 ein
1082 4019 1300 4074 Beweis
1340 4019 1433 4073 fflr
1472 4018 1564 4072 die
1595 4018 1692 4072 Be·
1748 4017 1873 4071 Arii
1917 4016 2170 4070 favorem
2218 4020 2275 4069 et
2317 4018 2515 4070 contra
2560 4033 2602 4068 s.
2649 4014 3032 4068 Athanasium

480 4090 644 4162 bung
671 4092 790 4146 und
807 4092 918 4145 den
933 4091 1373 4146 ausdauernden
1394 4090 1574 4145 Fleiss
1594 4089 1693 4144 des
1748 4092 1796 4161 (†
1818 4095 1914 4145 341
1949 4089 2040 4143 vel
2057 4090 2200 4158 342).
2228 4085 2528 4140 Praeditus
2554 4087 2679 4139 erat
2704 4085 3032 4152 eloquentia

461 4158 686 4227 'chters,
711 4179 773 4217 so
799 4164 930 4217 dass
954 4179 1090 4217 man
1115 4162 1281 4218 nicht
1304 4161 1414 4216 mit
1440 4162 1696 4216 Unrecht
1748 4163 1808 4214 et
1831 4160 1894 4213 in
1920 4160 2089 4212 rebus
2116 4156 2381 4227 gerendis
2409 4156 2739 4227 sagacitate.
2793 4154 3031 4235 Nullum

406 4229 497 4285 die
523 4233 730 4289 Arbeit
752 4235 919 4288 einen
947 4236 1109 4290 labor
1129 4251 1232 4306 pro
1308 4233 1544 4288 modum
1571 4233 1692 4287 her·
1746 4230 1989 4299 reliquit
2011 4245 2155 4300 opus
2180 4247 2278 4283 :su
2356 4231 2521 4282 rsunt
2540 4230 2769 4281 tantum
2788 4242 2817 4279 e
2862 4227 3033 4280 istola

407 4304 606 4359 culeus
630 4310 891 4376 genennt
915 4306 1020 4361 hat
1044 4306 1112 4376 (D
1129 4250 1322 4361 augeo
1349 4305 1484 4360 hist.
1521 4304 1692 4359 revel.
1749 4306 1807 4357 et
1832 4319 1920 4373 ep.
1947 4301 2022 4355 ad
2049 4300 2250 4354 Arium
2333 4302 2684 4380 agmentum.
2713 4296 2797 4351 Cf.
2884 4297 3032 4378 ritz

407 4373 540 4440 div„
568 4375 946 4432 Vindobonae
979 4383 1114 4435 1867
1140 4377 1335 4449 XVII).
1372 4377 1458 4431 Ita
1486 4375 1692 4430 Christ.
1748 4374 1860 4428 KL.
1888 4373 1984 4437 IV,
2018 4379 2182 4432 1009;
2239 4368 2923 4425 Fabricius-Harless
2972 4387 3033 4421 ιιι

408 4445 643 4502 Pesch
684 4448 953 4504 zeitschr.
994 4449 1087 4502 fiir
1126 4447 1287 4503 kath.
1329 4447 1526 4502 Theol.
1557 4452 1693 4504 1886
1749 4444 2368 4517 bib1.gr.V11‚335-418‚
2387 4439 2949 4523 qu·i·p.409·amplius
2968 4447 3035 4520 65)

409 4517 474 4582 X,
500 4525 637 4580 235;
682 4520 727 4573 B
744 4520 1077 4575 ardenhe
1094 4536 1236 4574 wer
1261 4529 1289 4586 ς
1314 4526 1385 4576 88
1408 4538 1465 4572 n.
1499 4524 1545 4581 1,
1591 4517 1692 4587 qui
1747 4517 1892 4571 alios
1932 4518 2232 4570 enumerat
2269 4513 2498 4568 Eusebu
2539 4527 2770 4566 nomme
2798 4528 3034 4591 insigm-

409 4591 682 4647 testatur:
733 4591 829 4646 Bis
869 4591 980 4647 tief
1017 4591 1107 4645 ins
1134 4590 1465 4645 Mittelalter
1491 4589 1693 4645 hinein
1750 4593 1856 4644 tos.
1883 4588 2103 4643 Ibidem
2130 4587 2203 4640 ad
2231 4583 2640 4641 ostendendam
2659 4581 2893 4637 Eusebii
2913 4598 3035 4635 eru-

408 4660 509 4714 hat
551 4662 652 4717 das
692 4662 870 4717 Werk
915 4663 1036 4718 sich
1082 4679 1304 4733 grosser
1344 4660 1695 4718 Beliebtheit
1749 4660 2028 4715 ditionem
2058 4657 2419 4729 scriptorum,
2447 4674 2591 4725 quos
2631 4655 2775 4708 citat
2802 4654 2892 4708 vel
2917 4654 3034 4707 lau-

409 4734 622 4788 erfrent
675 4733 792 4789 und
834 4734 1153 4789 zahlreiehe
1194 4734 1692 4804 Nachahmungen
1749 4732 1865 4795 dat,
1893 4733 2181 4800 catalogos
2208 4731 2351 4784 bene
2368 4730 2572 4799 longos
2592 4724 2823 4782 exhibet
2840 4745 2893 4795 p.
2911 4726 3035 4781 372-

409 4806 715 4873 gefunden.
1751 4810 1886 4862 394;
1915 4808 2215 4859 346-364,
