3505 5161
393 228 517 282 429
1129 211 1330 265 Petrus
1358 213 1759 282 chrysologus,
1786 210 2068 267 Maximus
2096 209 2270 265 turin.
2880 230 3004 284 430

390 394 624 481 (Imola)
656 398 721 457 in
752 397 1008 457 Aemilia
1039 416 1086 455 c.
1118 416 1167 457 a.
1205 408 1350 466 406,
1389 400 1452 458 et
1481 419 1516 456 a
1544 399 1667 475 pri·
1725 398 1870 474 Ejus
1935 416 2249 469 sermones,
2294 416 2443 474 quos
2499 398 2625 475 jam
2684 398 3010 475 collegerat

391 507 487 546 ma
508 488 832 563 juventute
851 486 1119 547 Cornelio
1149 487 1424 563 episeopo
1457 487 1670 546 adhae-
1726 487 1945 547 Felix
1972 488 2018 561 ²)
2051 488 2183 563 ejus
2214 490 2420 564 postea
2439 504 2738 547 successor
2760 481 2823 569 (7
2837 496 3009 550 08—

390 577 487 646 sit,
522 595 698 652 quam
733 576 810 635 ob
840 595 966 636 rem
999 576 1071 635 de
1102 595 1171 636 eo
1195 576 1453 636 scribere
1469 577 1672 653 potuit
1729 571 1904 657 717),
1937 579 1999 635 et
2027 578 2341 637 ornaverat
2356 577 2623 653 prologo,
2656 575 3010 651 prodierunt

390 684 562 725 serm.
619 674 738 729 165
792 684 882 725 n.:
947 665 1296 734 ,Cornelius
1355 666 1670 725 memoriae
1725 683 1871 724 cura
1916 665 1982 728 D.
2028 665 2216 724 Mite
2258 665 2559 724 Bononiae
2612 675 2811 736 15343
2857 684 3009 741 quae

388 754 759 814 beatissimae
791 798 804 811 .
838 798 851 812 .
886 798 900 813 .
949 757 1117 830 pater
1161 755 1307 814 mihi
1350 756 1489 827 suit,
1540 755 1669 831 ipse
1724 754 1816 818 ed.
1865 755 2026 814 intra
2074 772 2184 814 sec.
2235 772 2424 830 usque
2473 754 2548 813 ad
2603 762 2765 818 1636
2813 753 3009 813 decies

388 862 482 902 me
526 862 633 920 per
661 843 1049 921 Evangelium
1081 844 1311 921 genuit,
1358 844 1485 920 ipse
1531 844 1668 920 pius
1726 843 1947 919 septies
1979 842 2098 902 fuit
2120 861 2359 914 recusa;
2393 843 2523 906 Seb.
2555 843 2784 902 Pauli
2817 841 3007 902 Vene-

388 933 654 1009 piissime
684 933 959 1005 nutrivit,
1006 932 1134 1008 ipse
1180 936 1420 993 sanctus
1467 935 1671 993 sancta
1724 932 1828 990 tiis
1881 941 2047 996 1705
2096 933 2162 991 in
2209 932 2280 1001 ἧς
2329 934 2640 1010 Augustae
2683 931 2752 992 V.
2806 941 3007 1003 17583

387 1021 658 1081 instituit
688 1022 996 1093 servitute,
1027 1021 1154 1098 ipse
1185 1023 1454 1097 pontifex
1486 1023 1670 1081 sacris
1725 1021 1981 1098 Migne
2013 1021 2077 1078 in
2108 1022 2171 1080 P.
2209 1021 2271 1084 L.
2301 1024 2346 1085 t.
2377 1020 2500 1092 LII,
2540 1029 2817 1084 9-681,
2879 1020 3007 1079 Li-

389 1111 611 1170 obtulit
669 1113 731 1170 et
786 1111 1150 1170 consecravit
1197 1111 1549 1175 altaribus.‘
1616 1113 1668 1170 A
1724 1109 1998 1169 verani
2047 1111 2112 1168 in
2144 1110 2465 1187 Spicilegio
2495 1110 2826 1180 Liberiano,
2873 1110 3006 1169 Flo-

388 1200 657 1260 Cornelio
687 1201 921 1259 creatus
953 1203 1045 1260 est
1082 1200 1365 1261 diaconus
1411 1205 1474 1260 et
1516 1218 1669 1270 mox,
1727 1199 1955 1258 rentiae
2007 1208 2173 1263 1863
2220 1219 2279 1275 p.
2325 1208 2669 1262 125-203
2721 1198 3008 1258 lectiones

385 1307 507 1348 non
526 1289 653 1349 sine
673 1288 780 1348 Dei
797 1293 971 1358 nutu,
993 1290 1066 1347 ut
1083 1288 1302 1360 ferunt,
1323 1309 1359 1349 a
1377 1289 1542 1348 Sixto
1563 1289 1666 1347 111.
1724 1288 2024 1348 variantes
2055 1288 2129 1346 ad
2176 1305 2478 1347 sermones
2516 1289 2645 1364 jam
2690 1287 2898 1357 editos,
2948 1290 3009 1346 et

387 1379 612 1438 electus
657 1382 719 1437 et
763 1377 1073 1437 ordinatus
1105 1381 1199 1437 est
1230 1378 1292 1437 in
1322 1379 1667 1455 episcopum
1730 1387 1765 1440 9
1800 1395 1986 1436 novos
2019 1394 2318 1437 sermones
2351 1376 2604 1437 exhibet.

384 1469 877 1526 ravennatensem
926 1462 1002 1549 (a.
1056 1462 1230 1549 433).
1294 1468 1440 1527 Erat
1468 1470 1669 1527 autem

383 1559 532 1615 tunc
574 1556 853 1616 Ravenna
899 1556 1073 1616 sedes
1122 1557 1357 1632 imperii
1402 1556 1667 1616 occiden-
1819 1564 1963 1617 242.
1997 1555 2278 1631 Aequalis
2325 1572 2370 1613 s.
2403 1554 2568 1613 Petri
2611 1552 2733 1612 fuit
2777 1572 2823 1612 s.
2856 1555 3007 1613 Ma-

385 1646 541 1717 talis,
590 1643 699 1704 ubi
744 1645 1199 1705 Valentinianus
1230 1644 1337 1708 111.
1384 1664 1520 1705 cum
1568 1644 1671 1720 pia
1724 1644 1975 1703 ximus
2000 1639 2069 1723 ²),
2118 1644 2272 1703 forte
2316 1662 2363 1705 c.
2396 1652 2522 1707 430
2558 1643 2749 1702 factus
2781 1643 3008 1719 episco-

386 1735 515 1810 ejua
563 1737 751 1793 matre
800 1733 1061 1794 Placidia
1108 1733 1423 1796 residebat.
1500 1733 1669 1793 Illico
1723 1751 1839 1809 pus
1870 1733 2253 1803 taurinensis,
2308 1732 2586 1810 egregius
2631 1732 2807 1808 plane
2839 1751 3005 1807 prae-

386 1823 598 1882 Petrus
628 1824 864 1882 muneri
895 1824 1180 1900 pastorali
1211 1841 1275 1883 se
1306 1823 1471 1883 dedit
1501 1841 1666 1900 egre·
1724 1823 1823 1880 sul
1842 1821 1977 1881 fidei
1997 1822 2121 1882 zelo
2140 1821 2552 1897 virtutumque
2573 1820 2774 1879 studio
2793 1821 3006 1879 ardens

386 1912 620 1989 giisque
640 1912 1020 1972 concionibus
1052 1916 1340 1989 populum
1375 1911 1667 1981 instituit,
1727 1906 1790 1993 (†
1810 1928 1858 1974 c.
1880 1913 2050 1985 465),
2083 1911 2255 1986 cujus
2288 1913 2617 1985 supersunt
2646 1911 2914 1968 homiliae
2944 1913 3008 1968 et

386 2001 532 2060 vitia
590 2004 684 2059 est
732 2020 1050 2077 aggressus
1097 2006 1277 2079 atque
1338 2002 1411 2061 ad
1475 2001 1667 2060 omnis
1723 2018 2033 2075 sermones,
2054 2000 2260 2059 breves
2279 1999 2402 2059 fere
2426 2009 2569 2069 230,
2592 2006 2876 2058 tractatus
2899 2001 3002 2075 56,

385 2090 631 2150 virtutis
713 2089 980 2149 studium
1045 2091 1327 2161 accendit,
1397 2091 1542 2150 adeo
1605 2091 1668 2148 in
1723 2089 2125 2165 expositiones
2149 2097 2229 2152 23
2264 2090 2334 2147 de
2363 2090 2636 2164 capitulis
2666 2088 3004 2165 Evangelio·

387 2178 632 2237 dicendo
692 2178 922 2249 ardens,
972 2181 1046 2238 ut
1091 2198 1232 2255 prae
1281 2179 1512 2239 fervore
1555 2197 1668 2238 vox
1722 2196 1876 2253 rum,
1925 2179 1990 2237 in
2023 2177 2245 2253 quibus
2275 2177 2462 2254 polite
2493 2180 2554 2236 et
2585 2177 2837 2253 copiose,
2884 2177 3006 2235 ele-

385 2267 475 2326 illi
521 2267 824 2326 interdum
872 2267 1165 2329 defecerit.
1243 2269 1568 2344 Postquam
1615 2287 1666 2331 a.
1721 2270 1935 2343 gauter
1978 2268 2040 2327 et
2080 2284 2330 2326 nervose
2374 2265 2624 2337 disserit,
2675 2266 3001 2325 doctrinam

395 2366 468 2419 18
521 2374 761 2433 gregem
812 2374 992 2415 suum
1035 2356 1217 2417 verbo
1277 2361 1339 2417 et
1397 2357 1667 2432 exemplo
1722 2356 2077 2415 catholicam
2109 2354 2365 2415 fideliter
2394 2355 2640 2431 exponit
2685 2356 2865 2430 atque
2910 2373 3004 2413 so-

385 2444 718 2505 laetissimo
748 2445 905 2504 rexit
934 2444 1220 2521 prosectu,
1270 2463 1454 2505 annos
1487 2448 1666 2505 natus
1722 2445 1843 2503 lide
1893 2444 2324 2504 haereticorum
2384 2444 2641 2503 conterit
2699 2461 2927 2503 errores
2938 2443 3007 2519 ³).

384 2534 625 2595 nonnisi
660 2544 740 2598 45
777 2534 981 2594 dolore
1014 2535 1282 2595 omnium
1298 2535 1572 2613 piissime
1602 2534 1665 2593 in
1723 2534 1864 2594 Post
1906 2534 2112 2611 plures
2157 2533 2245 2593 ed.
2294 2531 2666 2609 imperfectas
2716 2533 2807 2595 ed.
2836 2551 3006 2609 prae-

385 2624 635 2683 Domino
668 2624 819 2683 obiit
846 2623 1235 2700 probabiliter
1270 2634 1325 2688 3.
1360 2625 1492 2688 Dec.
1519 2635 1596 2689 45
1609 2638 1663 2688 0.
1722 2623 2150 2683 stantissimam
2200 2626 2261 2682 et
2304 2625 2597 2698 quantum
2643 2621 2770 2681 fieri
2806 2624 3008 2698 potuit

386 2712 721 2788 Supersunt
768 2717 908 2789 post
956 2713 1159 2791 gravia
1205 2714 1329 2773 fata
1381 2732 1667 2773 sermones
1721 2713 2073 2788 completam
2099 2712 2331 2771 curavit
2349 2713 2552 2770 Bruno
2585 2711 2857 2780 Bruni,
2893 2711 3005 2769 Ro-

384 2802 618 2861 circiter
674 2812 793 2866 160
863 2801 1021 2861 haud
1071 2802 1287 2878 prolixi
1337 2804 1545 2878 majori
1596 2821 1662 2860 ex
1719 2801 2582 2876 mael784‚mcusaaMigne
2603 2800 2666 2857 P.
2687 2799 2748 2858 L.
2769 2799 3004 2864 t.LVlI‚

384 2893 549 2967 parte
581 2891 657 2949 de
685 2891 954 2950 textibus
985 2910 1030 2950 s.
1063 2891 1417 2968 Scripturas,
1468 2891 1663 2950 rarius

383 2979 456 3038 de
487 2980 780 3057 dogmate.
848 2980 1048 3039 Genus
1080 2980 1320 3040 dicendi
1355 2982 1450 3039 est
1493 2997 1663 3039 accu-

383 3070 578 3128 ratum
629 3071 692 3127 ef,
735 3069 1079 3144 expolitum,
1129 3069 1341 3146 figuris
1386 3071 1662 3128 ornatum
1719 3058 1873 3130 Dap
1891 3079 1928 3130 p
1946 3076 1974 3112 e
1995 3076 2022 3110 r
2048 3058 2149 3112 der
2174 3058 2231 3112 h.
2259 3057 2460 3111 Petrus
2488 3057 2635 3116 Chr..
2663 3057 2811 3113 Koln
2839 3061 3004 3118 1867}

382 3175 513 3216 cum
547 3158 979 3217 sententiarum
1000 3159 1294 3234 gravitate
1326 3160 1506 3235 atque
1537 3177 1661 3216 ma-
1720 3132 1846 3256 {otlff
1860 3129 2132 3254 {233ng
2147 3128 3005 3269 ἰρὲξξδξιιόἕῗξοέῖὲἔὲᾐῗὲγξ

372 3246 594 3321 jest’af'e
627 3246 961 3306 verborum·
1006 3279 1094 3288 “““
1140 3245 1226 3305 Ex
1273 3249 1526 3321 ⁶P²⁶⁸²⁰l⁸⁸³
1559 3264 1660 3305 ⁸¹²·
1718 3271 2502 3341 Fessler-Jungmann
2530 3279 2557 3336 5
2582 3277 2688 3326 215
2716 3288 2815 3330 sss-3
2844 3269 3000 3323 Bar-

380 3337 581 3411 perest
608 3337 844 3395 tantum
878 3336 1186 3411 perbrevis
1223 3336 1299 3395 ad
1329 3336 1657 3412 Eutychen,
1717 3344 1754 3397 d
1772 3343 1958 3397 enhe
1975 3359 2119 3397 wer
2166 3350 2194 3409 9
2235 3346 2305 3399 97
2344 3359 2401 3394 ιι.
2442 3351 2492 3407 4,
2544 3340 2764 3396 Nirsc
2781 3342 2857 3397 hl
2906 3343 3002 3406 ΙΙΙ,

380 3424 486 3499 qui
517 3443 552 3482 a
581 3423 863 3483 Flaviano
894 3442 986 3501 ep.
1018 3425 1659 3501 constantinopolitano
1716 3425 1744 3482 5
1773 3423 1878 3471 218
1903 3431 1977 3474 ⁸*
2019 3414 2078 3468 C·
2104 3412 2277 3481 Wey
2292 3429 2452 3467 man
2492 3432 2561 3467 ΖΠ
2595 3412 2796 3467 Petrus
2831 3412 3003 3482 Chry·

380 3512 695 3572 d⁸m¹¹⁸tu⁸
718 3507 901 3597 (448)
922 3513 1099 3572 etiam
1133 3512 1208 3571 ad
1240 3514 1436 3590 ipsum
1460 3532 1659 3573 recur-
1717 3484 3001 3628 wlggffieincgthffiffffiisuffisffffi&afficit-2112³

380 3604 553 3674 rent»
601 3602 704 3660 sed
748 3621 816 3661 0⁸
860 3604 954 3661 ⁰⁸¹²
985 3602 1204 3661 Summi
1235 3603 1521 3662 momenti
1552 3622 1659 3679 Pro
1717 3628 1873 3697 quod
1900 3627 2179 3682 coecitate
2203 3627 2470 3682 laborans
2495 3627 2787 3683 absolvere
2804 3628 2896 3682 vel
2913 3645 3002 3681 ex-

379 3691 608 3792 romani
627 3690 889 3767 episcopi
914 3690 1195 3767 primatu,
1230 3690 1373 3766 quia
1404 3692 1659 3793 haereti-
1714 3699 1926 3824 {olii-e·
1968 3715 2082 3754 non
2131 3701 2340 3782 posset,
2403 3698 2578 3753 morti
2640 3699 3002 3770 propinquus

379 3797 512 3838 eum
557 3780 729 3838 illum
777 3779 852 3837 ad
896 3779 1232 3838 cathedram
1278 3781 1658 3855 apostolicam
1755 3787 1961 3824 ammlss
1987 3769 2121 3824 dare
2140 3774 2334 3839 JUSsslt·

378 3868 603 3945 remea
655 3867 974 3944 ‚qum
1022 3869 1080 3929 b·
1129 3869 1376 3940 Pomm
1714 3846 1830 3984 ..²3
1861 3841 2029 3966 *aa
2053 3841 2130 3966 ιζ
2154 3843 2363 3966 aas
2390 3839 3002 3982 {austes-032

378 3957 619 4033 propria
638 3957 775 4017 sede
796 3959 859 4015 et
889 3957 1039 4016 vivit
1057 3960 1119 4016 et
1136 3957 1453 4058 praesidet,
1487 3976 1657 4034 prae-
1713 3988 1985 4054 epistolam
2022 3983 2097 4037 aa
2125 3983 2511 4052 Theophilum
2554 3982 2699 4038 alex.
2727 3987 3001 4054 (385·412)

380 4048 500 4103 stat
547 4046 975 4122 quaerentibus
1030 4045 1171 4104 fidei
1219 4046 1530 4106 veritatem
1548 4047 1614 4125 1).
1628 4056 1655 4084 ‘
1755 4056 1967 4109 rimum
1985 4053 2170 4108 edidit
2196 4052 2243 4106 R
2260 4070 2288 4106 e
2305 4052 2326 4105 i
2342 4053 2371 4106 f
2381 4055 2409 4107 f
2419 4069 2448 4106 e
2464 4071 2493 4105 r
2507 4071 2533 4106 s
2550 4070 2579 4106 c
2596 4053 2635 4106 h
2651 4070 2680 4107 e
2697 4054 2718 4106 i
2735 4055 2771 4108 d
2798 4056 2999 4120 (1871),

1754 4143 1784 4180 e
1812 4143 1927 4195 qua
1953 4127 2024 4180 ef.
2052 4124 2116 4179 G.
2144 4124 2248 4178 Mo
2266 4124 2330 4177 ri
2347 4143 2417 4177 n:
2443 4124 2522 4177 La.
2549 4124 2715 4178 lettre
2743 4124 2811 4177 de
2839 4126 3000 4178 l'eve·

1713 4214 1827 4266 que
1855 4196 2101 4250 Maxime
2146 4199 2179 4249 a
2223 4194 2536 4266 Theophile
2577 4194 2999 4248 d'Alexandrie.

380 4286 480 4337 pro
507 4268 624 4323 suis
651 4284 782 4323 eum
822 4268 1070 4339 eloquiis
1111 4270 1525 4340 chrysologum
1554 4269 1654 4323 Ec·
1715 4269 1962 4340 Episode
2011 4268 2081 4321 de
2108 4265 2388 4321 l'histoire
2429 4267 2622 4321 coclea.
2666 4266 2764 4319 des
2792 4265 3000 4321 Ga-ules

380 4338 553 4394 clesia
577 4339 805 4395 vocavit
828 4339 866 4394 i.
893 4357 938 4394 e.
964 4357 1174 4395 aureus
1199 4340 1653 4396 sermocinator.“
1712 4356 1787 4394 au
1815 4341 2299 4395 commencement
2322 4337 2401 4391 du
2422 4337 2498 4390 Ve
2526 4336 2691 4391 siecle
2718 4336 2779 4389 in
2806 4336 3000 4392 Revue

379 4409 501 4464 Lib.
527 4416 686 4481 pout.
714 4411 848 4465 eccl.
876 4412 1015 4466 Rav.
1042 4411 1103 4466 in
1131 4412 1280 4466 Mon.
1310 4411 1498 4466 Germ.
1525 4411 1657 4466 hist.
1714 4411 1925 4465 Bened.
1958 4416 2114 4468 1894.
2140 4408 2233 4472 XI,
2260 4409 2560 4466 274—278.

377 4481 582 4553 Script.
641 4499 748 4537 rer.
813 4483 1043 4555 langob.
1093 4483 1468 4539 Hannoverae
1524 4486 1660 4541 1878
1788 4486 1830 4554 ⁸)
1858 4482 1941 4537 Cf.
1957 4481 2001 4534 F
2018 4498 2046 4534 e
2064 4499 2089 4534 s
2104 4498 2130 4534 s
2145 4481 2164 4534 1
2178 4495 2209 4532 e
2224 4498 2253 4533 r
2270 4511 2285 4521 ·
2302 4479 2335 4533 J
2352 4498 2390 4533 u
2409 4497 2446 4532 n
2461 4498 2500 4549 g
2516 4497 2571 4532 m
2587 4495 2622 4531 a
2636 4496 2676 4531 n
2693 4496 2729 4530 n
2750 4483 2999 4544 §2188s.;

378 4573 432 4624 p.
460 4560 580 4610 310.
1715 4553 1758 4606 F
1775 4571 1804 4608 e
1822 4551 2022 4607 rrari
2066 4554 2119 4606 S.
2161 4551 2427 4606 Massimo
2461 4590 2473 4604 .
2499 4591 2511 4604 .
2543 4590 2555 4603 .
2583 4549 2752 4602 cenni
2804 4549 2998 4605 storici

456 4627 493 4696 ¹)
520 4623 603 4679 Cf.
632 4623 721 4680 Lo
739 4625 965 4679 shorn
1005 4625 1105 4678 der
1141 4624 1223 4678 hl.
1265 4625 1325 4678 P.
1367 4624 1658 4694 Chrysolo-
1715 4642 1743 4678 e
1796 4623 2063 4687 versioni,
2115 4622 2324 4677 Torino
2381 4628 2547 4682 1858;
2611 4621 2885 4691 Ozapla
2935 4621 2997 4674 in

418 4713 485 4750 us
512 4696 631 4751 und
673 4694 827 4750 seine
854 4695 1142 4751 Schriften
1181 4697 1244 4750 in
1272 4695 1540 4750 Zeitschr.
1569 4696 1660 4749 fiir
1715 4697 2016 4750 comment.
2043 4694 2116 4748 ad
2145 4692 2427 4748 Gennadii
2456 4693 2524 4746 de
2552 4692 2691 4747 viris
2716 4693 2798 4746 ill.
2826 4711 2870 4748 c.
2898 4700 2997 4752 40:

422 4807 433 4820 .
485 4767 682 4821 Theol.
734 4769 1051 4822 Innsbruok
1106 4771 1241 4824 1897
1282 4785 1338 4836 p.
1380 4774 1659 4827 238-65;
1714 4767 1967 4839 Knoep
1986 4767 2135 4821 fler
2162 4766 2275 4819 KL.
2308 4766 2454 4828 VIII,
2486 4770 2853 4821 1105—1108.
