3505 5161
387 273 460 324 10
473 272 503 324 5
517 271 550 323 3
1309 250 1634 315 Durandu8‚
1663 248 2071 305 Guitmundus.
2677 250 2686 260 '
2835 267 2905 317 10
2915 264 2947 318 5
2959 266 2991 317 4

391 434 842 519 1054—1059)
877 436 1110 495 erudite
1133 436 1398 510 quidem,
1425 437 1525 495 sed
1547 438 1657 494 mi·
1713 440 1840 495 tate
1886 434 2145 511 corporis
2191 438 2253 493 et
2296 434 2606 511 sanguinis
2637 432 2851 493 Christi
2888 478 2900 489 .
2934 477 2948 491 .
2983 481 2994 492 .

377 547 492 587 nus
543 526 813 586 ordinate
862 531 923 584 et
968 525 1107 583 stilo
1157 525 1338 584 nimis
1371 525 1587 585 diffuso
1619 526 1657 583 l.
1716 526 1886 595 bene,
1932 526 2124 600 plene,
2172 523 2458 599 persecte3
2507 541 2761 599 sequens
2795 520 2995 604 (Guit-

373 619 446 676 de
476 634 715 690 corpore
764 623 816 672 et
860 610 1145 691 sanquine
1185 614 1405 673 Christi
1454 619 1661 674 contra
1713 609 2002 695 mundus)
2053 613 2286 683 meliuS,
2333 612 2589 687 plenius,
2640 611 2992 688 perfectius;

377 704 801 783 Berengarium
821 708 883 762 et
901 705 1032 778 ejus
1052 706 1375 763 sectatores
1395 704 1657 763 divisum
1712 704 1966 763 ultimus
2007 702 2246 778 optime,
2279 701 2641 778 plenissime,
2689 701 2993 776 perfectis-

375 797 439 854 in
472 816 568 871 pp.
601 794 697 856 IX,
733 812 984 868 quarum
1030 795 1160 852 octo
1193 797 1338 852 sunt
1368 793 1657 871 dogmati·
1714 795 1860 852 sime
1910 792 2212 862 disseruit,
2276 791 2421 850 adeo
2484 794 2555 850 ut
2609 790 2760 848 nihil
2812 791 2994 850 etiam

377 904 493 955 cae,
512 902 669 943 nona
687 882 995 941 historica:
1030 883 1341 959 praemisit
1359 883 1658 958 prolixum
1714 881 2241 957 scrupulosissimo
2313 880 2518 940 lectori
2588 880 2994 956 quaerendum

371 992 629 1041 carmen,
684 972 844 1047 quod
894 971 1129 1048 integre
1177 970 1329 1031 forte
1374 990 1493 1030 non
1541 972 1660 1030 fuit
1711 967 2148 1053 reliquerit1).‘
2199 969 2437 1038 ,Unum
2470 974 2577 1039 est,
2611 969 2992 1044 inquitBel-

371 1065 600 1123 editum
617 1058 686 1144 ¹).
721 1061 948 1120 Prodiit
964 1061 1121 1119 inter
1135 1079 1314 1136 opera
1327 1061 1655 1131 Lanfranci;
1714 1061 2094 1119 larminus
2124 1060 2196 1118 de
2230 1060 2283 1118 S.
2314 1060 2395 1131 E„
2430 1060 2493 1117 in
2526 1076 2644 1134 quo
2678 1058 2993 1117 Guitmun-

376 1154 436 1211 in
467 1152 612 1213 bibl.
647 1152 757 1210 ΡΡ.
803 1150 968 1228 lugd.
998 1150 1207 1220 XVIII,
1259 1159 1383 1212 420
1419 1168 1531 1220 88.;
1594 1151 1657 1208 in
1712 1150 1823 1209 dus
1871 1149 2220 1225 reprehendi
2284 1149 2448 1219 solet,
2514 1148 2671 1223 quod
2735 1148 2771 1205 l.
2829 1156 2861 1208 2
2914 1147 2993 1205 ti-

375 1241 741 1300 Gallandi
792 1240 938 1297 bibl.
987 1243 1104 1299 vet.
1151 1238 1262 1297 PP.
1309 1239 1457 1309 XIV,
1497 1248 1656 1310 2453
1712 1239 1935 1297 muerit
1954 1238 2271 1298 concedere
2292 1238 2515 1313 species
2537 1238 2992 1296 sacramentales

377 1332 430 1389 M
449 1331 625 1407 igne
657 1328 894 1399 CXLIX,
935 1340 960 1391 1
979 1338 1385 1393 375—1424.
1714 1347 1849 1386 vere
1871 1345 2045 1404 posse
2065 1327 2362 1403 corrumpi
2394 1330 2455 1385 et
2483 1325 2806 1402 putrefieri,
2840 1345 2993 1401 quae

1712 1418 2008 1493 potuisset
2056 1416 2371 1475 admittere
2422 1416 2551 1474 sine
2600 1416 2725 1473 ulla
2773 1415 2995 1491 injuria

469 1517 610 1573 588.
653 1506 1179 1566 Guitmundus
1229 1501 1652 1587 (Guimundus,
1717 1505 1979 1582 corporis
2011 1505 2291 1564 dominici
2321 1505 2509 1564 fieri.‘
2576 1504 2820 1580 Saepius
2856 1523 2991 1579 pro-

369 1596 804 1667 Guismundus,
826 1596 1197 1666 Wimundus,
1219 1594 1653 1677 witmundus),
1711 1596 1826 1653 diit
1886 1596 1995 1654 hoc
2056 1594 2409 1669 opusculum
2430 1639 2443 1665 ,
2522 1594 2777 1670 primum
2853 1612 2995 1652 cura

375 1687 770 1754 Normannus,
821 1684 1143 1744 monachus
1176 1685 1292 1744 suit
1325 1684 1388 1746 Ο.
1423 1684 1477 1746 S.
1511 1686 1655 1746 Ben.
1711 1685 1758 1742 Ε
1779 1685 2012 1743 rasmi
2035 1684 2314 1761 Friburgi
2343 1694 2528 1754 1530,
2561 1683 2701 1742 dein
2721 1701 2856 1741 cum
2889 1702 2990 1760 ge·

372 1776 578 1834 Crucis
625 1775 895 1833 Hellonis
949 1774 1073 1832 sive
1123 1793 1168 1835 s.
1219 1773 1495 1833 Leufredi
1549 1774 1656 1857 (La
1709 1774 1892 1832 minis
1945 1774 2250 1849 opusculis
2295 1772 2713 1831 Lanfranci
2756 1776 2818 1830 et
2860 1773 2991 1830 AI·

377 1859 1050 1943 Croix·Saint-Leufroi)
1114 1863 1399 1922 dioecesis
1462 1864 1654 1923 ebroi-
1710 1863 2144 1939 geriLovanii
2176 1863 2443 1934 1561,in
2462 1861 2839 1921 bibliothecis
2861 1862 2989 1931 ΡΡ.,

373 1955 585 2012 censis,
661 1953 733 2010 In
783 1953 1064 2011 coenobio
1111 1952 1379 2011 beccensi
1432 1952 1654 2012 studiis
1714 1956 1777 2011 et
1808 1953 1987 2010 etiam
2021 1973 2054 2010 a
2082 1953 2255 2010 nobis
2274 1952 2499 2010 editum
2521 1954 2615 2009 est
2634 1951 2793 2009 inter
2812 1968 2992 2026 opus-

377 2061 607 2117 operam
641 2041 810 2100 dedit
841 2041 955 2100 sub
985 2032 1327 2110 LanfrancO,
1377 2041 1481 2100 ubi
1519 2061 1654 2102 con·
1714 2042 1849 2101 cula
1880 2041 1978 2103 SS.
2010 2042 2121 2100 ΡΡ.
2163 2041 2380 2100 selecta
2408 2044 2452 2098 t.
2483 2039 2780 2098 XXXVIII
2814 2039 2990 2098 Oeni-

379 2131 703 2206 discipulus
735 2130 852 2188 fuit
885 2130 1234 2191 S.Anselmi.
1284 2131 1457 2188 Anno
1487 2143 1650 2194 1070
1712 2131 1882 2206 ponti
1963 2139 2146 2192 1879.
2242 2129 2508 2205 Reliquit
2584 2129 2990 2188 Guitmundus

380 2221 695 2279 arcessitus
728 2222 822 2278 est
849 2219 917 2277 in
937 2219 1213 2295 Angliam
1246 2239 1280 2276 a
1314 2219 1653 2279 Guilelmol
1710 2222 2016 2296 praeterea
2045 2219 2298 2277 nitidam
2344 2223 2405 2277 et
2445 2219 2807 2276 succinctam
2843 2218 2988 2276 Con-

378 2327 531 2385 rege,
577 2312 649 2367 ut
692 2327 891 2367 secum
920 2312 1255 2367 moraretur
1286 2314 1349 2366 et
1382 2310 1654 2368 ecclesia·
1705 2311 2018 2382 sessionem
2062 2307 2134 2365 de
2176 2326 2220 2367 s.
2254 2307 2563 2377 Trinitate,
2612 2307 2832 2366 Christi
2878 2308 2989 2366 hu-

377 2399 594 2457 sticum
643 2398 933 2473 reciperet
981 2397 1262 2473 regimen,
1330 2398 1489 2472 quod
1555 2399 1654 2458 ille
1708 2398 2000 2468 minitate,
2047 2397 2424 2473 corporisque
2469 2400 2531 2455 et
2567 2396 2887 2473 Sanguinis
2919 2398 2985 2455 D.

375 2486 671 2545 recusavit
701 2487 930 2545 dicens:
966 2487 1164 2555 ,Dum
1204 2486 1498 2562 meipsum
1529 2507 1652 2546 mo·
1709 2487 1782 2544 N.
1816 2487 2097 2557 veritat03
2138 2490 2201 2546 et
2231 2488 2527 2560 epistolam
2560 2485 2633 2543 ad
2665 2485 2986 2555 Erfastum,

369 2575 568 2634 derari
599 2595 844 2651 nequeo,
896 2575 1151 2652 qualiter
1181 2574 1436 2635 aliorum
1469 2577 1651 2636 vitam
1708 2576 1814 2652 qui
1846 2596 1982 2636 eum
2021 2575 2494 2653 interrogaverat
2538 2575 2610 2634 de
2655 2575 2990 2634 substantia

375 2665 450 2723 ad
483 2665 695 2722 salutis
713 2665 866 2723 viam
883 2665 1138 2742 dirigere
1154 2665 1364 2724 valeo?
1406 2667 1654 2735 ,Exstat-
1709 2669 1771 2724 et
1820 2667 2053 2724 unitate
2104 2683 2179 2724 ss.
2212 2665 2537 2734 Trinitatis,
2585 2665 2656 2722 de
2705 2664 2987 2740 mysterio

374 2753 569 2812 adhuc
617 2754 744 2828 ejus
795 2755 984 2812 oratio
1031 2755 1252 2813 nobilis
1301 2754 1374 2812 ad
1428 2756 1650 2815 Guilel-
1710 2755 1989 2813 dominici
2008 2754 2290 2829 corporis,
2322 2754 2461 2812 item
2484 2754 2556 2812 de
2578 2753 2988 2812 similitudini·

375 2862 541 2901 mum
554 2843 744 2912 I‚cum
757 2845 1487 2920 recusaretepiscopatum.
1504 2844 1655 2904 Hinc
1709 2844 1841 2913 bus,
1861 2844 2084 2920 quibus
2099 2844 2192 2902 uli
2209 2843 2420 2912 solent,
2439 2847 2585 2918 puta
2608 2842 2889 2918 sphaerae
2914 2843 2987 2900 ad

373 2931 556 2990 rediit
585 2931 650 2989 in
670 2931 1092 2990 Normanniam
1114 2934 1176 2991 et
1195 2932 1515 2993 Christiani
1547 2954 1653 2994 no·
1711 2932 2207 3008 comprobandam
2227 2932 2609 2990 Trinitatem:
2629 2931 2724 2989 cui
2744 2950 2986 3007 respon·

373 3040 509 3079 men
559 3039 770 3097 gerens
822 3022 1360 3098 peregrinationem
1410 3024 1653 3083 Romam
1708 3022 1811 3079 det
1841 3025 1915 3081 ut
1941 3025 2183 3080 cautum
2215 3021 2600 3095 sobriumque
2641 3020 2985 3097 theologum

375 3128 579 3168 versus
609 3109 884 3168 instituit
916 3106 1019 3192 (cc.
1040 3131 1091 3169 a.
1120 3107 1331 3193 1077).
1380 3114 1516 3171 Non
1546 3131 1650 3188 po·
1708 3111 1906 3169 decet:
1939 3110 2040 3170 sed
2074 3111 2316 3169 libellus
2348 3110 2413 3167 in
2444 3110 2558 3168 fine
2592 3112 2686 3168 est
2712 3109 2983 3168 mutilus.

374 3198 496 3255 tuit
525 3202 724 3257 tamen
756 3200 961 3270 latere,
1007 3203 1077 3258 ut
1123 3200 1384 3274 optabat,
1432 3202 1532 3261 sed
1579 3202 1651 3260 ab
1709 3200 2140 3259 Commentaria
2171 3200 2233 3257 in
2254 3199 2639 3268 Matthaeum,
2674 3198 2892 3257 Lucam
2927 3204 2986 3256 et

379 3286 606 3346 Urbano
658 3288 733 3345 11.
785 3289 1151 3347 constitutus
1200 3292 1293 3347 est
1342 3291 1653 3367 episcopus
1706 3289 2016 3360 Joannem,
2069 3308 2220 3365 quae
2252 3290 2308 3347 ei
2340 3287 2623 3346 adscribit
2653 3305 2983 3363 anonymus

377 3394 692 3435 aversanus
724 3373 918 3457 (1087
961 3377 1056 3435 vel
1096 3377 1308 3458 1088),
1356 3380 1449 3438 vir
1492 3381 1651 3439 enim
1709 3378 2083 3449 Mellicensis,
2105 3379 2248 3437 sunt
2267 3376 2707 3436 Christiani
2737 3372 2984 3458 (Druth-

376 3468 503 3523 erat
532 3467 726 3524 clarus
770 3466 1018 3524 scientia
1062 3474 1123 3524 et
1168 3469 1498 3531 sanctitate.
1568 3470 1650 3528 De
1706 3466 1898 3547 mari),
1947 3469 2018 3526 de
2065 3487 2182 3543 quo
2215 3468 2447 3544 egimus
2488 3487 2544 3543 p.
2583 3475 2723 3529 725.
2787 3466 2984 3524 Habes

375 3553 760 3613 ulterioribus
808 3554 973 3613 illius
1028 3555 1170 3613 fatis
1217 3557 1369 3615 nihil
1415 3562 1652 3616 constat
1707 3556 1849 3614 haec
1900 3557 2097 3615 omnia
2145 3557 2210 3614 in
2260 3556 2415 3615 Bibl.
2467 3556 2576 3619 ΡΡ.
2619 3556 2742 3630 lug.
2775 3554 2982 3628 XVIII,

373 3639 434 3717 (†
464 3648 599 3702 ante
631 3662 680 3705 a.
725 3638 935 3725 1095).
997 3646 1049 3702 A
1099 3644 1457 3720 quibusdam
1504 3647 1649 3707 dici·
1707 3656 1829 3708 440
1867 3665 1972 3709 ss‚:
2008 3645 2371 3704 Gallandi
2406 3644 2550 3703 bibl.
2583 3648 2683 3703 vet
2705 3644 2812 3702 ΡΡ.
2833 3644 2981 3714 XIV,

370 3734 475 3788 tur
515 3737 725 3790 auctus
770 3733 1065 3809 dignitate
1109 3734 1498 3805 cardinalitia,
1546 3737 1647 3795 sed
1708 3745 1833 3800 240
1869 3754 1976 3805 ss.;
2026 3735 2276 3812 Migne
2309 3734 2549 3805 CXLIX,
2590 3742 2980 3797 1425-1513.

373 3820 501 3878 sine
563 3822 880 3880 sufficienti
942 3823 1281 3882 testimonio
1344 3825 1646 3886 historico,

367 3910 707 3985 Composuit
755 3929 803 3973 c.
859 3920 1018 3973 1075
1073 3912 1135 3969 in
1188 3911 1375 3971 forma
1424 3914 1647 3991 dialogi
1795 3921 1936 3976 589.
1971 3907 2980 3992 wolphelmusffl'olfhelmius)

374 3998 514 4057 stilo
559 3999 745 4075 gravi,
798 4000 972 4068 clam,
1027 4000 1326 4059 succincto
1375 4003 1437 4060 ll.
1493 4013 1527 4066 3
1579 4005 1649 4062 de
1702 4022 1736 4059 a
1768 4003 1959 4078 prima
1988 4005 2180 4061 aetate
2212 4003 2372 4060 omni
2389 4020 2621 4060 morum
2653 4002 2978 4070 honestate,

369 4091 630 4162 corporis
663 4096 712 4145 et
743 4090 1050 4164 sanquinis
1080 4089 1139 4149 J.
1167 4089 1384 4150 Christi
1415 4094 1647 4150 veritate
1701 4091 1971 4149 doctrina
2000 4095 2061 4149 et
2091 4091 2313 4167 pietate
2363 4091 2596 4167 egregie
2629 4090 2978 4159 instructu8‚

371 4176 433 4234 in
478 4176 834 4235 eucharistia
881 4171 1193 4259 (adversus
1225 4180 1571 4257 Berengarii
1606 4182 1643 4239 l.

369 4266 438 4322 de
467 4284 640 4324 sacra
671 4271 899 4341 coena):
935 4267 1019 4323 -de
1066 4286 1184 4341 quo
1231 4287 1324 4343 op.
1372 4288 1511 4345 prae
1544 4289 1643 4346 ge-

433 4353 445 4364 .
500 4353 511 4364 .
872 4356 883 4367 .
1203 4358 1214 4368 .
1398 4360 1408 4370 .
1568 4360 1579 4371 .
1782 4318 1816 4382 ¹)
1844 4314 1978 4366 Sein
2005 4313 2184 4366 Name
2202 4315 2277 4367 ist
2297 4312 2648 4367 unsterblich
2678 4310 2982 4380 geworden

369 4371 547 4412 mnus
579 4355 890 4414 Lanfranffl
927 4362 988 4413 et
1017 4357 1219 4432 Algen
1252 4358 1530 4433 Operlbus
1564 4363 1646 4416 lta
1701 4385 1880 4438 durch
1934 4384 2053 4438 sein
2105 4384 2522 4455 theologisches
2572 4383 2751 4436 Werk
2797 4399 2984 4453 gegen

363 4445 570 4501 censet
602 4462 645 4503 s,
679 4444 892 4503 Petrus
926 4444 1174 4503 cluniac.
1219 4447 1282 4503 in
1324 4450 1399 4507 tr.
1446 4447 1518 4505 de
1552 4466 1645 4506 sa-
1701 4455 2005 4525 Berengar‚
2067 4455 2253 4526 gleich
2317 4455 2759 4525 ausgezeichnet
2802 4453 2984 4506 durch

363 4531 491 4589 cris.
532 4532 773 4592 missae:
819 4533 1089 4602 ,Horum
1122 4534 1351 4610 primus
1385 4536 1456 4595 de
1489 4538 1642 4595 veri-
1702 4527 2088 4597 theologische
2138 4527 2295 4581 Tiefe
2349 4527 2466 4581 und
2508 4523 2984 4586 Gelehrsamkeit‚

1703 4598 1810 4651 wie
1839 4598 2020 4652 durch
2048 4598 2216 4654 Kraft
2242 4600 2360 4652 und
2388 4597 2703 4653 Schonheit
2728 4598 2828 4650 der
2849 4594 2984 4647 Dar·

608 4675 685 4681 —
1700 4670 1969 4739 stellung.
2019 4671 2152 4725 Sch
2171 4688 2199 4723 e
2216 4688 2244 4724 e
2263 4671 2298 4722 b
2315 4687 2343 4724 e
2361 4688 2398 4722 n
2438 4669 2551 4722 KL.
2592 4671 2662 4733 V,
2694 4675 2849 4725 1:360.
2901 4665 2985 4719 Cf.

446 4742 481 4802 ¹)
511 4738 592 4793 Cf.
623 4739 767 4792 Hist.
794 4739 878 4795 lit.
909 4739 1057 4803 VIII,
1085 4747 1251 4797 239--
1266 4747 1398 4798 246:
1426 4741 1495 4794 de
1523 4743 1644 4810 ejus
1703 4741 1847 4796 Hist.
1874 4743 1959 4796 Iit.
1989 4742 2134 4804 VIII,
2164 4749 2267 4798 553
2285 4776 2321 4782 -
2342 4747 2471 4800 573:
2520 4741 2589 4792 W
2609 4757 2683 4797 et
2702 4757 2739 4791 n
2757 4757 2827 4792 er
2855 4735 2987 4790 Ger-

362 4809 626 4863 doctrina
654 4809 726 4862 W
745 4827 773 4863 e
790 4827 816 4861 r
834 4829 870 4862 n
887 4828 916 4863 e
934 4829 960 4862 r
1000 4812 1239 4866 Gerbert
1264 4832 1318 4883 p.
1352 4814 1645 4870 171-175.
1702 4813 1829 4866 bert
1854 4831 1908 4882 p.
1944 4816 2237 4869 178-182.
