3505 5161
1208 235 1429 285 1—100.
1483 227 1669 298 Opera
1694 226 1970 296 apostolis
1997 227 2309 297 supposita.
3011 246 3089 298 1⁴>

477 249 547 302 ll

469 416 701 477 duabus
752 415 887 484 viis,
942 433 1117 490 quam
1164 415 1293 489 ipse
1336 415 1575 491 reperit,
1623 415 1752 474 Fri·
1811 432 1963 489 quae
2025 432 2096 472 ex
2162 412 2373 473 ordine
2423 413 2683 493 singulis
2733 413 3095 475 tribuuntur

467 504 646 582 burgi
686 514 850 567 1900
885 506 998 567 etc.
1028 504 1113 561 De
1146 507 1386 562 auctore
1417 504 1573 563 nihil
1604 504 1752 562 certi
1810 502 2117 579 apostolis.
2180 503 2386 561 Utitur
2428 507 2632 562 autem
2677 506 2883 563 auctor
2931 506 3088 564 haud

470 596 720 663 scimus3
772 595 917 651 sunt
947 592 1052 669 qui
1100 592 1413 667 conjiciant
1444 591 1517 673 (B
1535 612 1567 650 r
1579 612 1751 669 yen-
1808 611 2019 668 parum
2053 592 2088 648 l.
2122 591 2385 678 διδαχῆς
2399 594 2462 651 et
2481 612 2570 669 ep.
2585 593 2906 653 Barnabae.
2940 595 3088 654 Con-

467 685 601 743 niu
618 702 662 753 8,
734 682 788 739 Η
804 700 935 739 arn
954 701 989 740 a
1006 700 1034 739 c
1050 681 1106 751 k,
1159 682 1214 739 H
1231 700 1264 739 o
1282 683 1420 740 lzm
1435 702 1467 740 a
1484 701 1523 741 n
1541 701 1580 740 n
1614 682 1750 755 etc.)
1808 682 2117 740 cinnatum
2148 679 2388 739 videtur
2419 681 2530 740 hoc
2549 684 2905 758 opusculum
2936 685 3092 743 circa

469 792 607 833 eum
639 770 944 847 scripsisse
977 771 1138 828 intra
1157 790 1205 828 a.
1235 780 1613 841 120—165;
1648 772 1751 830 alii
1808 770 1985 829 finem
2016 788 2129 829 sec.
2145 770 2266 839 111„
2300 770 2692 845 probabiliter
2710 773 2774 830 in
2793 773 3088 850 Aegypto,

461 863 586 938 jam
633 879 745 923 sec.
790 861 874 929 1.,.
900 863 972 917 ut
1004 859 1047 916 F
1063 878 1105 918 u
1121 879 1161 918 n
1177 860 1234 931 k,
1286 860 1327 918 J
1342 879 1566 937 ungm
1584 880 1672 919 an
1690 880 1748 929 n,
1810 859 1914 918 ubi
1946 877 2160 936 magna
2190 858 2502 919 fruebatur
2530 861 2903 921 auctoritate.
2950 863 3091 921 Sae-

468 949 813 1025 Cornely,
891 947 1232 1017 Bioken,
1310 950 1358 1007 B
1380 949 1749 1009 ardenhe-

467 1059 628 1109 wer,
666 1039 884 1109 Zahn,
924 1037 1302 1108 Sabatier,
1338 1038 1749 1107 Schaffetc„

466 1129 686 1188 vixisse
734 1128 883 1186 forte
935 1127 999 1184 in
1047 1126 1217 1203 Syria
1261 1128 1356 1186 vel
1400 1127 1751 1186 Palaestina.

468 1220 756 1277 Accurate
788 1217 939 1274 hane
982 1216 1391 1291 quaestionem
1442 1219 1664 1275 tractat
1693 1217 1751 1277 C.

467 1309 525 1365 M
540 1312 581 1364 fi
601 1327 641 1364 ιι
656 1323 687 1364 c
701 1306 740 1363 h
756 1324 786 1363 e
804 1324 844 1363 n
876 1304 939 1362 in
956 1304 1234 1363 Zeitschr.
1256 1305 1353 1364 fur
1370 1306 1532 1363 kath.
1552 1305 1748 1364 Theol.

478 1405 640 1461 1886
676 1415 732 1471 p.
770 1402 1026 1457 629-6
1040 1404 1070 1456 7
1084 1403 1138 1464 7,
1193 1394 1296 1468 qui
1343 1395 1621 1454 omnibus
1653 1413 1748 1453 ex-

468 1486 671 1560 pensis
723 1485 941 1554 censet,
994 1483 1352 1559 opusculum
1404 1485 1513 1543 hoc
1544 1485 1749 1559 potius

468 1577 604 1633 ante
639 1593 688 1632 a.
726 1584 757 1635 7
770 1584 804 1633 0
844 1591 1019 1647 quam
1054 1575 1261 1647 postea
1293 1572 1479 1631 fuisse
1512 1575 1749 1633 concin-

471 1665 697 1732 natum,
731 1664 792 1719 et
823 1661 1062 1735 quidem
1084 1661 1530 1738 Hierosolymis,
1563 1663 1747 1720 illud-

468 1771 584 1828 que
616 1750 929 1826 complecti
973 1751 1527 1810 catechumenorum
1574 1751 1748 1811 insti-
1785 1830 1792 1835 Β

466 1842 765 1900 tutionem
796 1838 1013 1898 ibidem
1048 1839 1392 1899 adhibitam.

559 2028 614 2079 6.
647 2020 699 2075 A
733 2016 959 2102 διδαχὴ
1008 2017 1307 2095 distingui
1338 2018 1515 2077 debet
1546 2016 1746 2080 διδασ-

464 2107 656 2169 καλία
726 2108 1131 2182 apostolorum
1195 2109 1256 2165 et
1316 2106 1746 2184 discipulorum

466 2195 722 2263 Domini,
787 2214 963 2271 quam
1015 2195 1368 2270 compilator
1415 2215 1748 2272 anonymus

468 2283 756 2361 supponit
815 2285 1101 2360 apostolis
1144 2285 1209 2342 in
1253 2286 1447 2361 primo
1498 2284 1749 2345 concilio

466 2372 863 2450 congregatis.
925 2373 1010 2431 Ea
1053 2373 1470 2449 complectitur
1516 2393 1746 2433 morum

466 2462 705 2539 regulas
739 2464 798 2520 et
831 2464 1059 2521 statuta
1086 2463 1436 2538 praesertim
1481 2481 1587 2540 pro
1619 2464 1744 2540 epi-

467 2552 678 2628 scopis.
697 2549 996 2611 Prodiisse
1011 2551 1251 2611 videtur
1264 2552 1512 2612 ineunte
1528 2570 1640 2612 sec.
1660 2553 1747 2611 III

465 2641 529 2699 in
562 2641 732 2717 Syria
760 2641 856 2699 vel
886 2641 952 2700 in
985 2641 1332 2710 Palaestina,
1381 2641 1485 2699 ubi
1534 2642 1599 2701 in
1629 2661 1747 2701 usu

464 2733 606 2788 erat.
670 2730 875 2788 Utitur
918 2735 1122 2789 auctor
1165 2730 1231 2789 in
1262 2749 1330 2789 ea
1358 2730 1559 2807 priore
1593 2751 1743 2807 opu-

464 2819 631 2878 sculo
694 2817 931 2905 διδαχή,
981 2822 1053 2877 ut
1114 2818 1379 2878 ostendit
1424 2820 1479 2878 C.
1527 2820 1745 2879 Holz·

463 2908 606 2983 hey
654 2907 764 2966 Die
793 2909 1244 2985 Abhiingigkeit
1288 2909 1394 2968 der
1437 2910 1744 2985 syrischen

464 2996 826 3060 διδασκαλία
857 3015 974 3058 von
1006 2997 1111 3056 der
1142 2997 1416 3069 Didache,
1450 2999 1742 3058 Miinchen

472 3095 658 3149 1898.
721 3087 941 3145 Textus
973 3086 1283 3163 originalis
1330 3087 1447 3146 fuit
1477 3107 1740 3165 graecus,

463 3176 570 3250 qui
599 3175 974 3235 intercidisse
995 3175 1264 3247 videtur3
1299 3176 1491 3234 versio
1513 3178 1745 3253 syriaca

464 3264 608 3322 satis
642 3263 850 3330 fidelis,
888 3268 962 3323 ut
998 3265 1328 3338 conjiciunt
1359 3265 1472 3323 viri
1495 3266 1740 3335 eruditi,

465 3356 525 3411 et
554 3354 706 3410 forte
740 3371 854 3411 sec.
875 3354 1002 3428 jam
1034 3354 1156 3422 111„
1204 3353 1363 3412 edita
1408 3353 1525 3412 fuit
1555 3374 1590 3413 a
1621 3355 1741 3412 La—

464 3440 697 3518 garde
730 3441 963 3516 Lipsiae
1004 3450 1202 3512 18543
1236 3442 1568 3519 fragmenta
1611 3463 1741 3502 ver-

465 3529 652 3589 sionis
687 3519 901 3587 la'tinae
948 3528 1107 3606 (cum
1153 3548 1463 3607 canonum,
1513 3532 1618 3608 qui
1650 3533 1740 3590 di·

467 3621 687 3677 cuntur
736 3619 1143 3694 apostolorum
1203 3621 1265 3678 et
1325 3621 1741 3698 aegyptiorum

462 3700 766 3788 reliquiis)
845 3706 1005 3765 edita
1082 3713 1227 3767 sunt
1302 3711 1374 3768 ab
1437 3711 1738 3781 Hauler,

461 3795 693 3871 Lipsiae
744 3805 910 3858 1900
963 3796 1103 3855 fasc.
1144 3808 1193 3859 1.
1226 3831 1313 3843 -
1346 3798 1437 3857 Ab
1482 3801 1739 3875 utroque

461 3884 747 3960 opusculo
824 3884 1233 3962 distinguatur
1317 3887 1569 3946 alterum
1646 3889 1737 3946 in-

462 3974 752 4049 scriptum
783 3967 844 4035 αἱ
890 3972 1160 4054 διαταγαὶ
1207 3969 1266 4038 αἱ
1313 3976 1410 4039 διὰ
1448 3971 1735 4063 Κλήμεν-

460 4083 564 4132 τος
609 4065 712 4124 καὶ
776 4066 1023 4134 κανόνες
1083 4060 1579 4148 ἐκκλησιαστικοὶ
1625 4076 1738 4129 τῶν

459 4147 640 4231 ἁγίων
687 4149 1041 4215 ἀποστόλων
1089 4171 1195 4212 seu
1241 4172 1493 4213 canones
1556 4156 1738 4214 eccle-

462 4240 689 4299 siastici
721 4243 1145 4318 apostolorum,
1193 4243 1545 4302 constitutio
1596 4263 1737 4321 apo-

461 4329 671 4389 stolica
702 4325 1123 4413 (apostolische
1154 4330 1735 4414 Kirchenordnung)‚

459 4419 616 4495 quod
650 4419 705 4478 J.
740 4420 826 4478 W.
861 4421 1171 4479 Bickell
1215 4421 1479 4496 primum
1525 4422 1590 4479 in
1623 4422 1735 4481 Ge-

1807 949 1944 1024 pius
1963 945 2188 1025 prodiit
2205 950 2409 1007 nostra
2429 952 2621 1010 aetate
2652 968 2786 1009 cum
2818 950 3084 1022 didache,

1809 1040 1871 1095 et
1917 1037 1980 1095 in
2032 1036 2375 1113 Lagarde
2407 1037 2700 1115 Reliquiis
2742 1040 2899 1116 juris
2947 1041 3086 1100 eccl.

1809 1130 1946 1196 ant„
1980 1126 2211 1202 Lipsiae
2253 1134 2414 1189 1856
2463 1147 2518 1202 p.
2556 1137 2815 1192 74—79
2864 1148 3086 1207 graece.

1808 1217 1887 1274 ef.
1921 1215 2180 1292 prolixas
2213 1214 2534 1290 doctasque
2583 1217 2654 1276 de
2703 1236 2771 1276 eo
2815 1218 3091 1293 disputa—

1808 1306 2006 1364 tiones
2040 1305 2108 1363 A.
2140 1302 2607 1381 Krawutzky
2641 1306 2827 1366 Ueber
2845 1307 2952 1365 das
2973 1308 3089 1365 alt-

1806 1394 2129 1452 kirchliche
2176 1392 2737 1454 Unterrichtsbuch:
2802 1395 2907 1454 Die
2943 1397 3087 1455 zwei

1809 1483 1991 1561 Wege
2007 1482 2150 1542 oder
2165 1481 2260 1540 die
2276 1481 2728 1561 Entscheidung
2752 1484 2855 1544 des
2874 1486 3085 1544 Petrus

1805 1575 1871 1631 in
1903 1572 2098 1631 Theol.
2131 1569 2386 1639 Qtlschr.
2426 1583 2591 1637 1882
2626 1573 2818 1644 LXIV,
2871 1583 3090 1638 359-

1809 1671 1971 1733 445;
2004 1661 2361 1719 Harnack
2392 1662 2823 1734 1‚451—467;
2857 1665 3087 1722 Ache-

1808 1751 1913 1810 lis
1947 1749 2305 1825 Bealencycl.
2338 1751 2419 1818 1³.
2458 1761 2838 1821 730—734;
2871 1753 3085 1811 Funk

1805 1838 2259 1917 Kirchengesch.
2301 1840 2456 1904 Abh.
2485 1840 2561 1912 11,
2600 1849 2965 1905 236—251.
2997 1876 3087 1885 —

1804 1929 2100 1989 Prolixius
2143 1927 2269 2001 jam
2320 1946 2470 2006 opus
2517 1950 2551 1988 a
2595 1931 3089 2007 praecedentibus

1806 2019 2161 2078 distinctum
2221 2017 2576 2077 inscribitur
2644 2020 3086 2079 Constitutiones

1806 2110 2194 2183 apostolorum
2216 2125 2324 2166 seu
2342 2109 2720 2184 apostolicae,
2756 2110 2930 2183 cujus
2958 2113 3083 2169 tres

1806 2197 2101 2274 distingui
2133 2199 2390 2272 possunt
2402 2200 2620 2272 partes,
2646 2217 2899 2273 quarum
2917 2199 3084 2275 prior

1806 2287 2202 2362 complectens
2236 2286 2298 2345 ll.
2332 2286 2409 2344 VI
2440 2290 2533 2345 est
2563 2287 2758 2363 ampla
2797 2286 3083 2350 διδασκα-

1807 2377 1944 2446 λίας
1973 2375 2336 2446 retractatio,
2372 2375 2435 2433 in
2456 2394 2575 2451 qua
2592 2376 2816 2451 pariter
2846 2380 3084 2451 aposto—

1804 2465 1879 2523 lis
1922 2468 2348 2541 supponuntur
2393 2464 2558 2523 varia
2601 2465 2965 2540 praescripta
3008 2466 3082 2523 ad

1802 2572 2010 2625 mores,
2056 2553 2354 2614 Ecclesiae
2399 2554 2905 2624 constitutionem,
2955 2555 3084 2614 cul-

1802 2647 1931 2703 tum
1983 2647 2093 2705 etc.
2140 2644 2486 2720 spectantia.
2547 2645 2755 2703 Altera
2802 2662 2939 2719 pars
2973 2663 3081 2703 seu

1803 2734 1840 2796 l.
1875 2733 1998 2795 VII.
2031 2733 2205 2792 initio
2238 2732 2479 2808 quidem
2528 2736 2622 2792 est
2665 2733 2951 2808 quaedam
2982 2753 3081 2791 re-

1801 2822 2076 2881 tractatio
2126 2824 2188 2882 et
2235 2821 2543 2898 ampliatio
2593 2822 2787 2880 libelli
2834 2821 3078 2907 διδαχή,

1802 2910 1940 2970 dein
2000 2912 2240 2971 exhibet
2300 2911 2584 2971 formulas
2635 2911 2932 2987 precandi,
2984 2914 3080 2970 in-

1802 3001 2188 3061 structionem
2251 3002 2323 3059 de
2366 3000 2754 3059 instituendis
2804 3002 3081 3061 catechu-

1799 3090 1992 3148 menis
2069 3092 2131 3149 et
2205 3087 2672 3149 administrando
2761 3090 3073 3166 baptismo,

1799 3178 1945 3236 Pars
1975 3179 2081 3237 111.
2132 3178 2371 3238 demum
2420 3179 2596 3240 seul.
2631 3178 2781 3237 VIII.
2828 3179 2955 3255 agit
3003 3178 3074 3235 de

1800 3266 2270 3337 charismatibus,
2319 3267 2389 3327 de
2433 3268 2844 3326 ministrorum
2875 3267 3070 3326 Eccle-

1799 3357 1921 3415 siae
1953 3356 2427 3416 ordinationibus
2476 3360 2539 3414 et
2578 3357 2885 3416 occasione
2918 3355 3075 3415 ordi—

1798 3445 2055 3504 nationis
2087 3445 2504 3521 episcoporum
2536 3463 2699 3504 sacra
2735 3445 3080 3503 illustratur

1796 3533 2059 3610 liturgia.
2125 3534 2555 3612 Adjunguntur
2616 3534 2756 3592 dein
2817 3535 3078 3592 instruc-

1797 3623 1992 3681 tiones
2024 3641 2132 3697 pro
2164 3624 2344 3682 variis
2376 3622 2643 3682 fidelium
2693 3623 2983 3681 classibus
3017 3626 3078 3681 et

1799 3711 1862 3769 in
1929 3711 2045 3770 fine
2107 3712 2412 3771 adduntur
2477 3711 2784 3771 LXXXV
2834 3730 3079 3770 canones

1798 3802 2207 3876 apostolorum,
2241 3802 2304 3860 in
2325 3821 2579 3877 quorum
2600 3801 2816 3859 ultimo
2836 3800 3078 3860 exhibe·

1795 3892 1899 3947 tur
1929 3908 2116 3948 canon
2165 3890 2226 3949 ll.
2262 3891 2326 3953 V.
2357 3893 2418 3950 et
2446 3892 2520 3952 N.
2554 3890 2617 3950 T.
2667 3889 2887 3949 omissa
2917 3890 3077 3965 Apo-

1795 3978 2037 4055 calypsi,
2056 3983 2118 4038 et
2131 3978 2409 4038 admissis
2426 3980 2659 4039 duabus
2691 3998 2736 4040 S.
2759 3978 3077 4037 Clementis

1796 4068 2072 4143 epistolis
2117 4071 2179 4127 et
2223 4069 2757 4128 constitutionibus
2789 4067 3079 4143 apostoli-

1795 4156 1878 4214 cis
1929 4174 2035 4232 per
2085 4157 2447 4216 Clementem
2500 4156 2844 4234 propositis.
2905 4156 3074 4214 Unus

1795 4243 2034 4304 videtur
2095 4246 2273 4321 hujus
2350 4245 2787 4323 compilationis
2848 4247 3071 4313 auctor,

1794 4334 1944 4392 forte
1977 4334 2081 4392 ille
2112 4334 2286 4405 idem,
2320 4335 2427 4411 qui
2458 4353 2504 4393 s.
2537 4333 2838 4410 Ignatii
2870 4334 2944 4390 M.
2979 4333 3073 4390 in-

1794 4423 2118 4498 terpolavit
2192 4424 2474 4499 epistolas
2493 4466 2507 4492 ,
2571 4421 3074 4496 Apollinistarum

459 4508 721 4567 schichte
784 4509 887 4568 des
948 4510 1402 4568 Kirchenrechts
1465 4530 1514 4568 a.
1568 4521 1734 4574 1843
1794 4514 1988 4569 sectae
2003 4516 2075 4570 ut
2089 4513 2417 4588 conjiciunt
2446 4511 2736 4571 addictus.
2769 4510 3073 4569 Floruisse

460 4597 703 4656 Giessen
765 4618 820 4675 p.
878 4608 1220 4661 107—132
1286 4598 1492 4657 edidit.
1571 4599 1740 4658 Prior
1794 4600 2098 4677 colligitur
2174 4604 2425 4659 exeunte
2489 4618 2599 4659 sec.
2662 4598 2757 4657 IV.
2820 4600 2916 4657 vel
2980 4600 3074 4658 in·

459 4686 724 4762 ejusdem
755 4705 893 4762 pars
914 4687 1331 4763 complectitur
1350 4688 1589 4764 regulas
1611 4707 1735 4746 mo·
1794 4693 1973 4747 eunte
2006 4688 2074 4752 V.
2107 4690 2364 4748 Multum
2381 4688 2646 4748 innotuit
2676 4688 2818 4747 haec
2849 4688 3073 4764 compi-

458 4794 608 4846 rum,
642 4775 831 4834 altera
846 4775 1306 4834 constitutiones
1323 4777 1475 4835 circa
1491 4777 1737 4848 clerum,
1793 4778 1938 4837 latio
1971 4798 2074 4854 per
2106 4779 2429 4856 Orientem,
2481 4778 2587 4836 ubi
2619 4776 2822 4836 habita
2852 4776 2972 4835 fuit
3003 4779 3076 4834 ut
