3505 5161
308 4805 369 4854 Ἃ.

527 259 650 313 867
1091 244 1392 298 851-900.
1421 239 1781 311 Mariologia.
1811 239 2092 312 Georgius
2119 241 2248 308 nic„
2274 241 2476 295 Petrus
2504 240 2600 298 sic.
3021 257 3151 311 863

522 428 652 503 ejus
672 428 1097 505 apographum,
1120 427 1280 504 quod
1295 431 1497 487 tamen
1515 428 1804 489 rationem
1861 429 1917 490 b.
1952 429 2139 488 Maria
2167 428 2232 489 V.
2262 432 2472 507 agunt,
2506 429 2678 504 cujus
2710 427 3150 490 immaculatam

520 516 722 593 pot-ius
740 517 1153 595 martyrologii
1170 536 1312 594 prae
1332 535 1395 576 se
1415 517 1550 580 fert.
1581 519 1808 577 Auctor
1863 518 2308 594 conceptionem
2321 518 2562 596 egregie
2576 520 2838 577 testatur
2851 512 2917 597 ¹).
2950 513 3149 574 Habes

520 605 723 683 magni
753 606 1105 682 Legendarii
1138 605 1419 666 austriaci
1435 604 1483 688 ¹)
1515 625 1587 665 ex
1620 606 1806 664 Wolf·
1862 623 1961 665 eas
2009 607 2073 666 in
2118 608 2401 667 Auctario
2445 604 2910 666 Combefisii
2954 608 2998 662 t.
3029 604 3152 665 1,et

521 694 701 753 harde
761 697 893 753 tum
942 695 1059 754 alia
1105 699 1236 754 tum
1285 694 1679 771 praefationes
1740 695 1804 754 in
1861 695 2117 773 Migne
2147 696 2211 754 P.
2232 696 2298 755 G.
2319 696 2376 767 G,
2408 691 3151 760 1335—1528.—-A1ter

521 782 791 860 singulos
837 802 1066 843 menses
1112 784 1233 843 fere
1284 784 1359 844 ad
1406 784 1654 844 verbum
1701 803 1803 844 ex·
1862 787 1956 843 est
1987 785 2266 845 Petrus
2297 785 2538 845 natione
2559 779 2883 865 Siculus2),
2914 782 3020 857 qni
3040 781 3146 842 Sa·

519 872 788 948 scripsit;
837 873 922 932 ita
967 878 1028 932 et
1070 872 1420 948 compilator
1449 873 1805 950 Legendarii
1857 890 2099 933 racenos
2141 873 2392 950 patriam
2439 893 2607 933 suam
2651 872 3003 932 invadentes
3046 870 3143 930 fu-

517 960 1021 1038 windebergensis
1076 971 1154 1025 55
1208 962 1414 1022 breves
1474 962 1629 1022 vitas
1692 981 1803 1022 seu
1857 963 2028 1039 giens
2093 962 2156 1022 in
2209 964 2681 1038 Peloponnesum
2730 959 3146 1038 commigravit

519 1049 891 1109 laudationes
913 1054 1253 1111 sanctorum
1271 1070 1342 1111 ex
1361 1070 1430 1110 eo
1451 1050 1802 1127 desumpsit.
1857 1051 1963 1111 ubi
1994 1054 2289 1128 Argorum
2323 1052 2573 1112 sortitus
2609 1056 2703 1111 est
2732 1052 3143 1126 episcopatum

517 1138 664 1198 Cum
696 1158 835 1199 vero
869 1139 1101 1217 farrago
1131 1140 1425 1215 quaedam
1457 1140 1556 1211 sit,
1591 1141 1654 1199 in
1685 1160 1805 1216 qua
1855 1135 1919 1223 (†
1948 1160 2004 1203 v.
2037 1150 2093 1203 3.
2125 1141 2260 1217 Maj.
2295 1150 2455 1212 8903
2488 1142 2665 1217 juxta
2693 1139 2842 1201 alios
2877 1158 2935 1215 p.
2971 1136 3142 1218 920)-

515 1228 725 1287 multis
745 1229 1080 1299 contractis,
1102 1229 1363 1299 resectis,
1393 1229 1661 1300 mutatis,
1696 1229 1798 1289 de·
1857 1229 1968 1288 Hic
2012 1229 2261 1305 reliquit
2304 1232 2597 1289 orationes
2641 1228 2743 1301 IV,
2790 1228 2952 1287 inter
2993 1244 3143 1303 quas

514 1317 779 1393 pravatis
823 1321 1106 1396 congesta
1149 1321 1295 1377 sunt
1338 1318 1674 1395 fragmenta
1727 1338 1800 1378 ex
1856 1318 2186 1379 orationem
2238 1321 2305 1380 in
2353 1321 2769 1395 conceptionem
2815 1337 2862 1377 s.
2911 1319 3138 1391 Annae,

514 1405 906 1478 documentis,
928 1426 1080 1483 quae
1105 1405 1251 1466 alibi
1274 1407 1509 1479 melius,
1539 1407 1799 1483 plenius,
1857 1407 2093 1482 quando
2154 1408 2428 1483 concepit
2487 1426 2534 1467 s.
2596 1407 2704 1467 Dei
2763 1405 3141 1474 Genitricem,

515 1495 750 1555 fidelius
783 1496 957 1556 nobis
986 1499 1134 1555 sunt
1165 1498 1415 1567 servata,
1463 1496 1601 1556 inde
1646 1496 1800 1557 forte
1856 1515 2035 1572 quam
2097 1496 2277 1555 habes
2339 1497 2404 1556 in
2463 1497 2717 1574 Migne
2768 1496 2832 1558 P.
2883 1494 2949 1553 G.
2998 1492 3139 1562 CIV,

514 1584 738 1643 factum
768 1590 879 1657 est,
910 1586 1071 1661 quod
1102 1586 1235 1644 luce
1263 1584 1504 1661 publica
1534 1585 1800 1645 nondum
1867 1594 2295 1650 1351-1366
2315 1586 2457 1645 etin
2491 1583 2887 1649 Ballerini
2919 1582 3141 1660 sylloge

514 1673 696 1732 fuerit
742 1674 1046 1734 donatum.
1109 1673 1325 1735 Fusius
1374 1673 1526 1734 illud
1574 1674 1799 1734 descri—
1857 1692 1994 1733 cum
2056 1674 2227 1733 docta
2287 1675 2567 1734 historica
2625 1672 3044 1750 disquisitione
3094 1672 3139 1741 1,

513 1761 669 1821 bunt
698 1768 759 1821 et
800 1762 1123 1839 specimina
1152 1762 1439 1823 hactenus
1471 1763 1698 1823 inedita
1727 1782 1800 1822 ex
1864 1771 2225 1827 105—147.
2288 1764 2575 1840 Ejusdem
2617 1766 2714 1825 est
2743 1762 2922 1821 etiam
2954 1761 3142 1820 oratio

513 1869 584 1911 eo
614 1851 872 1913 afferunt
902 1851 1072 1916 Anal.
1091 1851 1234 1913 boll.
1263 1861 1425 1917 1898
1448 1851 1631 1923 XVII,
1672 1863 1798 1915 1—-
1854 1851 2125 1912 funebris
2174 1853 2237 1911 in
2285 1872 2332 1912 s.
2380 1853 2780 1912 Athanasium
2834 1850 3141 1909 Methones

517 1948 597 2002 23
645 1944 706 1999 et
759 1949 1122 2005 123—216.
1196 1940 1396 2000 Vitam
1442 1958 1552 2001 seu
1596 1941 1798 2017 potius
1852 1940 2217 2016 episcopum,
2263 1960 2416 2017 quae
2472 1941 2697 2019 legitur
2741 1941 2812 1999 in
2859 1941 2988 2003 Act.
3039 1937 3142 1997 SS.

515 2031 803 2089 miracula
834 2049 881 2090 s.
914 2029 1245 2107 Walburqis
1274 2030 1509 2105 copiose
1539 2030 1602 2088 ll.
1627 2040 1663 2092 4
1697 2048 1798 2089 ex·
1856 2029 2658 2101 31.Jan.11,1125-1130
2694 2032 2757 2088 et
2788 2030 2854 2087 in
2887 2027 3140 2104 Migne

514 2118 697 2187 hibet,
732 2137 850 2194 quo
882 2136 1059 2195 opere
1089 2118 1403 2196 biographi
1434 2119 1796 2194 posteriores
1851 2119 1892 2178 l.
1924 2137 1971 2181 c.
2002 2137 2058 2194 p.
2098 2126 2550 2183 1365—1380.
2612 2118 2775 2187 Quae
2815 2120 3144 2192 supersunt

511 2206 772 2266 libenter
797 2201 1143 2289 utunturss).
1189 2207 1393 2266 Utitur
1421 2210 1623 2266 autem
1656 2208 1797 2267 stilo
1852 2206 2031 2266 habes
2061 2225 2185 2271 cur.
2218 2206 2686 2267 Gozza-Luzi.
2710 2206 2775 2266 in
2807 2207 2976 2264 Nova
3027 2204 3141 2262 PP.

512 2294 774 2373 turgido,
807 2296 1038 2355 tumido
1069 2314 1137 2355 ac
1167 2300 1453 2367 contorte,
1492 2300 1556 2355 et
1584 2296 1796 2356 verbo-
1851 2294 1997 2356 bibl.
2042 2295 2125 2354 IX
2170 2296 2384 2356 Romae
2439 2305 2606 2359 1888
2657 2305 2713 2365 3,
2770 2302 3002 2358 1-80-
3047 2326 3143 2338 --

510 2403 646 2444 rum
677 2384 842 2443 inani
879 2386 1138 2461 strepitu
1168 2385 1571 2445 narrationem
1602 2384 1795 2444 defor-
1855 2384 2087 2454 Quibus
2103 2384 2312 2444 addes.
2344 2385 2384 2442 J
2398 2384 2766 2461 osephum
2800 2383 2867 2443 in
2887 2383 3139 2459 hymno-

511 2477 651 2543 mat,
684 2477 757 2532 ut
788 2476 989 2533 censet
1020 2473 1647 2550 Holder-Egger,
1686 2473 1794 2549 qui
1851 2473 2164 2549 graphum,
2197 2473 2271 2532 de
2302 2492 2422 2549 quo
2453 2492 2584 2533 mox
2617 2474 2779 2532 inter
2810 2477 3013 2547 poetas
3044 2489 3140 2528 re-

507 2561 663 2621 illud
695 2561 885 2622 edidit
914 2563 1193 2639 pluribus
1217 2562 1522 2623 miraculis
1554 2563 1792 2623 omissis
1853 2561 2009 2621 dibit
2041 2580 2248 2624 sermo,

508 2651 573 2711 in
603 2653 731 2714 ΜΕ.
760 2652 859 2713 SS.
878 2652 998 2724 XV,
1041 2664 1092 2724 1,
1130 2661 1497 2716 535—555.
1544 2652 1792 2712 Plenius

506 2741 659 2800 illud
705 2741 883 2801 habes
928 2741 993 2800 in
1037 2741 1489 2801 Mabillonii
1528 2743 1660 2804 Act.
1692 2741 1791 2800 SS.
1942 2749 2090 2804 477.
2121 2741 2207 2800 Ex
2254 2740 2649 2815 scriptoribus
2683 2740 2972 2798 hactenus
3005 2738 3138 2800 lau·

507 2830 611 2899 111,
638 2839 695 2900 2,
724 2840 1109 2901 287—3063
1144 2830 1209 2889 in
1227 2832 1358 2893 Act.
1380 2829 1475 2888 SS.
1501 2839 1600 2894 25.
1620 2829 1791 2889 Febr.
1849 2829 2006 2888 datis
2037 2848 2220 2904 quam
2250 2828 2499 2906 plurimi
2530 2827 2713 2899 fuere,
2762 2827 2870 2901 qui
2912 2831 2975 2886 et
3004 2845 3139 2886 car·

510 2927 891 2991 523-5423
924 2919 1177 2995 Migne
1197 2917 1443 2993 CXXIX,
1482 2927 1789 2982 867·894.
1845 2918 2007 2978 mina
2053 2918 2423 2994 reliquerint.
2483 2916 2593 2976 His
2643 2919 2923 2992 poetas
2975 2915 3139 2986 haud

1846 3024 2065 3081 paucos
2101 3006 2316 3065 addere
2348 3006 2504 3065 licet.
2549 3005 2871 3064 Andradus
2904 3003 3137 3064 Modi-

598 3105 744 3159 476.
790 3096 863 3155 In
894 3095 1180 3156 Mariae
1211 3095 1279 3159 V.
1331 3095 1537 3155 laudes
1582 3114 1789 3155 excur-
1845 3112 1977 3153 cus
2012 3093 2126 3168 (ita
2157 3095 2308 3155 forte
2340 3113 2403 3154 se
2433 3093 2631 3169 ipsum
2653 3093 2981 3152 modestiae
2999 3111 3137 3168 gra-

504 3187 652 3244 runt
680 3184 799 3244 duo
830 3189 1102 3245 auctores
1132 3184 1350 3262 graeci.
1408 3184 1741 3260 Georgiu
1760 3201 1788 3241 s
1843 3183 1930 3241 tia
1958 3179 2444 3264 cognominavit),
2477 3181 2939 3258 chorepiscopus
2960 3198 3137 3244 seno-

501 3272 979 3345 nicomediensis‚
1019 3273 1093 3333 de
1123 3292 1244 3349 quo
1274 3277 1474 3331 tamen
1506 3272 1788 3331 dubitan-
1845 3271 2050 3330 nensis
2082 3267 2502 3354 (847-848),
2542 3269 2646 3330 sed
2679 3271 2744 3329 in
2775 3287 2941 3328 conc.
2974 3269 3135 3344 pari·

502 3360 663 3431 dum,
683 3380 832 3422 num
850 3363 1046 3422 locum
1067 3365 1294 3422 mereat
1307 3362 1466 3420 inter
1479 3360 1787 3438 theologos
1845 3359 1975 3418 sino
1998 3355 2182 3442 (849)
2215 3378 2352 3419 cum
2382 3359 2659 3419 omnibus
2689 3357 2829 3417 aliis
2861 3357 3135 3433 chorepi-

503 3450 842 3522 catholicos,
889 3470 1024 3510 cum
1070 3451 1254 3510 fuerit
1298 3449 1526 3509 assecla
1568 3449 1785 3520 Photii,
1842 3448 2053 3523 scopis,
2087 3448 2394 3523 quierant
2424 3449 2489 3507 in
2512 3447 2779 3517 Francia,
2812 3446 3133 3523 depositus

501 3539 605 3613 qui
669 3557 806 3597 eum
867 3558 936 3597 ex
1006 3557 1256 3617 magnae
1325 3537 1604 3598 ecclesiae
1679 3538 1785 3602 GP.
1842 3535 1902 3611 (†
1964 3556 2019 3612 Ρ.
2068 3556 2119 3597 a.
2183 3533 2357 3617 853),
2419 3537 2632 3595 librum
2691 3537 3131 3607 revelationum,

500 3626 952 3703 chartophylace
982 3628 1317 3703 praesulem
1337 3626 1659 3686 constituit
1688 3627 1784 3685 ni·
1843 3643 1962 3701 quo
2024 3626 2196 3700 plura
2241 3643 2347 3700 pro
2397 3625 2644 3684 historia
2682 3624 2780 3682 sui
2842 3623 3132 3698 temporis

499 3714 951 3775 comediensem.
1014 3715 1224 3776 Photio
1269 3716 1495 3791 dejecto
1541 3717 1604 3774 et
1655 3715 1784 3791 ipse

498 3803 617 3862 fuit
676 3803 982 3880 depositus
1000 3848 1014 3876 ,
1092 3805 1321 3880 illoque
1382 3803 1662 3864 restituto
1724 3807 1786 3863 et
1917 3800 1955 3868 ¹)
1983 3796 2066 3849 Cf·
2088 3793 2253 3847 Ball
2273 3792 2472 3847 esini
2503 3791 2796 3847 issMOUitO
2814 3792 3131 3862 Ρῐὸθωὶθθῡ

499 3892 790 3970 Georgius
835 3893 910 3953 ad
955 3894 1262 3953 ecclesiam
1305 3892 1487 3951 rediit
1525 3893 1785 3952 nicome-
1838 3867 2210 3993 ξιξῖξῑέῐῗῦἓᾈ
2224 3862 2608 4002 qssggtessffifflt
2620 3863 3132 3989 οἱῖιέῑξῖιὲῢῡξ

497 3980 779 4044 diensem.
827 3983 1038 4042 Plures
1060 4001 1298 4058 quoque
1318 3983 1554 4040 exstant
1583 3981 1783 4040 Photii
1837 4007 2119 4076 Deipam
2158 4005 2585 4069 illustrandum,
2629 4003 2873 4060 Parisii„
2905 4012 3062 4061 1855.
3087 4004 3133 4069 Ι,

494 4069 569 4129 ad
615 4089 753 4129 eum
798 4071 1103 4146 epistolae.
1167 4070 1435 4145 Reliquit
1482 4068 1781 4127 orationes
1840 4085 1945 4135 148
1968 4095 2056 4140 aa„
2083 4077 2186 4130 ubi
2212 4076 2385 4130 etiam
2410 4079 2486 4157 (p.
2513 4077 2633 4147 147)
2660 4075 3131 4143 conqueriturde

492 4158 783 4233 plurimas
808 4156 985 4235 (forte
1018 4170 1155 4228 170,
1191 4158 1239 4216 si
1275 4161 1418 4216 sunt
1437 4152 1780 4237 genuinae),
1838 4148 2096 4203 versione
2140 4147 2463 4203 Combefim
2509 4162 2690 4215 „quae
2733 4146 2956 4201 nedum
3001 4161 3131 4228 per-

494 4265 526 4304 e
559 4248 781 4322 quibus
812 4247 862 4304 X
897 4250 1136 4307 tantum
1165 4247 1551 4322 prodierunt3
1599 4245 1676 4303 IX
1708 4245 1781 4303 de
1838 4217 2606 4356 ἓὲἰεῗέἑῗένΰῖθξηίἒξῗῑέἕηῗ
2617 4215 3132 4358 ἐὲὃνθὲῗίξιίξῗέιῗ

1837 4379 1897 4415 ce
1942 4361 2157 4416 tionem
2176 4359 2377 4413 referri
2393 4361 2625 4427 queant,
2652 4356 2773 4412 vim
2801 4358 3131 4413 sententiae

570 4437 609 4504 ¹)
637 4433 783 4487 Fuse
828 4435 897 4488 de
943 4435 1050 4487 hoc
1095 4450 1186 4503 op,
1230 4433 1467 4496 inedito,
1519 4449 1633 4501 quo
1676 4440 1782 4489 580
1836 4450 1905 4488 ve
1954 4434 2281 4486 enervatam
2322 4430 2412 4483 vel
2451 4431 2566 4483 fere
2592 4429 2944 4483 exstinctam
2969 4444 3132 4498 repe-

494 4503 647 4557 vitae
673 4505 1039 4572 passionesve
1069 4503 1387 4573 descriptae
1415 4509 1568 4567 sunt,
1607 4504 1779 4558 disse-
1834 4505 1996 4558 rias.“
2050 4502 2090 4554 Ε
2107 4503 2146 4555 h
2162 4518 2191 4555 r
2209 4502 2248 4554 h
2263 4517 2296 4553 a
2312 4520 2339 4553 r
2354 4501 2391 4554 d
2416 4501 2572 4571 apud
2598 4499 2647 4553 K
2662 4516 2693 4553 r
2708 4519 2748 4554 u
2765 4519 2824 4554 m
2844 4502 2881 4553 b
2896 4517 2934 4554 a
2950 4517 2982 4553 c
2998 4501 3037 4576 h
3054 4516 3085 4552 e
3100 4517 3131 4552 r

494 4576 633 4627 runt
671 4575 951 4628 Analecta
996 4577 1127 4630 boll.
1174 4582 1311 4632 1898
1338 4574 1513 4639 XVll,
1540 4581 1779 4632 24—-962
1837 4593 1892 4644 p.
1923 4579 2023 4631 166

494 4645 565 4697 de
589 4644 946 4714 Legendario
968 4646 1441 4714 windebergensi,
1469 4645 1546 4698 ib.
1564 4649 1777 4701 97-1‘22.
1909 4653 1948 4714 ²)
1980 4644 2142 4698 Alius
2166 4648 2356 4696 tamen
2382 4645 2469 4696 est
2492 4658 2527 4695 a
2555 4641 2596 4694 P
2613 4658 2642 4695 e
2659 4646 2779 4696 tro
2803 4641 3009 4706 aiendo,
3030 4657 3128 4695 cu-

569 4718 611 4784 2)
639 4715 723 4766 Cf.
751 4715 898 4768 Hist.
924 4716 1012 4768 lit.
1040 4717 1106 4778 V,
1134 4721 1399 4774 682·685;
1426 4715 1738 4769 Potthas
1757 4719 1781 4768 t
1827 4718 1924 4784 jus
1951 4732 2125 4784 supra
2143 4735 2208 4839 (p.
2233 4719 2338 4771 783
2367 4711 2712 4767 mentionem
2741 4713 3007 4769 fecimus.
3039 4713 3128 4766 Cf.

499 4801 552 4849 p.
585 4788 736 4838 1630.
1836 4786 1880 4839 E
1898 4787 1937 4839 h
1954 4787 2035 4839 rh
2051 4803 2083 4838 a
2101 4805 2127 4838 r
2205 4785 2358 4856 apud
2385 4783 2782 4838 Krumbacher
2806 4792 2837 4851 9
2868 4788 2989 4841 167.
