3505 5161
449 233 573 287 487
910 223 1206 272 501—550.
1237 217 1574 287 interpretes
1602 234 1643 270 s.
1669 213 1875 285 Script.
1905 213 2231 285 Procopius,
2259 214 2604 285 Olympiod„
2943 232 3071 286 483

442 423 498 478 p.
536 414 570 465 3
604 421 662 478 p.
701 399 1180 481 2793—2826).
1224 402 1369 476 Ejus
1402 419 1554 476 opus
1587 419 1725 476 apo-
1782 402 1901 460 Job
1917 395 2564 481 collectoreNiceta2)
2598 420 2688 476 ep.
2707 401 2912 459 Seri-ae
2928 400 3068 460 dein

444 490 772 567 logeticum
805 492 1082 549 adversus
1113 490 1380 549 Proclam
1420 491 1724 566 neoplato-
1784 489 2162 565 metropolita
2223 490 2580 549 heracleensi
2632 488 2907 569 (exeunte
2955 509 3066 550 sec.

441 580 661 649 uicum,
697 580 748 637 si
777 580 954 639 breve
1003 580 1256 655 excipias
1304 580 1723 657 fragmentum,
1781 575 1908 663 XI),
1924 579 2298 639 editaaPatr.
2321 578 2362 636 J
2376 579 2504 637 uni
2527 596 2560 636 o
2580 579 2840 637 Londini
2870 591 3069 651 16373

441 668 638 745 periit.
700 669 783 727 Eo
834 669 1163 744 plurimum
1207 686 1373 740 usus,
1421 669 1539 726 imo
1571 668 1725 726 illud
1781 670 2036 746 Migne
2070 668 2270 738 XCIII,
2298 678 2627 738 11-470;
2661 670 3066 728 commentarii

442 758 824 831 exscripsisse
901 757 1123 817 dicitur
1201 758 1340 816 Nic
1355 776 1388 816 o
1403 758 1425 815 l
1442 777 1476 816 a
1493 777 1534 815 u
1550 776 1577 816 s
1654 757 1725 815 de
1783 761 1844 816 in
1864 756 2176 816 Proverbia
2196 754 2524 837 (470—-47
2538 754 2620 839 8),
2651 760 2887 816 tantum
2908 758 3068 835 frag-

443 846 759 905 Menthone
783 847 861 923 (fl.
878 866 927 904 a.
953 858 974 909 1
993 860 1026 909 0
1038 856 1070 910 8
1089 858 1243 909 1-1
1265 859 1287 909 1
1306 842 1415 929 60)
1431 846 1495 904 in
1511 865 1618 905 sua
1634 865 1725 905 re·
1784 849 1982 905 menta
1998 846 2183 905 latine
2200 851 2525 921 supersunt
2541 868 2554 916 ;
2591 849 2651 903 in
2677 848 3065 907 Ecclesia-aton

437 938 723 1008 futatione
742 937 946 1008 Procli,
973 956 1150 1011 quam
1170 936 1359 994 edidit
1386 935 1442 994 J.
1464 936 1514 995 V
1530 943 1562 995 ὃ
1581 956 1637 994 ιιι
1656 935 1725 993 el
1783 936 2241 995 commentarius
2318 936 2657 994 succinctus
2676 979 2689 1005 ‚
2770 935 3063 1009 eruditus,

441 1025 1121 1095 Frankfurt1825‚adeo
1134 1026 1725 1084 utDemost.Bussos
1783 1025 1982 1083 brevis
2015 1027 2078 1082 et
2108 1025 2349 1102 elegans
2393 1025 2568 1099 juxta
2598 1024 2900 1099 triplicem
2931 1046 3065 1085 sen-

441 1115 735 1190 conjiciat,
771 1114 1039 1190 Procopii
1072 1134 1223 1189 opus
1255 1132 1377 1173 non
1396 1132 1526 1172 esse
1556 1133 1722 1191 pror·
1782 1132 1934 1185 sum,
1998 1114 2061 1173 in
2123 1115 2295 1178 Auct,
2356 1112 2500 1173 bibl.
2544 1114 2657 1175 PP.
2717 1132 3066 1190 graecorum

441 1220 543 1262 sus
621 1203 1018 1278 deperditum.
1100 1204 1316 1262 Verum
1394 1204 1723 1262 Barden-
1782 1203 2090 1271 Ducaei‚
2139 1202 2381 1262 Parisiis
2421 1212 2585 1265 1624
2619 1203 2682 1261 in
2711 1204 2767 1274 f.‚
2817 1205 3065 1281 Migne

441 1293 481 1350 h
498 1311 528 1350 e
545 1311 695 1351 wer
724 1293 761 1354 l.
794 1310 842 1349 c.
867 1292 1106 1350 dubitat
1119 1292 1192 1350 de
1216 1293 1535 1369 fragmenti
1556 1292 1722 1351 illius
1781 1312 1836 1367 p.
1886 1300 2233 1355 478—627
2257 1315 2270 1364 ;
2326 1292 2733 1350 commentarii
2776 1295 2839 1351 in
2882 1293 2937 1355 J
2941 1313 3063 1352 cre-

441 1381 828 1457 genuinitate,
880 1381 1018 1443 hinc
1062 1382 1419 1458 hypotheses
1469 1382 1539 1440 de
1571 1382 1723 1441 rela-
1782 1383 1977 1458 miam,
2012 1381 2250 1439 Baruch
2301 1388 2352 1438 et
2409 1381 2668 1440 lerenos
2719 1381 3068 1457 prodierunt

440 1470 605 1528 tione
636 1470 828 1546 operis
860 1470 1088 1529 Nicolai
1135 1470 1207 1528 ad
1253 1470 1406 1528 illud
1452 1470 1723 1547 Procopii
1777 1472 2015 1529 tantum
2078 1470 2411 1547 fragmenta
2471 1489 2539 1529 ex
2590 1473 2797 1529 catena
2848 1472 2951 1530 Gh
2970 1473 2987 1529 i
3004 1492 3066 1531 s-

440 1559 745 1618 vacillant.
781 1592 863 1602 --
898 1559 1091 1635 Opera
1109 1559 1381 1635 Procopii
1397 1556 1445 1638 ¹)
1478 1560 1724 1637 collegit
1778 1559 1965 1617 lorii
1996 1560 2060 1617 in
2092 1559 2196 1618 hos
2228 1559 2291 1617 ll.
2324 1559 2570 1618 Parisiis
2609 1569 2805 1630 1623;
2828 1560 3067 1638 Migne

440 1649 701 1723 primum
752 1649 1003 1725 Migne
1052 1648 1115 1706 P.
1162 1650 1227 1711 G.
1273 1649 1601 1707 LXXXVII.
1633 1682 1722 1692 —
1782 1658 2163 1720 627—7803
2196 1647 2595 1724 fragmentum
2628 1648 2691 1707 in
2732 1650 2871 1709 Luc.
2898 1662 2952 1719 6,
2981 1660 3058 1713 23

438 1738 582 1812 Ejus
631 1737 962 1812 discipulus
1012 1743 1073 1796 et
1123 1737 1184 1795 in
1232 1738 1491 1815 regenda
1523 1738 1723 1797 schola
1776 1738 1957 1795 habes
1990 1737 2070 1799 ib.
2103 1758 2157 1813 p.
2199 1747 2355 1801 779:
2398 1757 2606 1796 verum
2639 1737 2759 1797 sere
2793 1741 3058 1798 omnium

439 1844 740 1885 successor
756 1827 797 1885 C
814 1826 849 1883 h
866 1844 900 1884 o
917 1845 948 1883 r
963 1827 983 1884 i
999 1827 1040 1884 k
1057 1827 1076 1884 i
1091 1845 1162 1885 os
1195 1827 1458 1903 gazensis
1473 1827 1722 1902 reliquit
1776 1826 2243 1903 fragmentorum
2275 1827 2618 1903 genuinitas
2650 1846 2769 1886 non
2791 1832 2885 1887 est
2899 1833 3053 1886 extra

440 1916 768 1974 orationem
800 1916 868 1973 dc
883 1918 1084 1990 sunere
1101 1917 1366 1992 Procopii
1397 1920 1458 1975 et
1476 1916 1540 1975 in
1557 1934 1719 1975 sum·
1777 1916 2255 1978 controversiam.
2320 1915 2452 1974 Alia
2495 1916 2761 1975 nondum
2795 1922 2938 1976 sunt
2965 1936 3053 1975 re-

439 2023 603 2063 mum
626 2004 856 2071 ducem,
888 2023 1065 2080 quam
1087 2004 1275 2063 edidit
1307 2007 1350 2062 F
1367 2025 1400 2063 a
1415 2006 1454 2063 b
1472 2006 1535 2063 ri
1551 2024 1581 2063 c
1598 2006 1617 2063 i
1633 2025 1675 2064 u
1691 2024 1718 2063 s
1776 2007 1961 2080 perta.
2012 2041 2017 2046 ·

439 2094 502 2151 in
521 2093 666 2153 bibl.
687 2112 775 2170 gr.
797 2093 886 2154 ed.
917 2105 965 2155 l.
985 2094 1319 2172 Hamburgi
1348 2105 1459 2158 171
1479 2103 1531 2164 7,
1557 2094 1716 2164 VIII,

443 2191 560 2245 841
602 2201 676 2240 ss.
697 2204 710 2252 ;
743 2184 842 2240 Bo
863 2183 1175 2242 issonad
1194 2202 1225 2241 e
1258 2183 1718 2261 Choriciigazaei

439 2271 751 2340 orationes,
830 2272 1301 2341 declamationeS,
1364 2272 1715 2349 fragmenta,

437 2359 676 2418 Parisiis
718 2369 878 2423 1846
914 2381 969 2436 p.
1009 2370 1252 2431 1—243
1301 2362 1356 2422 C.
1391 2363 1717 2420 Kirsten

440 2449 827 2517 Quaestiones
878 2450 1270 2521 Choricianae,
1321 2451 1718 2510 Vratislaviae

444 2549 470 2600 1
487 2547 519 2602 8
532 2548 565 2599 9
576 2547 632 2602 4.

530 2726 671 2779 274.
703 2717 973 2793 Procopii
1019 2719 1283 2794 aequalis
1327 2719 1445 2778 fuit
1477 2719 1616 2794 Oly
1628 2738 1716 2776 m-

435 2806 561 2881 pio
580 2806 619 2863 d
638 2824 671 2864 o
688 2825 719 2863 r
734 2826 776 2865 u
791 2824 836 2877 a,
884 2828 918 2865 a
949 2808 986 2864 J
992 2826 1178 2866 oanne
1210 2809 1263 2865 N
1268 2809 1450 2866 ikiote
1490 2808 1714 2866 archie-

1869 2191 1902 2244 2
1916 2194 1947 2245 7
1959 2193 2015 2245 5.
2046 2182 2492 2241 Praetermissis
2516 2184 2562 2241 B
2580 2201 2611 2241 e
2628 2184 2649 2241 l
2666 2184 2686 2241 l
2703 2203 2734 2241 a
2750 2186 2778 2241 t
2790 2203 2824 2242 o
2840 2203 2869 2241 r
2883 2202 2929 2253 e,
2961 2184 3057 2242 cui

1777 2271 2331 2330 Cassiodorius
2364 2271 2437 2329 de
2469 2272 2794 2334 institdiv.
2816 2273 2901 2331 lit.
2924 2286 3053 2335 c.1.

1781 2370 1813 2422 5
1850 2364 1910 2418 et
1944 2372 1977 2424 6
2013 2361 2233 2419 tribuit
2251 2362 2693 2436 explanationes
2716 2364 2777 2419 in
2797 2362 2852 2417 ll.
2874 2362 3053 2436 Ruth,

1781 2449 2002 2520 Tobiae,
2080 2450 2308 2526 ιῙιιιίἰίΙι,
2389 2451 2616 2526 Esther,
2699 2451 3051 2525 Sapientiae,

1777 2539 2260 2598 Machabaeorum
2305 2542 2366 2599 et
2410 2540 2742 2600 versionem
2789 2540 3057 2598 homilia-

1774 2647 1907 2687 rum
1941 2629 1987 2688 Ο
2003 2649 2034 2688 ι·
2048 2629 2069 2687 i
2085 2649 2126 2705 g
2140 2648 2172 2687 e
2185 2631 2306 2687 nis
2340 2631 2613 2708 (quorum
2636 2630 2793 2687 nihil
2812 2648 3055 2705 prorsus

1774 2714 2093 2800 superest),
2156 2721 2218 2777 et
2281 2737 2326 2777 s.
2368 2717 2407 2776 J
2422 2737 2464 2777 u
2478 2736 2506 2775 s
2523 2723 2549 2774 t
2563 2736 2597 2776 o
2659 2718 3053 2794 urgellitanae

1773 2808 2050 2866 ecclesiae
2081 2808 2356 2883 episcopo
2401 2810 2463 2865 et
2508 2806 2686 2865 fratre
2718 2807 2756 2864 J
2760 2808 3056 2866 ustiniani

436 2895 674 2971 piscopo
688 2892 1714 2978 alexandrinomonophysita(†516)
1774 2893 1873 2972 (de
1906 2915 2024 2971 quo
2056 2896 2131 2956 cf.
2161 2917 2217 2973 p.
2254 2892 2427 2977 483),
2462 2896 2632 2971 cujus
2653 2900 2748 2954 est
2779 2897 3057 2974 (Migne

435 2984 748 3043 ordinatus
781 2985 1062 3043 diaconus
1115 2980 1300 3066 (unde
1352 2987 1481 3061 ejus
1515 2987 1713 3044 ortho-

435 3073 610 3131 doxia
627 3073 903 3132 nonnihil
923 3070 1244 3153 suspecta),
1275 3075 1525 3149 reliquit
1542 3076 1716 3151 plura

435 3163 853 3221 commentaria
883 3164 947 3221 in
978 3181 1024 3222 s,
1045 3163 1426 3239 Scripturam,
1460 3182 1712 3239 quorum

434 3255 760 3326 supersunt
820 3252 1154 3329 fragmenta
1203 3255 1323 3311 fere
1372 3271 1440 3311 ex
1490 3252 1714 3311 catenis

434 3340 692 3398 collecta.
756 3340 847 3399 Ita
879 3342 1165 3418 leguntur
1197 3342 1414 3400 scholia
1444 3342 1711 3416 ejusdem

432 3430 496 3486 in
529 3429 638 3486 Job
671 3430 733 3486 in
768 3433 971 3488 catena
1001 3434 1240 3505 patrum
1273 3448 1615 3507 graecorum
1647 3431 1713 3488 in

513 3637 547 3704 ¹)
576 3633 657 3688 Cf.
721 3632 1064 3687 Ehrhard
1104 3634 1164 3686 in
1203 3634 1716 3690 Krumbacher

432 3703 631 3758 Gesch.
658 3705 758 3757 der
787 3707 1010 3774 byzant.
1028 3706 1134 3759 Lit.
1152 3707 1236 3761 ed.
1259 3716 1290 3762 2
1305 3724 1436 3777 pag.
1458 3715 1575 3763 1⁶25.
1594 3716 1712 3767 210;

431 3779 490 3828 et
517 3776 628 3827 KL.
657 3776 721 3838 X,
750 3785 856 3832 454
882 3796 952 3832 s.:
980 3778 1529 3832 Bardenhewer
1554 3788 1582 3845 §
1613 3787 1708 3835 101

430 3865 485 3901 n.
517 3855 542 3903 1
567 3869 578 3905 ;
605 3847 650 3900 Ε
668 3865 748 3900 rn
764 3865 793 3900 e
811 3868 835 3900 s
853 3849 913 3902 ti
952 3849 1020 3902 de
1050 3849 1313 3919 Procopii
1341 3850 1405 3905 G.
1434 3867 1713 3904 commen-

430 3918 592 3973 tariis
618 3919 837 3988 graecis
863 3920 925 3973 in
951 3922 1402 3991 heptateuchum
1449 3925 1506 3975 et
1534 3922 1710 3977 canti-

429 4007 558 4044 cum
587 3990 837 4055 ineditis,
865 3991 1708 4062 comnientatio,Leipzig17'75:

428 4062 501 4114 W
519 4077 548 4115 e
567 4080 603 4113 n
619 4063 654 4115 d
673 4066 740 4118 la
756 4081 796 4116 n
811 4062 847 4116 d
886 4063 1012 4118 Neu
1040 4064 1340 4117 entdeckte
1370 4064 1710 4134 Fragmente

428 4133 657 4197 Philos„
689 4133 879 4188 Berlin
906 4141 1036 4191 1891
1063 4155 1117 4205 p.
1141 4143 1404 4191 29—105.
1435 4142 1708 4204 109—243

427 4205 885 4259 Eisenhofer
915 4206 1088 4260 Proco
1133 4206 1224 4260 ius
1252 4225 1301 4264 v,
1331 4206 1394 4261 G.
1423 4207 1547 4261 eine
1586 4207 1709 4260 lite·

429 4277 928 4331 raturhistorische
978 4280 1080 4332 Stu
1125 4279 1178 4332 ie
1224 4277 1494 4348 (praemio
1535 4278 1707 4331 dona-

428 4351 568 4418 tum)
599 4348 874 4418 Freiburg
908 4355 1070 4410 1897;
1124 4349 1256 4402 Nir
1273 4368 1342 4403 sc
1359 4350 1433 4403 hl
1461 4349 1557 4414 ΙΙΙ,
1585 4355 1705 4406 322.

427 4418 507 4472 De
535 4420 658 4488 ejus
686 4437 776 4490 op.
802 4420 1071 4474 adversus
1100 4421 1360 4475 Proclum
1401 4422 1472 4474 cf.
1499 4419 1546 4473 D
1564 4438 1590 4473 r
1607 4438 1640 4474 a
1657 4437 1706 4474 e-

427 4508 451 4542 s
469 4507 497 4543 e
514 4490 552 4542 k
571 4508 600 4543 e
645 4490 706 4544 in
754 4491 1190 4559 Byzantinische
1239 4491 1505 4546 Zeitschr.
1552 4495 1705 4548 1897.

425 4561 518 4618 VI.
533 4568 773 4620 55›—91;
801 4563 850 4616 J.
869 4563 903 4616 S
919 4566 942 4615 t
957 4565 977 4616 i
992 4583 1030 4633 g
1046 4565 1063 4618 l
1080 4583 1136 4617 m
1151 4581 1184 4615 a
1199 4581 1236 4632 y
1254 4581 1280 4616 r
1305 4563 1383 4616 ib.
1405 4571 1541 4621 1899
1559 4565 1706 4629 VIII,

427 4639 728 4688 263—301.

498 4708 541 4773 ²)
559 4704 641 4757 Cf.
661 4704 1202 4771 Bardenhewer§
1225 4713 1323 4762 106
1340 4725 1395 4759 n.
1420 4706 1705 4771 l,etEhr·

425 4774 609 4826 hard
637 4776 792 4843 apud
819 4776 1332 4830 Krumbacher
1357 4778 1395 4833 l.
1424 4795 1468 4832 c.
1499 4798 1552 4848 p.
1585 4782 1702 4834 127.

1773 2979 2003 3055 LXVII,
2041 2981 2419 3066 961—994)
2455 2985 2697 3043 libellus
2731 2985 3057 3059 expositio—

1773 3074 1865 3132 nis
1895 3077 1957 3131 ἑτι
1979 3073 2220 3133 Cantica
2245 3075 2634 3142 Canticorum,
2668 3076 2864 3132 totum
2882 3074 3052 3132 valde

1772 3163 2034 3221 breviter
2079 3167 2257 3239 atque
2307 3167 2509 3238 aperte
2560 3182 2669 3238 per
2711 3163 3052 3239 allegoriam

1772 3270 2009 3310 sensum
2023 3251 2348 3311 discutiens
2361 3253 2410 3328 ³)
2423 3248 2593 3331 (†p.5
2607 3247 2735 3333 46),
2755 3291 2784 3321 ,
2796 3255 2847 3308 A
2858 3270 2896 3325 p
2907 3251 2969 3309 ri
2983 3270 3055 3309 n-

1772 3342 1965 3417 gius,
2012 3341 2096 3399 ita
2126 3340 2496 3400 Isidorus
2543 3360 2588 3403 c.
2627 3351 2726 3411 30,
2773 3340 3056 3398 ecclesiae

1771 3429 2035 3505 pacensis
2066 3429 2487 3504 Hispaniarum
2522 3431 2835 3506 episcopus
2868 3430 3055 3487 diser·

1770 3522 1872 3577 tus
1907 3519 2113 3595 lingua
2145 3521 2205 3577 et
2237 3519 2489 3578 scientia
2520 3519 2813 3589 erudituS‚
2869 3519 3051 3577 inter·

1772 3611 2041 3682 pretatus
2088 3613 2181 3666 est
2210 3609 2609 3684 Apocalypsin
2641 3608 2895 3666 Joannis
2940 3626 3046 3682 ap„

1771 3697 1981 3755 subtili
2032 3715 2213 3756 sensu
2267 3701 2446 3772 atque
2493 3697 2721 3755 illustri
2762 3714 3046 3765 sermone,
3132 3760 3136 3763 ,

1769 3787 1983 3844 melius
2015 3805 2167 3861 pene
2200 3806 2377 3862 quam
2402 3791 2630 3845 veteres
2664 3785 3051 3845 ecclesiastici

1769 3875 1883 3933 viri
1928 3876 2268 3950 exposuisse
2311 3876 2613 3935 videntur.
2679 3874 2929 3950 Scripsit
2989 3877 3052 3932 et

1844 4067 1881 4134 ¹)
1911 4063 1990 4116 De
2019 4065 2125 4118 hoc
2166 4064 2437 4118 Niceta
2476 4065 2548 4119 cf.
2587 4065 2911 4118 accuratam
2938 4059 3053 4113 dis·

1766 4134 2136 4202 quisitionem
2176 4134 2290 4188 Jos.
2337 4135 2557 4188 Sicke
2576 4153 2611 4186 n
2631 4136 2897 4204 berger
2944 4131 3051 4184 Die

1765 4206 2165 4260 Lukaskatene
2206 4206 2303 4260 des
2331 4206 2570 4260 Niketas
2612 4222 2664 4258 v.
2694 4206 2781 4266 H..
2823 4202 3047 4275 Lipsiae

1768 4284 1903 4334 1902
1932 4278 2021 4348 (N.
2054 4278 2273 4332 Unters.
2301 4297 2355 4333 u.
2384 4279 2556 4331 'l'exte
2584 4277 2706 4341 VII,
2734 4279 2807 4347 2).

1839 4352 1879 4420 ἵ)
1912 4351 1994 4402 Ita
2039 4368 2079 4405 s,
2125 4349 2470 4404 Isidorus
2513 4348 2664 4418 hisp.
2710 4348 2771 4400 di
2817 4346 2920 4400 vir.
2964 4347 3051 4401 ill.

1763 4436 1809 4479 c.
1829 4427 1997 4476 34.-
2017 4420 2265 4475 Joannes
2292 4420 2429 4473 Bar
2456 4418 2845 4490 Aphtonia
2873 4435 3061 4487 syrus,

1763 4492 1939 4546 abbas
1988 4492 2318 4546 monasterii
2367 4491 2775 4546 Kennesrensis
2822 4495 2869 4560 (ψ
2912 4496 3057 4560 538),

1762 4563 2001 4631 reliquit
2026 4563 2200 4618 etiam
2241 4564 2716 4617 commentarium
2742 4567 2801 4616 in
2830 4564 3050 4616 Cantica

1766 4639 1915 4690 Cant.
1942 4635 2228 4689 ineditum
2261 4636 2431 4704 juxta
2472 4636 2521 4687 A
2538 4651 2562 4687 s
2578 4653 2603 4686 s
2620 4651 2650 4688 e
2667 4652 2722 4686 m
2740 4650 2774 4687 a
2789 4632 2865 4686 ni
2905 4631 3052 4686 Bibl.

1764 4723 1842 4758 or.
1874 4708 1939 4770 ΙΙ,
1969 4716 2067 4762 54:
2094 4708 2191 4760 sed
2219 4706 2335 4760 fuit
2358 4705 2778 4776 monophysita.
2802 4737 2861 4745 —-
2888 4704 2930 4757 P
2949 4705 2988 4757 h
3007 4702 3052 4756 i-

1763 4777 2090 4841 loxeneS‚
2117 4778 2282 4848 cujus
2308 4779 2541 4832 hortatu
2571 4777 3001 4846 Polycarpu
3025 4791 3055 4826 s
