3505 5161
452 192 582 252 XIV

1394 185 1672 238 Addeuda
1700 189 1758 237 ct
1783 186 2135 256 corrigenda

451 367 508 416 et
551 364 605 417 d
609 363 742 419 hist.
789 364 857 416 de
899 346 1110 417 l'r'lcole
1152 363 1310 433 frean
1296 363 1431 416 aise
1472 366 1504 417 ἕι
1545 363 1736 428 Rome,
1795 364 1968 418 schen
1997 364 2141 418 Text
2167 364 2287 416 und
2315 363 2608 425 erla-nteit,
2637 365 2895 436 Venedig
2925 373 3076 424 1900.

452 434 565 487 mai
570 435 819 516 -jouillet
850 440 983 490 1896
1024 441 1136 504 p.·.’

1143 442 1212 490 25
1238 451 1276 492 s
1333 434 1517 504 Opera
1546 437 1735 489 tamen
1794 468 1860 476 -—-
1889 435 2000 488 Leo
2030 436 2065 489 S
2086 434 2486 489 ternbach:
2514 438 2597 489 De
2624 439 2844 505 Geor-91⁸*
2857 386 3079 492 8Ριὶιίᾱιιε

453 506 628 559 Isaaci
677 505 947 577 spiritum
987 454 1419 561 heterodoirump
1453 523 1566 559 non
1612 524 1733 577 pro·
1791 507 1948 576 apud
1989 508 2032 560 Τ
2051 508 2088 561 h
2104 523 2133 561 e
2152 524 2183 561 o
2200 524 2238 575 p
2255 506 2293 559 h
2310 523 2344 559 a
2361 525 2398 559 ιι
2415 523 2444 559 e
2461 526 2515 562 m
2554 506 2813 575 aliosque
2854 508 3077 564 histori-

451 577 615 631 dunt.

521 648 656 718 Pag.
673 654 794 706 460.
812 647 1226 713 Quaestionem,
1245 667 1383 702 num
1402 648 1735 703 Boethius

451 719 629 772 fuerit
652 719 1017 783 christianus,
1033 722 1091 774 et
1110 719 1343 788 quidem
1365 722 1581 775 sincere
1604 721 1733 774 fidei

451 790 795 844 christianae
833 792 1113 855 addictus,
1149 795 1412 846 accurate
1463 794 1736 863 expendit

451 864 515 917 G.
557 863 807 917 Semeria
848 864 908 917 in
950 864 1079 918 1.11
1114 883 1176 917 cr
1178 869 1498 920 isto'anesimo
1541 868 1599 918 di
1623 866 1731 919 Sev

427 937 987 999 .Boeziorirendicato,
1006 934 1182 988 Roma
1204 940 1357 992 1900.
1374 935 1733 989 Affirmative

450 1006 755 1076 respondet
780 1006 1071 1077 opusculis
1098 1007 1350 1075 ejusdem
1376 1006 1732 1076 theologiciS‚

452 1094 691 1144 quorum
705 1077 1121 1147 genuinitatem
1134 1077 1507 1147 peremptorie
1520 1079 1730 1142 tuetur,

451 1147 699 1203 innixus.
724 1149 822 1202 Sin
869 1149 1014 1202 ulari
1034 1148 1169 1203 dein
1189 1167 1323 1205 cura
1342 1120 1731 1220 exceptionem

452 1236 519 1272 ex
547 1221 671 1289 ejus
697 1236 789 1289 op.
818 1240 835 1271 ι
858 1238 887 1273 e
914 1220 1303 1276 consolatione
1332 1220 1731 1291 philosophiae

450 1291 766 1344 derivatam
811 1292 1085 1361 expendit
1127 1297 1302 1360 atque
1353 1292 1613 1361 dissipat.
1664 1325 1731 1333 —

450 1367 573 1416 Car.
602 1362 642 1415 C
657 1363 679 1415 i
696 1381 733 1429 p
751 1363 903 1417 olla
930 1364 1171 1417 alteram
1209 1366 1418 1419 tractat
1451 1362 1731 1432 quaestio·

451 1451 577 1486 uem
606 1433 675 1486 de
702 1434 923 1487 Boethii
941 1439 1139 1498 morte,
1156 1453 1294 1489 num
1311 1440 1547 1505 propter
1563 1435 1730 1488 fidem

450 1505 633 1558 eidem
661 1505 835 1558 fuerit
860 1505 1123 1560 addictus
1150 1507 1208 1560 in
1239 1508 1373 1562 diss.
1422 1510 1526 1561 Per
1551 1510 1607 1560 la
1632 1516 1730 1561 sto-

448 1595 479 1629 ν
486 1597 535 1630 ια
575 1580 658 1629 del
686 1596 932 1646 processo
971 1582 1029 1632 da·
1068 1582 1278 1643 Boezr'o,
1320 1578 1531 1633 Romae
1578 1584 1729 1640 1900,

448 1649 832 1716 proponitque
849 1649 1113 1713 rationes,
1119 1667 1274 1731 ’quae
1286 1649 1525 1731 probare
1540 1667 1572 1700 v
1578 1648 1729 1701 iden-

450 1723 544 1771 tur
570 1718 852 1772 illustrem
880 1720 1049 1775 illum
1078 1739 1111 1773 v
1117 1723 1266 1775 irum
1284 1738 1351 1775 cx
1369 1720 1598 1774 motivis
1616 1736 1728 1772 non

450 1793 674 1843 tantum
693 1790 961 1872 politicis,
978 1793 1074 1845 sed
1092 1793 1263 1846 etiam
1281 1792 1566 1863 religiosis
1586 1808 1728 1844 mor

451 1866 559 1915 tem
589 1861 844 1917 subiisse.

518 1931 652 2001 Pag.
704 1939 807 1988 495
857 1937 1052 1990 annot.
1129 1934 1421 2004 Sagaciter
1479 1932 1731 1987 ostendit

450 2002 496 2054 G
515 2021 541 2054 r
557 2002 577 2055 i
594 2020 667 2056 sa
684 2022 711 2055 r
737 2004 1002 2061 Zeitschr.
1030 2007 1122 2059 fiir
1147 2006 1290 2059 kath
1334 2005 1529 2059 Theol.
1547 2004 1731 2059 XXVI

450 2078 702 2145 (190))1)
724 2079 957 2133 760-770
985 2077 1318 2131 Antonin
1340 2095 1448 2130 um
1478 2092 1592 2129 noa
1610 2092 1728 2129 esse

449 2148 648 2199 ιιιοιοι
651 2162 738 2199 em
779 2150 852 2201 lt
851 2153 1073 2217 aerarii,
1115 2149 1267 2218 quod
1310 2148 1409 2201 diu
1456 2148 1563 2200 sub
1605 2148 1727 2216 ejus

450 2216 677 2271 nomine
705 2191 1208 2273 circumferebatur
1237 2224 1295 2274 et
1322 2220 1614 2280 edebatur,
1631 2217 1726 2270 sed

449 2292 706 2341 sanctum
722 2289 1042 2354 tutelarem,
1068 2293 1174 2346 sub
1189 2293 1351 2361 cujus
1367 2289 1726 2370 invocatione

449 2362 506 2411 et
531 2359 707 2412 ductu
750 2360 880 2429 pius
927 2361 1114 2416 viator
1156 2379 1474 2431 anonymus
1515 2362 1623 2415 iter
1666 2360 1726 2413 in

449 2447 605 2483 sacra
634 2431 755 2485 loca
783 2434 1047 2507 suscepit.

520 2502 654 2572 Pag.
684 2511 804 2559 501.
832 2508 878 2555 (s
856 2530 896 2556 r.
926 2506 1030 2557 Mo
1049 2504 1161 2559 rin
1205 2507 1267 2559 in
1296 2504 1488 2560 Revue
1518 2502 1724 2557 Bened.

450 2573 595 2636 XVI,
623 2575 867 2631 97-112
895 2578 1113 2632 textum
1147 2582 1461 2632 Testamenti
1498 2595 1539 2631 s.
1568 2578 1657 2629 Ca
1676 2592 1725 2626 e-

450 2667 473 2694 s·
489 2663 522 2697 a
538 2664 564 2697 r
580 2645 638 2698 ii
682 2647 1015 2702 arelatensis
1041 2649 1207 2702 valde
1233 2649 1567 2702 mendosum
1595 2663 1725 2717 pur-

448 2721 563 2786 gat,
581 2717 918 2786 originalem
936 2721 1233 2775 restituere
1249 2719 1455 2774 nititur
1471 2719 1725 2781 formam,

447 2790 620 2856 atque
648 2789 918 2844 adversus
943 2792 991 2843 K
1008 2810 1036 2844 r
1052 2810 1088 2844 u
1107 2811 1131 2843 s
1148 2810 1176 2846 c
1192 2792 1229 2845 h
1257 2795 1378 2861 ejus
1405 2790 1725 2862 genuinita·

451 2863 562 2911 tem
592 2863 801 2916 tuetur.

522 2930 652 2999 Pag.
705 2941 823 2989 548.
874 2932 957 2986 De
1008 2949 1263 2987 sermone
1314 2951 1352 2987 s.
1407 2932 1438 2985 J
1457 2932 1727 2985 oannis

448 3000 479 3053 J
484 3002 795 3071 eJunatoris
820 3007 883 3059 de
900 3009 1225 3074 poenitentia
1244 3009 1349 3061 etc.
1367 3005 1492 3074 lege
1513 3003 1727 3086 disqui-

449 3072 714 3127 sitionem
739 3076 997 3130 criticam
1024 3078 1149 3131 Seb.
1196 3076 1247 3130 Η
1263 3093 1297 3129 a
1313 3077 1332 3129 i
1350 3077 1385 3129 d
1403 3092 1436 3128 a
1452 3093 1481 3129 c
1499 3075 1536 3128 h
1553 3091 1583 3129 e
1598 3093 1626 3127 ι·
1664 3075 1727 3128 in

449 3144 714 3201 Zeitschr.
742 3147 835 3200 fiir
862 3147 916 3200 k.
946 3148 1142 3204 Theol.
1169 3148 1351 3202 XXVI
1377 3150 1502 3218 (190
1505 3150 1576 3216 2),
1604 3153 1726 3202 380-

449 3221 568 3277 385,
581 3216 641 3268 in
661 3235 774 3285 qua
791 3220 1057 3282 ostendit,
1074 3236 1205 3272 eum
1222 3236 1339 3273 esse
1355 3218 1727 3299 compilatum

449 3302 511 3339 ex
542 3288 713 3340 variis
740 3307 779 3344 s.
808 3290 1047 3344 loannis
1075 3293 1115 3344 (J
1131 3291 1168 3344 h
1187 3309 1265 3358 ry
1283 3309 1306 3343 s
1324 3307 1355 3343 o
1374 3309 1397 3340 s
1416 3295 1484 3342 ιο
1501 3307 1557 3343 ιιι
1576 3289 1595 3342 i
1622 3306 1727 3342 ser-

450 3358 733 3415 monibus.

520 3430 576 3480 P
564 3447 637 3506 ig
683 3437 801 3487 578.
829 3432 1003 3484 Juxta
1046 3433 1136 3489 Βι-
1177 3432 1482 3496 Krusch,
1527 3430 1628 3499 qui
1668 3431 1726 3482 in

449 3499 577 3555 MG.
604 3497 804 3572 Script
833 3519 937 3561 rer
967 3521 1173 3558 merov.
1196 3504 1270 3557 IV
1290 3507 1469 3574 (1902)
1497 3509 1621 3559 339·
1625 3509 1722 3556 351

460 3574 631 3626 Vitam
658 3577 962 3629 Rusticulae
987 3575 1101 3628 sive
1130 3575 1316 3628 Marci·
1307 3592 1372 3628 te
1408 3573 1728 3628 abbatissae

449 3642 783 3698 arelatensis
810 3646 1054 3709 exhibet,
1094 3665 1298 3701 nomen
1327 3646 1455 3700 Flo
1473 3665 1499 3698 r
1516 3662 1544 3698 e
1562 3664 1599 3697 n
1615 3644 1729 3707 tii,

451 3715 557 3768 sub
584 3732 697 3782 quo
726 3716 861 3771 olim
887 3719 1121 3788 prodiit,
1148 3719 1343 3772 fictum
1372 3734 1468 3772 seu
1504 3715 1727 3770 adsciti-

450 3785 597 3839 tium
625 3788 697 3840 ad
725 3788 1021 3843 latendum
1048 3792 1265 3844 censeri
1293 3790 1476 3844 debet.

522 3858 656 3928 Pag·
685 3868 805 3916 582.
834 3860 893 3913 F.
922 3860 1022 3913 Na
1040 3879 1077 3914 n
1104 3863 1335 3915 innixus
1355 3860 1730 3914 relationibus

450 3930 748 3996 cujusdam
777 3935 824 3984 A
844 3950 877 3983 n
897 3950 931 3985 a
948 3951 972 3984 s
988 3935 1059 3986 ta
1077 3953 1101 3984 s
1117 3936 1135 3987 i
1155 3933 1172 3985 i
1200 3933 1269 3986 de
1298 3932 1560 4004 patribus
1577 3947 1729 3985 mon·

451 3999 525 4051 tis
553 4001 709 4054 Sinai
735 4003 911 4057 infert
936 4005 1362 4075 chronologiam
1390 4004 1543 4056 vitae
1563 4003 1593 4054 J
1600 4019 1728 4057 oan

453 4071 540 4122 nis
568 4073 607 4124 C
625 4073 677 4124 1
662 4091 682 4125 1
698 4093 754 4126 ιιι
768 4092 801 4127 a
819 4093 847 4128 c
863 4075 883 4128 i
912 4094 1140 4144 prorsus
1157 4092 1274 4129 esse
1295 4075 1729 4129 reformandam.

453 4141 597 4196 Eum
634 4148 833 4199 natum
885 4163 939 4198 e
944 4164 1000 4200 se
1051 4147 1274 4218 colligit
1322 4149 1453 4199 ante
1502 4162 1552 4199 a.
1597 4148 1727 4202 579·

452 4217 746 4270 tonsuram
797 4219 1076 4289 accepisse
1126 4236 1175 4273 a.
1229 4225 1349 4282 599,
1410 4216 1730 4286 Hegnmeni

452 4303 662 4365 munus
680 4290 990 4360 suscepisse
1006 4294 1139 4343 ante
1156 4307 1205 4345 a.
1223 4297 1256 4347 6
1260 4294 1345 4351 39.
1374 4289 1579 4342 obiisse
1600 4305 1729 4340 vero

453 4355 601 4410 circa
628 4365 825 4416 ·1.649.
879 4361 1425 4430 efissyzantinische
1465 4361 1730 4414 Zeitschr.

454 4429 528 4482 XI
556 4430 780 4500 Lipsiae
814 4439 947 4488 1902
977 4451 1028 4503 p.
1058 4438 1286 4490 35—37.

524 4502 659 4572 Pag.
688 4508 808 4558 590.
852 4503 895 4556 G
915 4521 944 4557 e
962 4521 993 4556 o
1013 4524 1038 4556 r
1054 4503 1163 4575 gii
1204 4502 1417 4556 Pisides
1462 4503 1730 4571 operibus

453 4573 598 4625 adde
626 4574 674 4632 ..Ῑ
708 4575 771 4627 H.
806 4576 1015 4631 Athan.
1047 4577 1107 4631 V.
1139 4574 1457 4628 Tiroean
1487 4575 1599 4627 Das
1628 4574 1730 4626 He-

454 4663 505 4698 x·
494 4652 721 4699 imeron
749 4647 845 4699 des
871 4647 1254 4717 Philosophen
1283 4646 1346 4700 G.
1370 4645 1583 4698 Pisides
1611 4645 1731 4698 her·

453 4735 525 4769 au
533 4718 810 4788 sgegeben
842 4736 1166 4772 zusmnnen
1206 4718 1314 4771 mit
1339 4718 1466 4771 dem
1494 4717 1730 4787 griechi-

1792 594 1884 631 cos
1929 582 2183 649 ‚requies
2231 578 2536 631 Cracoviae
2587 585 2737 635 1899.
2783 610 2850 621 -
2894 581 3077 633 Idem:

1793 652 1872 703 De
1899 654 2119 717 Georyit'
2143 654 2201 704 P.
2226 654 2546 717 fraymente's
2571 666 2605 701 a
2623 650 2668 703 S
2687 668 2722 702 u
2742 650 2760 702 i
2778 650 2814 703 d
2831 668 2865 704 a
2892 668 3074 705 serva-

1793 722 1884 781 tis,
1910 722 1984 775 ib:
2023 721 2393 781 18993idem:
2445 719 2881 777 Observationes
2921 723 2982 776 in
3010 722 3074 778 G.

1791 792 2013 846 Pisidae
2041 793 2294 847 carmina
2319 791 2608 845 historica.
2636 793 2938 863 Appendix
2967 812 3074 848 me-

1793 865 1952 925 trica,
1977 864 2053 918 ib.
2088 869 2236 920 1900.

1863 906 1994 1006 Pa'g.
2024 942 2144 992 615.
2187 938 2351 989 Vitam
2392 953 2434 989 s.
2481 938 2795 989 Columbam'
2829 934 3073 1007 discipu-

1788 1008 2088 1075 lorumque
2139 1008 2262 1074 ejus
2310 1006 2575 1087 (Athalae
2627 1009 2684 1059 et
2726 1005 2995 1074 Eustasii)
3039 1026 3074 1061 a

1789 1076 1820 1129 J
1838 1093 1974 1133 ona
2018 1076 2274 1131 bobiensi
2314 1077 2692 1159 conscriptam
2733 1078 2949 1147 optime
2989 1080 3072 1131 in-

1789 1149 1956 1202 terim
1981 1147 2168 1202 edidit
2193 1149 2282 1201 Br.
2311 1148 2358 1200 K
2377 1167 2457 1201 ru
2475 1167 2498 1201 s
2515 1148 2640 1202 ch
2624 1167 2686 1201 ιιι
2713 1148 2839 1203 MG.
2867 1150 3071 1220 Script.

1789 1237 1894 1276 rer.
1922 1236 2133 1275 merov.
2175 1220 2249 1273 IV
2293 1225 2492 1289 (1902),
2544 1225 2768 1276 1—152.
2799 1254 2860 1262 —
2891 1222 3065 1275 Τοιιιο

1788 1293 1884 1351 [ll.
1907 1297 2189 1347 502-517
2203 1296 2362 1345 vitam
2378 1294 2607 1345 Joanm⁸s
2621 1294 2709 1347 ab.
2728 1293 3071 1348 reomaensis

1788 1366 1835 1433 (†
1861 1381 1906 1418 c.
1936 1365 2058 1432 544)
2079 1362 2203 1430 jam
2229 1362 2500 1423 ediderat,
2529 1379 2746 1415 necnon
2765 1382 2820 1432 p.
2839 1368 3070 1421 399414

1785 1439 1946 1489 vitam
2009 1437 2219 1488 Vedasti
2266 1450 2354 1502 ep.
2404 1435 2779 1489 atrebatensis
2829 1440 2876 1505 (†
2928 1439 3068 1506 540),

1787 1522 1960 1573 quam
2011 1505 2160 1558 inter
2205 1505 2609 1573 pretiosissima
2655 1510 2919 1560 numerat
2955 1523 3068 1559 mo·

1786 1580 2060 1630 numenta
2110 1576 2364 1647 hagiogr
2356 1577 2563 1646 iphica
2612 1580 2786 1646 atque
2836 1578 2866 1629 J
2887 1593 2918 1629 o
2935 1596 2972 1629 n
2989 1596 3022 1631 a
3039 1596 3068 1631 e

1786 1648 1961 1701 nostri
1992 1664 2136 1717 opus
2153 1664 2270 1700 esse
2291 1648 2541 1717 conjicit.
2569 1646 2709 1701 Eam
2729 1648 3068 1715 elegantiori

1786 1719 1918 1772 stilo
1945 1718 2277 1772 retractavit
2303 1721 2349 1771 A
2368 1718 2388 1770 l
2404 1738 2433 1771 c
2455 1738 2487 1773 u
2505 1719 2525 1772 i
2541 1738 2578 1772 n
2596 1738 2634 1771 ιι
2652 1738 2692 1779 s.
2731 1724 2796 1772 ut
2821 1720 3067 1774 diximus

1787 1808 1917 1860 pag.
1945 1794 2050 1847 707
2078 1794 2156 1861 (et
2181 1790 2333 1843 infra
2360 1790 2510 1843 inter
2537 1791 2853 1862 Addenda).

1857 1862 1989 1932 Pag.
2020 1869 2138 1917 616.
2179 1864 2294 1916 Wa
2318 1881 2358 1916 s.
2387 1866 2535 1930 Elo‘yi
2534 1867 2558 1914 i
2578 1865 2810 1917 auctore
2841 1864 2886 1914 A
2906 1881 2940 1914 u
2959 1863 3064 1916 do·

1785 1950 1814 1985 e
1833 1952 1869 1985 n
1887 1951 1918 1986 o
1961 1932 2343 1987 recentissime
2371 1932 2629 2001 prodiit
2613 1951 2674 1986 ιιι
2703 1933 2827 1988 MG.
2856 1934 3065 2002 script.

1785 2022 1889 2059 rer.
1936 2020 2145 2059 merov,
2190 2004 2266 2057 IV
2308 2007 2567 2074 (1902)6
2535 2010 2812 2062 634-*761
2857 2021 3064 2074 magno

1785 2076 2127 2129 eruditionis
2153 2075 2383 2129 criticae
2409 2079 2693 2146 apparatu
2721 2075 3062 2130 instructam

1784 2148 1934 2201 curis
1985 2147 2074 2201 Br.
2127 2146 2432 2202 Krusch.
2484 2180 2551 2188 —-
2602 2147 3062 2210 Vacandard‚

1784 2236 1952 2287 quem
1974 2217 2109 2272 ibid.
2128 2218 2188 2270 in
2209 2218 2578 2272 annotatione
2605 2225 2653 2272 2.
2682 2218 3062 2281 laudavimus,

1782 2290 1841 2343 in
1872 2290 2065 2343 eadem
2095 2289 2288 2343 Revue
2314 2289 2486 2343 LXIX
2513 2294 2696 2359 (1901)
2725 2294 2850 2345 5-58
2887 2289 3061 2342 aliam

1783 2361 1969 2415 edidit
1993 2361 2061 2413 de
2077 2360 2274 2414 eodem
2294 2361 2566 2414 Audoeno
2584 2360 2714 2415 diss,
2735 2360 2821 2413 Un
2845 2362 3059 2428 eveque

1783 2431 2206 2502 merovingien:
2234 2434 2309 2486 St.
2329 2436 2473 2487 Ouen
2487 2437 2625 2487 dans
2636 2452 2730 2486 son
2747 2435 2944 2487 diocese
2956 2454 2979 2498 ‚·
3004 2436 3062 2484 et

1782 2508 1858 2559 Le
1884 2507 2066 2559 Poenae
2102 2507 2166 2556 de
2189 2505 2242 2557 S.
2273 2507 2494 2558 Ansbert
2532 2520 2601 2557 en
2644 2503 2945 2556 l'honneur
2990 2504 3058 2556 de

1785 2576 1836 2630 S.
1866 2575 2046 2638 Ouen,
2075 2573 2379 2644 Rotomagi
2411 2579 2562 2631 1901.

1850 2648 1985 2717 Pag.
2012 2650 2118 2701 623
2145 2665 2183 2698 s.
2227 2647 2320 2700 (311
2338 2665 2463 2701 mm
2480 2663 2509 2698 e
2525 2664 2559 2699 a
2576 2666 2610 2698 n
2629 2647 2650 2699 i
2690 2647 3057 2727 (Coinnieani)

1777 2724 2056 2789 poenitente
2046 2723 2143 2771 fale
2169 2717 2451 2787 originale
2490 2717 2588 2771 diu
2617 2717 2940 2786 quaesitum
2967 2719 3056 2771 de·

1782 2809 1937 2843 mum
1965 2807 2022 2843 se
2061 2789 2337 2858 reperisse
2376 2806 2585 2859 magna
2624 2789 2824 2842 saltem
2861 2791 3060 2858 proba-

1784 2862 2003 2916 bilitate
2031 2860 2269 2915 confidit
2297 2862 2389 2914 Dr.
2416 2863 2530 2915 Jos.
2559 2860 2595 2912 Z
2612 2861 2758 2914 etti
2775 2878 2812 2912 ιι
2831 2880 2869 2930 g
2886 2876 2914 2913 e
2931 2878 2959 2912 r
2996 2861 3060 2913 in

1782 2933 1913 2987 diss.
1955 2934 2017 2986 in
2056 2932 2286 2986 Archiv.
2326 2932 2418 2984 fur
2454 2931 2613 2985 kath.
2653 2931 3064 2986 Kirchenrecht

1783 3005 2036 3058 LXXXll
2063 3006 2263 3074 (1902),
2291 3009 2391 3058 501
2414 3009 2589 3066 -540,
2628 3004 2687 3056 in
2731 3020 2844 3071 qua
2871 3003 3060 3072 ipsum

1783 3077 2024 3130 exhibet.
2055 3074 2473 3128 Concinnatum
2495 3073 2640 3128 illud
2661 3072 2896 3143 conjicit
2913 3074 3061 3127 circa

1783 3147 2033 3200 medium
2061 3163 2166 3199 sec.
2198 3144 2298 3198 Vll
2340 3145 2400 3198 in
2427 3145 2616 3199 Scotia
2656 3146 2743 3198 vel
2774 3145 3060 3198 Hibernia.

1785 3219 1959 3287 Cujus
1986 3234 2118 3271 vero
2147 3217 2297 3270 inter
2326 3221 2412 3270 tot
2437 3219 2810 3269 Cummeanos
2837 3216 2924 3279 sit,
2947 3232 3060 3268 non

1783 3290 1961 3343 audet
2000 3290 2279 3342 statuere.
2331 3304 2446 3340 esse
2492 3292 2684 3341 tamen
2729 3288 3060 3341 Cunnneani

1783 3362 1874 3414 Lo
1893 3379 1930 3412 n
1947 3359 2020 3430 gi
2062 3356 2346 3429 (Cummin
2376 3358 2545 3439 feda),
2584 3358 2808 3412 abbatis
2849 3358 3062 3411 hiensis

1786 3437 1830 3504 (ψ
1858 3436 1954 3487 661
1992 3429 2078 3483 vel
2105 3435 2175 3487 66
2179 3435 2247 3492 ³)
2277 3446 2390 3483 non
2417 3429 2793 3499 improbabile
2821 3433 3025 3490 censet

1854 3503 1989 3570 Pag.
2017 3506 2050 3558 6
2058 3504 2140 3561 27,
2179 3493 2352 3555 Vitam
2377 3520 2418 3556 s.
2447 3503 2711 3556 Desidet-ii
2751 3517 2839 3570 ep.
2867 3501 3063 3554 cadur-

1786 3574 1966 3628 censis
2005 3575 2078 3627 ab
2117 3589 2401 3640 anonymo
2442 3572 2860 3628 concinnatam.
2890 3589 3058 3639 quam

1785 3646 1861 3701 ib.
1889 3645 2269 3706 laudavimus,
2295 3644 2714 3696 accuratissime
2759 3642 2947 3697 edidit
2970 3643 3063 3698 Br.

1785 3716 1930 3769 Kru
1950 3716 2074 3769 sch
2124 3714 2185 3769 in
2237 3714 2362 3769 MC.
2409 3714 2614 3785 Script.
2659 3732 2763 3768 rer.
2811 3731 2945 3772 mer.
2991 3713 3063 3768 lV

1785 3791 1983 3860 (1902),
2011 3792 2164 3843 547-
2174 3792 2310 3841 -·602.

1859 3859 1992 3928 Ριιζ.
2020 3862 2140 3913 682.
2181 3860 2408 3911 Vv'eams.
2431 3859 2816 3911 Emmerammae‘
2834 3859 3064 3910 auctore

1787 3932 2024 3984 Arbeo
2044 3945 2125 3982 ne
2166 3929 2357 3983 critice
2383 3927 2596 3982 editam
2623 3947 2656 3981 a
2682 3927 2773 3983 Br.
2801 3927 3065 3980 Krusch

1784 4003 1892 4056 hac
1943 4000 2317 4082 inscriptione
2395 4003 2508 4054 Vita
2557 4009 2603 4053 et
2641 4018 2794 4069 pass
2789 4004 2829 4053 ‘o
2878 4001 3065 4053 Haem-

1785 4079 1838 4127 h
1856 4077 2023 4127 ammi
2045 4072 2299 4195 episcopi
2327 4074 2383 4123 et
2411 4071 2675 4138 martyris
2715 4070 2928 4124 ratisbo
2940 4086 3065 4122 nen-

1787 4145 1861 4198 sis
1887 4160 2132 4214 reperies
2156 4161 2217 4195 m
2277 4143 2370 4195 1G.
2398 4142 2604 4211 Script.
2631 4160 2737 4195 rer.
2759 4158 2968 4198 merov.
2989 4140 3064 4193 IV

1793 4220 1990 4287 (1902).
1956 4219 2320 4285 >452-526.

1859 4286 1946 4339 Ad
1977 4304 2032 4355 p.
2058 4290 2181 4340 707.
2220 4289 2393 4339 Vnam
2452 4288 2658 4339 Vedasn'
2703 4293 2815 4339 αἰέν
2817 4286 3067 4337 eborensis

1787 4360 1860 4412 ab
1910 4357 2152 4410 Alcuino
2205 4359 2568 4410 retractatam
2613 4357 2788 4408 habes
2837 4355 2894 4406 in
2941 4353 3067 4406 MG.

1789 4428 1994 4498 Script.
2023 4446 2126 4480 rer.
2158 4445 2363 4483 meror.
2393 4428 2488 4489 111,
2515 4434 2726 4482 414—4
2731 4434 2814 4484 25.
2843 4431 2900 4479 et
2925 4443 2972 4492 e
2980 4443 3068 4478 us-

1787 4502 1914 4554 deni
1957 4505 2124 4554 Vitam
2151 4503 2398 4554 Richter-5⁸⁰
2421 4501 2497 4553 ib.
2529 4498 2620 4562 IV,
2657 4502 2756 4552 381
2766 4505 2884 4552 -401
2918 4496 3070 4550 curis

1787 4572 1961 4624 Brun.
1993 4572 2038 4623 K
2056 4589 2137 4623 ru
2157 4589 2180 4622 s
2197 4589 2226 4623 c
2242 4572 2280 4623 h
2309 4573 2571 4623 accurate
2600 4568 2798 4623 editas.

1859 4642 2124 4712 P·1g.736
2168 4647 2363 4696 annot.
2407 4641 2818 4710 Nicephori
2860 4639 3070 4718 Skeuo·
3079 4703 3090 4714 ι

1759 4714 2049 4784 phylacis
2077 4715 2387 4768 Encomimn
2412 4713 2686 4765 hactenus
2703 4709 3022 4766 ineditum'
3007 4727 3065 4761 ιιι
