3505 5161
420 251 542 304 597
856 272 859 275 .
1037 235 1283 303 Agathe,
1310 234 1422 289 Leo
1451 234 1519 295 11,
1546 234 1862 305 Theologia
1890 234 2003 304 pol.
2028 233 2401 305 Sophronias.
2907 254 3034 309 598

415 420 541 479 ficis
575 420 788 478 eximia
832 420 1008 495 plane
1053 422 1294 496 epistola
1339 421 1690 498 dogmatica,
1746 420 1997 496 reliquit
2028 421 2263 496 scripta,
2298 421 2457 480 inter
2471 439 2627 497 quae
2647 421 2870 480 eminet
2893 417 3037 497 'ejus

413 511 478 568 in
523 529 642 585 qua
687 509 930 585 limpide
980 528 1177 568 sanam
1231 510 1304 568 de
1353 510 1576 587 duplici
1631 511 1694 567 in
1748 511 1988 585 epistola
2007 512 2281 586 synodica
2296 506 2362 592 ¹),
2397 510 2459 569 in
2494 529 2612 584 qua
2643 510 2868 586 prolixe
2909 511 3031 569 dis-

415 600 647 658 Christo
678 599 986 658 voluntate
1017 598 1202 657 tradit
1221 599 1568 669 doctrinam,
1601 617 1694 658 ro·
1749 601 1924 674 putat
1974 599 2046 657 de
2094 600 2429 676 praecipuis
2489 599 2624 658 fidei
2675 598 3038 658 christianae

416 707 619 748 manae
652 687 947 746 Ecclesiae
979 688 1470 748 infallibilitatem
1500 688 1693 747 incul·
1749 688 2072 764 mysteriiS,
2107 689 2411 764 speciatim
2443 688 2516 746 de
2549 707 2625 750 ss.
2646 687 2938 747 Trinitate
2972 693 3032 746 et

413 783 507 837 cat
538 775 1133 853 praedecessoresque
1163 796 1303 836 suos
1331 777 1592 836 vindicat
1622 778 1696 835 ab
1749 777 2154 836 incarnatione
2184 778 2376 854 deque
2407 778 2628 853 duplici
2652 777 2872 836 Christi
2894 796 3034 852 ope-

413 865 889 926 adversariorum
937 866 1267 928 calumniis,
1349 867 1432 925 Ea
1481 885 1695 943 magna
1748 866 1981 924 ratione
2012 869 2074 925 et
2107 868 2448 926 voluntate:
2496 868 2655 925 unde
2700 885 2769 925 ea
2807 866 3034 942 praeci·-

414 975 548 1014 cum
567 956 900 1014 reverentia
931 972 966 1013 a
995 956 1219 1031 synodo
1252 956 1372 1014 fuit
1404 959 1694 1031 suscepta.
1748 973 1938 1031 puum
1971 955 2122 1014 forte
2155 959 2245 1015 est
2282 959 2735 1017 monumentum
2781 956 2844 1013 in
2891 974 3034 1014 con-·

412 1045 625 1104 Exstat
669 1045 962 1103 etaltera
1007 1063 1127 1103 non
1159 1045 1357 1104 minus
1388 1050 1702 1121 praestans·
1748 1044 2037 1103 troversia
2067 1063 2201 1104 cum
2222 1045 2637 1105 Monotheletis
2667 1045 3033 1121 praelectum

413 1153 497 1210 ep.
532 1134 807 1210 synodica
838 1143 953 1196 125
975 1134 1407 1210 episcoporum,
1441 1135 1692 1209 quibus-
1748 1134 2212 1209 etapprobatum
2235 1136 2295 1193 in
2308 1152 2466 1194 conc.
2480 1132 3034 1211 oecumenicoV12).

412 1242 545 1282 cum
598 1224 814 1282 Romae
864 1223 971 1281 hac
1020 1223 1095 1281 de
1143 1241 1321 1282 causa
1370 1224 1691 1282 concilium
1749 1222 1889 1280 Eum
1940 1224 2120 1282 habes
2165 1224 2226 1281 in
2273 1223 2517 1283 Mansi
2563 1223 2695 1282 coll.
2743 1241 2898 1283 conc.
2931 1224 3036 1293 XI,

410 1313 716 1380 habuerat,
769 1331 920 1387 quae
969 1312 1089 1371 fuit
1136 1313 1325 1371 veluti
1378 1313 1693 1372 instructio
1751 1320 2135 1381 461—510;
2215 1314 2467 1390 Migne
2543 1311 2888 1382 LXXXVII,
2942 1320 3035 1375 ·3.'

412 1404 776 1478 legatorum,
840 1419 988 1476 quos
1049 1404 1261 1479 rogatu
1323 1402 1695 1461 Constantini
1754 1410 2209 1464 3147—3200.
2291 1402 2531 1477 Maioris
2594 1401 2807 1477 operia,
2872 1401 3038 1481 quod*

412 1491 554 1567 imp.
588 1491 691 1557 GP.
723 1490 967 1549 miserat
1010 1488 1083 1549 ad
1129 1490 1551 1566 pacificationis
1588 1509 1690 1549 ne·
1749 1493 1954 1548 contra
1985 1491 2412 1550 Monotheletas
2447 1490 2770 1564 scripserit,
2818 1490 3030 1548 memi-

411 1582 642 1658 gotium
671 1580 1069 1649 tractandum,
1108 1597 1257 1655 quas
1292 1581 1360 1642 cf.
1393 1598 1527 1639 cum
1559 1580 1694 1638 aliis
1749 1578 1843 1637 nit
1875 1574 2282 1655 Stephanus
2309 1580 2576 1639 dorensis
2596 1574 2776 1660 (apud
2802 1578 3037 1636 Mansi

411 1670 477 1728 in
537 1669 667 1727 coll.
729 1666 888 1727 conc.
947 1672 1010 1727 et
1058 1666 1309 1745 Migne
1357 1668 1687 1737 LXXXVII,
1749 1668 1817 1739 X,
1869 1666 2037 1745 895).
2104 1669 2173 1727 In
2220 1687 2288 1728 eo
2334 1670 2465 1745 ipso
2510 1671 2664 1727 teste
2713 1670 3034 1736 ,sexcenta

421 1766 873 1821 1153—1260.
941 1756 1103 1816 Obiit
1164 1775 1208 1817 s.
1274 1759 1511 1834 praesul
1566 1759 1692 1833 jam
1748 1756 1916 1815 dedit
1945 1758 2290 1817 testimonia
2321 1759 2393 1816 ad
2433 1757 2787 1817 evictionem
2818 1756 3029 1832 impie-

420 1860 516 1911 10.
548 1846 679 1909 Jan.
715 1857 862 1909 6³31.
896 1881 981 1891 ——-
1014 1847 1316 1922 Synodum
1364 1866 1408 1906 s.
1441 1848 1581 1907 Leo
1615 1846 1693 1917 ΙΙ,
1748 1846 1891 1903 tatis
1923 1864 2129 1905 eorum
2161 1849 2222 1906 et
2261 1847 2533 1907 veritatis
2566 1846 3029 1905 ostensionem.‘

413 1932 819 2018 (682—683)
864 1934 1059 2011 patria
1104 1936 1341 1995 Siculus
1387 1937 1691 1995 confirma·
1749 1934 2098 2010 Sequuntur
2147 1936 2352 2012 plures
2414 1935 2679 2012 ejusdem
2743 1953 3034 1993 serattmees

411 2027 500 2084 vit
530 2024 722 2085 literis
755 2025 1010 2102 egregiis
1042 2025 1115 2083 ad
1147 2026 1287 2101 imp.
1322 2026 1496 2095 datis,
1530 2026 1691 2104 ejus·
1749 2043 1856 2082 seu
1902 2024 2198 2084 orationes
2247 2044 2457 2102 graves
2508 2024 2874 2102 dogmaticae
2923 2019 3028 2105 (ib.

413 2134 528 2190 que
577 2114 1040 2190 acceptationem
1092 2114 1249 2189 apud
1300 2113 1692 2174 occidentales
1752 2110 2216 2197 3201—3·364)
2265 2115 2390 2173 scil.
2443 2117 2506 2173 in
2556 2114 2775 2172 Christi
2821 2113 3030 2171 Serva-

412 2202 709 2279 promovit
739 2204 1081 2262 authentice
1111 2204 1294 2262 simul
1324 2202 1691 2273 declarando,
1747 2204 1891 2260 toris
1920 2205 2191 2262 natalitia
2201 2225 2226 2279 ;
2256 2206 2320 2262 in
2350 2223 2425 2262 ss.
2457 2204 2567 2263 Dea·
2595 2204 2891 2280 genitricis
2921 2216 3032 2260 an·

414 2311 532 2368 quo
565 2311 744 2351 sensu
775 2292 1087 2351 anathema
1119 2292 1183 2349 in
1212 2293 1539 2352 Honorium
1573 2292 1693 2350 dic·
1746 2294 2193 2367 nunciationem‚
2257 2293 2362 2369 qui
2425 2311 2617 2352 sermo
2673 2292 2933 2368 primurn
2997 2312 3031 2348 a

410 2386 541 2441 tum
592 2380 674 2442 sit
723 2378 1212 2461 accipiendnm1).
1278 2382 1359 2442 Cf.
1412 2383 1514 2440 has
1564 2382 1688 2458 epi·
1747 2380 2092 2440 doctissimo
2125 2384 2263 2444 Ant.
2314 2381 2708 2441 Ballerini
2756 2385 3032 2457 repertus

411 2472 594 2530 stolas
642 2471 708 2529 in
743 2470 1005 2547 Migne
1037 2471 1099 2529 P.
1132 2471 1197 2528 L.
1224 2470 1418 2541 XCVI,
1476 2480 1692 2535 383-—
1747 2472 1927 2546 atque
1977 2471 2287 2547 sagacibus
2336 2469 2824 2530 annotationibus
2886 2470 3027 2528 illu-

412 2569 557 2625 420.
623 2560 859 2620 Dicitur
889 2561 1069 2620 etiam
1100 2560 1172 2620 de
1219 2578 1427 2638 graeco
1457 2560 1520 2619 in
1553 2559 1690 2619 lati·
1747 2562 1976 2619 stratus
2022 2560 2355 2637 prodiitin
2401 2562 2631 2638 sylloge
2676 2568 3032 2619 monumen-

409 2670 552 2709 num
584 2650 961 2709 transtulisse
993 2653 1122 2709 acta
1153 2650 1368 2726 synodi
1399 2651 1495 2724 VI,
1537 2653 1691 2725 quae
1744 2651 1944 2707 torum
2007 2650 2080 2708 ad
2141 2653 2320 2726 myst.
2370 2654 2632 2725 concept.
2682 2651 2909 2711 immac.
2961 2648 3028 2708 V.

410 2738 604 2798 versio
652 2740 893 2798 videtur
940 2742 1169 2798 exstare
1232 2739 1388 2816 apud
1439 2740 1691 2798 Mansi
1745 2738 2538 2813 Deiparaeillustr.,*Romae
2576 2747 3027 2805 1854-1856,

409 2829 506 2898 XI,
547 2839 672 2892 7:39
706 2847 781 2888 ss.
954 2825 957 2826 ⁷
1746 2826 1989 2884 Parisiis
2030 2837 2482 2898 1855--1857,
2516 2827 2591 2898 11,
2628 2837 2707 2891 33
2744 2845 2819 2884 ss.
2886 2827 3034 2884 Post

1204 2911 1207 2912 ⁷
1744 2933 1838 2989 ep.
1859 2916 2199 2991 synodicam
2219 2917 2607 2993 praecipuum
2628 2919 2721 2975 est
2739 2916 2920 2990 hujus
2944 2914 3028 2972 ill.

1743 3005 2034 3079 praesulis
2095 3010 2562 3074 monumentum,
2615 3005 2678 3062 in
2730 3022 2850 3080 quo
2899 3024 3032 3079 my-

1746 3092 1931 3152 steria
1980 3111 2056 3152 ss.
2111 3094 2417 3153 Trinitatis
2477 3097 2539 3152 et
2600 3093 3031 3152 incarnationis

1744 3183 1979 3258 egregie
2026 3183 2294 3241 illustrat
2348 3186 2527 3258 atque
2572 3182 2857 3241 adversus
2903 3201 3032 3240 om·

1742 3271 1994 3346 nigenos
2025 3275 2237 3330 tuetur
2267 3289 2515 3341 errores,
2568 3272 2760 3346 deque
2793 3289 3028 3345 praero-

1742 3360 1961 3436 gativis
2005 3360 2062 3419 b.
2103 3361 2317 3420 Mariae
2352 3360 2419 3422 V.
2464 3362 2563 3437 pie
2609 3361 3034 3436 sapienterque

1744 3448 2003 3508 disserit.
2071 3449 2418 3525 Recepimus
2467 3449 2622 3508 illud
2660 3449 2818 3508 inter
2849 3467 3029 3524 opus-

1744 3538 1880 3595 cula
1897 3538 2112 3597 selecta
2134 3557 2207 3601 ss,
2228 3539 2342 3602 PP.
2360 3537 2617 3609 XXXIV,
2657 3547 3030 3602 234—320.

502 3139 645 3195 332.
698 3132 1044 3207 Sequuntur
1066 3132 1189 3207 jam
1242 3132 1689 3209 impugnatores

409 3223 601 3280 sectae
632 3221 1322 3292 monotheleticae,
1359 3221 1516 3279 inter
1539 3238 1689 3296 quos

408 3310 675 3369 eminent
703 3310 1049 3385 praesertim
1081 3314 1236 3369 tres:
1278 3329 1533 3385 quorum
1566 3310 1688 3386 pri-

407 3417 541 3458 mus
574 3411 667 3458 est
699 3417 745 3457 s.
780 3398 1300 3474 Sophronias,
1350 3397 1542 3475 patria
1574 3398 1686 3457 Da-

407 3506 738 3558 mascenus,
787 3489 890 3563 qui
929 3488 1120 3547 adhuc
1151 3506 1284 3547 cum
1318 3486 1477 3547 domi
1509 3486 1685 3564 dege-

407 3580 517 3648 ret,
565 3576 852 3636 virtutem
883 3596 1107 3648 eorum,
1159 3578 1262 3652 qui
1314 3577 1548 3636 deserta
1596 3576 1688 3635 in-

409 3665 696 3738 colebant,
731 3666 1157 3726 aemulabatur.
1214 3665 1298 3724 Ex
1330 3665 1599 3741 sophista
1629 3668 1691 3723 et

406 3754 759 3855 philosopho
821 3754 1011 3814 factus
1075 3758 1167 3856 efft
1191 3844 1203 3855 ‚
1241 3755 1573 3856 Ponachus,
1607 3754 1689 3855 ,in
1823 3801 1859 3870 ¹)
1888 3798 2178 3865 Ejusmodi
2211 3796 2512 3865 epistolam
2541 3797 2872 3865 synodicam
2900 3814 3030 3849 cum

405 3848 689 3903 BSOOIOUO
738 3863 782 3902 ⁸·
829 3844 1141 3902 Theodosu
1187 3845 1391 3920 1b¹q¹²0
1439 3843 1689 3901 famma·
1741 3870 2104 3938 expositione
2145 3868 2279 3922 fidei
2326 3869 2488 3921 misit
2513 3887 2556 3922 s.
2584 3868 2639 3920 M
2656 3885 2690 3920 a
2708 3887 2745 3920 n
2762 3887 2786 3921 s
2805 3885 2842 3920 u
2859 3884 2888 3920 e
2907 3871 2932 3919 t
2949 3887 2981 3920 ιι
3004 3886 3035 3919 s

404 3932 555 3991 riter
598 3933 750 3992 vixit
794 3951 927 3992 cum
975 3933 1205 3992 Joanne
1252 3932 1488 3992 Moscho
1534 3926 1598 4014 (f.
1631 3952 1687 4008 p.
1742 3941 2210 4010 archiepiscopus
2236 3939 2847 4010 mediolanensis(†l9.
2869 3939 3032 3992 Febr.

412 4016 586 4104 580),
620 4024 799 4099 atque
820 4022 957 4081 inde
990 4021 1333 4081 conscendit
1366 4022 1565 4081 sedem
1584 4041 1683 4097 pa.
1741 4015 1867 4084 681)
1894 4012 1967 4065 ad
1996 4011 2435 4065 Constantinum
2481 4010 2842 4080 Pogonatum
2889 4010 3032 4077 imp.

405 4110 784 4170 triarchalem
803 4111 1396 4186 hierosolymitanam,
1434 4111 1535 4169 sed
1569 4128 1686 4186 quo
1742 4080 2910 4224 ἓῗῖἓῖὲὲἱῗῒέῗὶοῗὲἒἒὲορῧῑξᾶυξῗιθὲἰὲξ
2934 4080 3030 4204 ἑὲ

407 4219 459 4262 a.
490 4199 860 4259 dissentiunt
891 4200 1009 4259 viri
1041 4200 1281 4268 eruditi,
1318 4200 1686 4275 probabilius
1742 4226 1905 4280 Febr.
1934 4226 2028 4288 ΠΙ,
2061 4235 2122 4282 13
2131 4235 2178 4280 5.
2206 4224 2525 4293 Epistolam
2553 4224 2715 4276 inam
2736 4222 3030 4290 scripsisse

407 4307 456 4350 8.
512 4298 636 4351 634
691 4285 753 4369 (†
810 4301 832 4351 1
860 4301 907 4352 l.
957 4290 1126 4348 Mart.
1178 4287 1353 4371 638).
1419 4288 1689 4347 Plurima
1742 4297 1958 4351 dicitur
1979 4296 2265 4350 Mansueti
2291 4294 2523 4351 nomine
2551 4313 2591 4347 S.
2621 4294 2666 4346 D
2684 4294 2932 4347 amian
2951 4312 2984 4345 ιι
3005 4314 3030 4344 s

1742 4369 2044 4438 episcopus
2073 4368 2368 4421 ticinensis
2404 4372 2687 4438 &680—12.
2719 4366 2854 4433 Apr.
2880 4368 3028 4420 708).

1743 4441 1824 4493 Ea
1850 4440 2137 4508 reperitur
2176 4439 2238 4491 in
2278 4438 2421 4491 actis
2462 4454 2614 4490 conc.
2644 4437 2738 4489 VI.
2781 4439 2915 4488 ante
2941 4453 3029 4487 ac·

1743 4512 1960 4565 tionem
2007 4521 2031 4568 1
2076 4514 2134 4566 et
2173 4509 2375 4580 Mign
2399 4525 2428 4562 e
2466 4507 2787 4570 LXXXXII,
2819 4513 3019 4563 1261-

489 4588 523 4655 ¹)
552 4584 631 4643 Cf,
660 4582 729 4637 de
756 4583 847 4638 his
873 4582 1246 4653 pontificibus
1263 4583 1446 4652 deque
1465 4585 1686 4637 contro·
1746 4589 1900 4640 1268.
1951 4582 2031 4637 De
2074 4601 2114 4636 s.
2156 4582 2435 4636 Damiano
2478 4580 2548 4633 cf.
2587 4581 2712 4633 Act.
2757 4579 2846 4632 SS.
2890 4580 3024 4646 Apr.

408 4656 609 4709 versiis
672 4655 1135 4710 monotheleticis
1215 4653 1481 4708 Hefele
1545 4654 1687 4709 Con·
1741 4655 1812 4719 II,
1840 4659 1924 4710 91.

408 4727 772 4797 ciliengesch.
801 4728 906 4780 1112
931 4736 959 4794 5
985 4732 1084 4782 291
1116 4745 1183 4780 se.
1222 4727 1304 4780 De
1333 4744 1375 4779 e.
1401 4726 1586 4780 Leone
1614 4726 1683 4779 cf.
1818 4728 1857 4786 ²)
1886 4724 1968 4778 Cf.
2016 4725 2083 4778 de
2129 4742 2195 4777 ea
2240 4722 2505 4777 Hefele
2552 4740 2644 4790 op.
2690 4720 2783 4776 cit.
2826 4730 2852 4788 ἓ
2891 4723 3027 4780 297ι

410 4797 810 4852 GrisarKL.
840 4799 1359 4864 V11,1767-1771.
1741 4796 2343 4862 Nirsch11115345
2372 4813 2440 4854 ss,
