3505 5161
479 204 557 255 47
571 202 602 256 5
919 186 1216 237 501—550.
1244 180 1558 251 Scriptores
1584 180 1866 252 polemici.
1892 181 1923 234 J
1930 182 2019 249 ob,
2045 179 2247 245 David,
2274 179 2661 245 Heraclianus,
2967 196 3090 251 475

479 388 654 446 opera
680 366 1233 443 Pseudo-Dionysii,
1269 385 1525 441 quorum
1556 367 1761 426 brevia
1818 362 2191 426 Manichaeos
2220 384 2537 443 aggressus
2569 369 2662 425 est
2692 365 3095 425 Heraclia·

479 460 807 535 supersunt
843 455 1175 532 fragmenta
1188 451 1256 538 1).
1304 489 1389 501 ——-
1439 458 1522 515 De
1567 457 1757 515 incar-
1816 475 1956 515 nus
2008 451 2372 539 (Heraclius)
2421 455 2665 514 ineunte
2703 471 2815 513 sec.
2846 454 2926 513 VI
2971 455 3094 531 epi-

478 545 952 622 nationepariter
975 544 1318 604 disseruitJ
1332 545 1419 605 ob
1437 544 1760 604 monachus
1817 563 2032 621 scopus
2078 543 2557 604 chalcedonensis
2614 543 2752 603 stilo
2798 543 2992 602 nitido
3037 547 3100 602 et

478 640 540 697 in
589 655 681 713 op.
731 630 873 718 (sec.
922 634 1016 704 VI,
1066 633 1219 694 forte
1257 630 1411 715 vn.)
1460 636 1529 693 de
1576 636 1763 695 variis
1816 634 2045 693 conciso
2108 634 2170 692 ll.
2232 633 2334 691 XX
2396 633 2916 710 comprehensum,
2978 652 3098 708 quo

478 728 863 787 oeconomiam
907 730 958 781 et
986 721 1304 783 Ecclesiam
1340 723 1560 783 Chm'sti
1603 741 1761 800 spec·
1817 721 2041 781 evertit
2070 742 2274 783 eorum
2308 723 2532 798 scripta
2561 720 2973 798 Evangelium,
3006 722 3097 798 gi·

480 814 735 877 tentibus
783 813 1228 890 quaestionibus,
1291 812 1449 888 quod
1497 812 1761 872 divisum
1816 814 2099 888 ganteum
2151 813 2372 871 librum
2431 815 2493 870 et
2541 811 2888 871 Thesauros.
2971 810 3097 869 Uti-

477 906 610 965 erat
640 904 703 962 in
735 903 798 963 ll.
834 912 891 964 9.
956 901 1251 961 Prolixam
1295 904 1427 978 ejus
1459 901 1762 977 epitomen
1819 904 1920 960 tur
1950 901 2012 960 in
2058 920 2126 961 eo
2176 901 2415 977 scriptis
2445 898 2929 976 praecedentium
2961 918 3098 959 auc·

481 994 741 1055 servavit
778 990 1107 1050 Photius
1154 991 1279 1052 cod.-
1317 999 1440 1053 222
1480 987 1763 1072 (Migne
1818 992 2035 1061 torum,
2082 989 2541 1068 Hegemonii
2588 989 2729 1058 scil.,
2782 988 2946 1048 Titi
2996 987 3098 1047 bo-

479 1081 628 1152 CIII,
667 1076 1047 1163 735—830)
1082 1083 1145 1139 et
1175 1080 1318 1139 Mai
1350 1080 1575 1156 reperit
1603 1080 1762 1157 frag-
1820 1080 2091 1152 strensis,
2126 1080 2443 1156 Georgii
2473 1078 2846 1149 laodicensis,
2880 1077 3099 1136 Sera-

481 1177 770 1239 mentum,
833 1170 898 1227 in
960 1187 1078 1244 quo
1129 1170 1385 1229 solvitur
1433 1188 1489 1244 q.
1539 1168 1762 1246 prima:
1819 1168 2090 1245 pionis
2152 1188 2247 1245 ep.
2309 1168 2601 1228 Thmueos
2665 1170 2726 1227 et
2775 1165 3101 1226 Diodori

485 1260 718 1330 ‚Quare
738 1258 930 1317 Filius
949 1257 1296 1318 incarnatus
1317 1262 1426 1329 est,
1447 1276 1570 1316 non
1589 1257 1765 1317 Pater
1818 1258 2125 1329 tarsensis,
2189 1259 2295 1334 qui
2358 1261 2565 1317 contra
2625 1257 2860 1316 eosdem
2915 1254 3099 1316 libros

482 1354 589 1409 aut
620 1347 878 1425 Spiritus
910 1364 955 1404 s.
1003 1342 1286 1428 (Migne
1315 1347 1601 1415 LXXXVI
1632 1368 1689 1423 p.
1726 1356 1760 1410 2
1820 1355 2236 1423 composuerat
2264 1347 2437 1409 XXV.
2502 1346 2774 1414 ‚Horum
2818 1363 2960 1421 ergo
2996 1364 3099 1420 pa·

480 1460 612 1516 pag.
636 1432 1104 1520 3313—3320)
1127 1455 1263 1496 cum
1282 1437 1397 1496 alio
1419 1436 1585 1496 brevi
1605 1435 1761 1512 frag·
1821 1440 2002 1508 trum,
2047 1441 2119 1497 ut
2162 1455 2264 1497 eos
2297 1435 2771 1512 sapientissimus
2804 1434 3102 1493 Heraclia-

482 1531 682 1587 mento
741 1521 845 1605 (ib.
884 1521 1102 1607 3320),
1149 1525 1309 1600 quod
1353 1528 1554 1585 tamen
1593 1526 1767 1601 juxta
1821 1543 1935 1583 nus
1987 1526 2273 1596 nominat,
2328 1525 2481 1584 facta
2530 1525 2860 1595 mentione,
2920 1541 3101 1597 quae-

481 1618 529 1677 B
548 1614 1046 1676 ardenhewer
1106 1618 1201 1673 est
1261 1614 1570 1689 cuiusdam
1620 1613 1658 1672 J
1675 1613 1765 1673 ob
1819 1631 2053 1689 cunque
2084 1616 2150 1674 in
2180 1614 2327 1691 ipsis
2344 1634 2481 1685 „non
2513 1614 2657 1673 satis
2688 1613 2937 1672 firmiter
2965 1630 3102 1690 pro-

482 1724 573 1781 ep.
617 1703 1074 1782 apollinaristae.
1108 1735 1196 1745 -—·
1227 1703 1443 1763 Contra
1481 1703 1765 1762 Nesto·
1818 1704 2101 1763 nunciata
2120 1708 2279 1775 sunt,
2312 1704 2576 1775 breviter
2595 1702 2918 1772 confirmat,
2952 1719 3103 1777 quae

483 1795 747 1855 rianos
795 1791 1106 1868 scripsisse
1151 1792 1379 1868 legitur
1426 1791 1490 1852 in
1538 1795 1765 1852 remoto
1822 1794 2255 1869 praetermissa,
2309 1793 2403 1869 pie
2437 1793 2711 1868 supplet:
2761 1809 2912 1867 quae
2956 1789 3102 1855 satis

486 1884 728 1942 Oriente
789 1881 947 1940 circa
1019 1881 1130 1940 hoc
1219 1884 1459 1957 tempus
1522 1880 1764 1940 David
1820 1887 2092 1942 accurate
2111 1882 2362 1958 prodit-a,
2396 1882 2628 1958 integre
2651 1881 2798 1939 citat
2829 1898 2964 1939 cum
2995 1897 3102 1938 no-

483 1973 725 2032 natione
766 1972 1097 2041 Armentis,
1167 1970 1581 2046 philosophuS,
1644 1970 1765 2028 imo
1820 1972 2001 2031 minis
2052 1971 2373 2030 honorifica
2422 1970 2819 2047 appellatione
2880 1967 3101 2026 additis

486 2062 848 2121 Invictus
897 2059 1370 2135 cognominatus,
1432 2060 1763 2134 discipulus
1820 2060 2096 2119 similiter
2144 2079 2295 2136 quae
2346 2058 2463 2118 sibi
2513 2059 2576 2118 in
2625 2060 2886 2117 mentem
2925 2075 3101 2116 vene·

485 2149 736 2208 Isaaci
789 2148 882 2218 M„
942 2148 1278 2223 Mesropi
1341 2153 1403 2208 et
1476 2148 1765 2224 Moysis
1820 2150 2003 2212 rint-,¹
2087 2150 2181 2208 Ita
2255 2148 2586 2207 Photius
2663 2147 2788 2211 cod.
2851 2145 3103 2206 LXXXV

487 2238 558 2297 de
590 2238 852 2297 Chorene
884 2232 981 2318 (cf.
1014 2256 1148 2313 pag.
1183 2246 1301 2299 441
1344 2235 1469 2318 ss.),
1511 2237 1608 2297 cui
1639 2238 1769 2296 erat
1824 2233 2111 2321 (Migne
2142 2237 2289 2308 CIII,
2328 2234 2501 2316 287),
2551 2237 2657 2313 qui
2706 2256 2920 2313 magna
2968 2253 3101 2293 cum

485 2330 789 2404 cognatus,
817 2325 1046 2385 Studiis
1066 2344 1303 2402 operam
1324 2326 1568 2386 dederat
1586 2324 1766 2386 etiam
1823 2328 1998 2386 laude
2043 2327 2223 2403 hujus
2268 2326 2530 2403 episcopi
2569 2326 2930 2387 mentionem
2962 2324 3103 2383 facit

485 2415 895 2482 Alexandriae,
946 2415 1218 2486 Athenis,
1281 2415 1387 2474 ubi
1445 2415 1768 2492 Syrianam
1823 2416 2013 2492 deque
2075 2418 2206 2492 ejus
2270 2434 2443 2492 opere
2505 2418 2706 2475 censet
2768 2418 2967 2484 ,certe
3027 2413 3102 2472 ad

486 2504 715 2564 audivit
746 2502 939 2562 Procli
970 2504 1342 2580 magistrum,
1385 2507 1447 2563 et
1478 2504 1766 2563 Constan-
1822 2508 2127 2564 aeternum
2162 2505 2236 2563 de
2267 2505 2374 2564 hac
2399 2504 2708 2580 impietate
2727 2503 3101 2579 triumphum

485 2595 755 2670 tinopoli.
803 2593 1367 2669 Neoplatonicorum
1386 2593 1765 2670 opinionibus
1823 2594 2109 2672 scriptum
2141 2597 2231 2653 est
2260 2595 2370 2653 hoc
2401 2603 2611 2670 opus.‘

486 2687 613 2743 erat
663 2682 970 2752 addictus,
1034 2683 1135 2742 sed
1199 2686 1261 2741 et
1310 2684 1375 2742 in
1423 2680 1766 2741 Aristotelis

485 2772 862 2849 philosophia
906 2771 1225 2830 admodum
1269 2774 1555 2831 versatuS.
1632 2772 1766 2829 Pla·
1917 2782 2059 2836 268.
2108 2773 2177 2831 In
2224 2771 2645 2846 Occidente
2694 2789 2815 2830 non
2868 2771 3102 2839 desunt,

483 2867 684 2924 tonem
733 2864 794 2920 et
836 2861 1222 2920 Aristotelem
1254 2861 1565 2921 conciliare
1609 2859 1770 2918 inter
1823 2862 1928 2938 qui
1960 2864 2165 2921 contra
2194 2862 2462 2920 haereses
2495 2860 2862 2936 scripserint.
2917 2859 3011 2917 Ita
3041 2858 3103 2916 in

488 2969 549 3009 se
581 2951 905 3010 nitebatur.
960 2950 1142 3020 Plura
1174 2949 1355 3024 hujus
1389 2968 1567 3026 opera
1597 2966 1767 3026 saga·
1825 2949 2020 3010 Gallia
2081 2969 2127 3009 s.
2180 2950 2447 3009 Alcimus
2496 2949 2770 3008 Ecdicius
2818 2947 3103 3007 Avitus

487 3041 634 3099 citer
680 3041 743 3098 in
788 3038 1053 3115 linguam
1103 3039 1284 3097 vertit
1316 3057 1631 3109 armenam,
1679 3041 1767 3095 at·
1821 3057 2109 3099 arvernus
2140 3059 2172 3098 e
2204 3039 2427 3098 familia
2456 3038 2703 3115 patricia
2730 3041 2866 3114 post
2897 3055 3011 3096 sec.
3034 3035 3104 3094 V.

489 3148 605 3203 que
665 3128 856 3187 doctis
916 3127 1251 3186 illustravit
1310 3126 1768 3187 commentariis.
1825 3127 2143 3187 dimidium
2173 3131 2359 3198 ortus,
2394 3128 2501 3203 qui
2530 3146 2566 3186 a
2597 3146 2642 3186 s.
2663 3127 2949 3185 Mamerto
2980 3125 3105 3200 epi-

486 3218 672 3277 Plura
716 3220 776 3275 et
820 3216 949 3293 ipse
996 3233 1173 3292 opera
1211 3215 1546 3293 composuit
1576 3215 1769 3291 philo·
1823 3235 1997 3293 scopo
2017 3217 2329 3276 viennensi
2351 3217 2587 3295 egregie
2618 3215 2738 3274 suit
2767 3215 3104 3274 institutus.

489 3301 806 3388 sophica2).
899 3305 1044 3381 Ejus
1118 3305 1342 3381 scripta
1420 3304 1772 3379 prodierunt
1826 3306 1991 3365 Circa
2022 3326 2070 3364 a.
2095 3315 2218 3370 490
2243 3306 2530 3365 successit
2557 3305 2712 3382 putri
2744 3323 2853 3363 suo
2887 3303 2949 3362 in
2982 3303 3105 3378 epi-

488 3395 832 3464 armeniace,
880 3393 1146 3453 Venetiis
1198 3404 1382 3458 1833.
1445 3393 1526 3452 cf.
1603 3412 1770 3468 prae·
1832 3396 2084 3470 scopatu
2144 3394 2474 3466 viennensi,
2535 3413 2713 3470 quem
2774 3393 2974 3453 tenuit
3032 3390 3106 3450 ad

489 3488 580 3542 ter
640 3483 949 3557 Himpel
1024 3481 1419 3542 Neumann
1495 3482 1772 3540 Memoire
1832 3495 1885 3548 5.
1909 3483 2075 3542 Febr.
2101 3492 2224 3547 518
2260 3479 2456 3564 (juxta
2485 3484 2631 3542 alios
2664 3483 2738 3541 ad
2770 3502 2820 3545 a.
2854 3490 2978 3545 523
3013 3481 3108 3539 vel

489 3591 595 3630 sur
661 3573 717 3630 la
773 3571 870 3629 vie
929 3574 991 3630 et
1049 3571 1133 3630 les
1181 3588 1473 3647 ouvrages
1522 3571 1592 3629 de
1657 3572 1769 3629 Da·
1832 3582 1955 3637 526
1989 3571 2142 3651 etc.).
2206 3572 2490 3631 Columna
2532 3572 2651 3631 suit
2693 3571 2829 3631 fidei
2862 3569 3107 3629 catholi-

490 3661 621 3732 vid,
730 3660 1078 3735 philosophe
1169 3661 1500 3730 armenien,
1603 3658 1771 3717 Paris
1829 3681 1928 3721 cae
1970 3662 2034 3719 in
2065 3661 2563 3739 Burgundionum
2608 3679 2792 3737 regno
2836 3661 2899 3717 et
2934 3660 3111 3735 juxta

500 3758 683 3813 1829.
747 3784 831 3791 —
902 3750 1184 3826 Magnum
1265 3766 1417 3824 opus
1494 3750 1773 3807 adversus
1829 3750 2262 3809 Ennodium
2337 3751 2402 3808 in
2478 3751 2603 3809 vita
2670 3750 2725 3813 b.
2788 3747 3109 3824 Epiphanii

1831 3839 2422 3915 ,praestantissimus
2466 3839 2625 3897 inter
2661 3838 2850 3915 gallos
2883 3836 3109 3914 episco-

659 3957 674 3976 ἶ
1185 3954 1196 3964 .
1463 3967 1475 3984 ⁶
1763 3976 1773 3985 .
1954 3937 1981 3966 ς
2774 3927 2785 3938 .
3093 3925 3105 3937 .

490 4025 535 4078 B
550 3955 730 4080 glis.
745 3954 786 4078 ξ
801 3971 839 4079 {3
853 3972 885 4078 ἓ
901 3958 1421 4081 ἱζίῑῖιέῒοὲᾝ·
1447 3958 1777 4092 effa-,²332
1830 3947 2063 4077 3512...
2094 3929 2489 4076 {251332122
2521 3930 2827 4076 {2333}
2860 3927 3110 4091 0332?ss

494 4116 546 4150 ¹1·
572 4107 635 4156 4³
688 4097 1466 4168 Fe⁸⁸ler·J¹1118m³¹1¹¹
1506 4097 1543 4152 Ῑ·
1571 4116 1616 4152 0·
1685 4115 1776 4168 ag.
1831 4106 1955 4165 zelo
2000 4111 2063 4164 et
2106 4106 2458 4182 prudentiae
2495 4103 2901 4173 tribuendum,
2949 4103 3109 4179 quod

491 4168 1274 4294 {ffaggsslffrumssachflr
1301 4168 1498 4250 Gessqh·
1526 4168 1626 4221 der
1691 4186 1777 4237 5⁸·
1832 4195 2103 4272 regiones
2135 4195 2272 4254 illas
2303 4193 2376 4253 ab
2423 4213 2491 4254 ea
2535 4193 2896 4253 liberaverit.
2962 4193 3110 4251 Fru-

827 4259 884 4310 p.
945 4250 1001 4297 55
1041 4281 1055 4302 ,
1107 4257 1207 4308 qui
1258 4239 1327 4294 de
1371 4240 1502 4294 alus
1546 4255 1777 4308 quoque

492 4310 777 4380 theologis
803 4309 1099 4381 polonicis
1125 4311 1300 4379 hujus
1324 4310 1451 4363 aevi
1472 4309 1777 4365 disserunt.
1834 4286 1957 4343 Stra
2019 4284 2262 4359 ‘laidem
2336 4284 2595 4342 lentavif‘
2655 4282 3112 4341 GundObssldum

568 4385 606 4442 Ξ)
635 4381 716 4435 De
743 4382 866 4450 ejus
902 4381 1169 4453 operibus
1196 4382 1278 4434 ita
1319 4381 1613 4449 Himpel
1654 4398 1778 4436 cen·
1833 4372 2331 4449 Burgundionum
2363 4391 2559 4449 regem
2593 4372 2880 4442 arianum,
2931 4388 3112 4447 penes

491 4455 579 4506 set
601 4452 716 4506 KL.
743 4453 839 4518 HI,
874 4457 1056 4520 1411):
1100 4452 1173 4505 Er
1212 4451 1295 4505 zei
1339 4455 1364 4504 t
1402 4451 1514 4505 viel
1557 4453 1779 4508 Scharf·
1833 4480 2007 4537 quem
2040 4462 2307 4537 alioquin
2337 4480 2552 4538 magna
2582 4460 2892 4520 fruebatur
2920 4459 3114 4537 gratia

492 4523 639 4649 {iffi
668 4523 1125 4664 ..lm
1138 4523 1781 4666 p⁰.1150003‚¹2z2¹1³⁸⁸d.2253
1834 4552 1894 4608 et
1924 4550 2293 4621 ...mm
2342 4551 2414 4608 δᾶ
2448 4553 2709 4626 ΜΨ
2744 4549 2879 4608 ⁶⁶0¹
2912 4548 3111 4608 ΜΟ·

495 4664 783 4720 Schriften
824 4684 883 4720 ΘΙ.
923 4666 1148 4721 freilich
1207 4667 1293 4720 oft
1334 4669 1502 4720 unm.
1542 4667 1779 4721 verban,
1832 4638 1981 4697 licae
2028 4639 2451 4715 professionem
2497 4638 2822 4698 adducere:
2885 4637 3115 4696 felicior

493 4737 740 4788 hornten
770 4736 820 4788 N
824 4753 990 4790 amen
1017 4737 1190 4791 eitirt.
1834 4726 1949 4786 fuit
1980 4728 2043 4786 in
2077 4728 2473 4789 convertendo
2495 4728 2765 4804 ejusdem
2782 4727 2904 4786 filio
2924 4726 3111 4803 Sigis-
