3505 5161
482 187 599 243 147
1374 176 1676 229 326-400;
1704 172 1757 225 S.
1784 167 2034 222 Basilius
2060 185 2202 223 caes.
2977 185 3095 239 148

530 400 533 405 «
570 365 672 417 77.
712 354 1017 415 Orientem
1037 356 1415 419 remotiorem
1436 355 1547 415 hac
1566 358 1762 414 aetate
1816 358 1931 429 nis,
1979 356 2086 417 ubi
2135 375 2270 415 cnm
2320 375 2367 415 s.
2418 354 2700 433 Gregorio
2749 355 3098 415 nazianzeno

476 444 813 509 illustravit
856 462 968 519 par
998 443 1437 505 nobilissimum
1472 445 1759 503 fratrum:
1816 445 2089 506 intimam
2131 441 2306 528 (359,
2350 444 2526 521 juxta
2574 444 2722 503 alios
2762 445 2888 522 jam
2944 441 3096 520 355)

476 552 523 592 s.
573 532 933 594 Basilius
985 534 1062 597 M.
1121 536 1184 592 et
1233 551 1279 595 s.
1331 532 1760 611 Gregorius
1815 535 1960 595 iniit
2019 535 2492 595 familiaritatem
2570 537 2631 592 et
2705 533 3098 610 exemplarem

475 640 770 698 nyssenus
786 618 852 701 ¹).
932 622 1073 681 Nati
1125 626 1270 682 sunt
1316 623 1634 684 Caesareae
1694 622 1759 681 in
1816 624 2155 686 amicitiam.
2219 624 2365 682 Post
2412 622 2674 683 reditum
2725 622 3098 697 aliquamdiu

476 710 848 787 Cappadocia
866 710 1221 787 parentibus
1239 711 1545 772 nobilibus
1574 715 1636 771 et
1667 711 1757 770 di·
1818 714 2174 774 rhetoricam
2206 712 2428 784 docuit,
2476 712 2579 772 sed
2626 729 2803 781 ,cum
2837 711 3096 774 multum

462 799 735 871 vitibus,
799 800 1152 877 praeprimis
1212 819 1348 860 vero
1398 800 1758 873 christianis.
1814 804 2100 880 temporis
2129 802 2553 878 impendissem
2584 800 2856 871 vanitati,
2895 805 3099 862 narrat

473 888 689 948 Basilii
719 889 1009 950 nativitas
1041 889 1255 949 incidit
1304 890 1368 949 in
1419 909 1473 951 a.
1525 889 1761 948 circiter
1814 892 1945 968 ipse
1991 912 2081 968 ep.
2124 900 2246 955 223
2281 908 2341 952 ιι.
2377 899 2435 962 2,
2479 892 2789 966 totamque
2835 888 2956 948 fere
2993 890 3096 964 ju·

475 996 526 1037 a.
565 988 689 1042 330
739 978 831 1037 vel
881 987 1025 1042 331.
1093 977 1411 1041 Infantiam
1459 979 1762 1056 transegit
1814 984 2119 1041 ventutem
2154 999 2345 1040 meam
2377 978 2766 1055 perdidissem
2801 979 2962 1037 inani
3009 979 3095 1037 la-

471 1068 583 1127 sub
647 1066 1075 1141 sollicitissima
1136 1085 1280 1126 cura
1341 1085 1388 1126 s.
1445 1067 1755 1140 Macrinae,
1812 1071 1972 1142 bore,
2023 1089 2201 1146 quem
2248 1070 2313 1129 in
2358 1066 2656 1127 discendis
2702 1066 3032 1126 infatuatae
3062 1087 3097 1125 a

470 1155 637 1214 aviae
686 1174 848 1227 snae,
902 1175 1053 1232 quae
1103 1156 1447 1216 fidelissime
1498 1156 1759 1216 inhaesit
1815 1160 1934 1219 Deo
1998 1159 2325 1236 sapientiae
2377 1156 2714 1234 disciplinis
2765 1161 3095 1232 occupatus

471 1244 846 1304 institutioni
903 1264 949 1307 s.
1001 1245 1275 1323 Gregorii
1325 1246 1759 1324 Thaumaturgi
1814 1248 2232 1324 suscipiebam,
2302 1247 2409 1306 nbi
2470 1245 2710 1305 tandem
2773 1245 3095 1321 aliquando

472 1337 533 1391 et
563 1333 1044 1410 persecutionum
1076 1328 1345 1409 tempore
1395 1354 1504 1409 pro
1538 1335 1758 1395 Christi
1812 1338 1982 1398 velut
2011 1357 2080 1399 ex
2112 1339 2233 1397 alto
2267 1353 2475 1396 somno
2507 1335 2970 1411 expergefactus»,
3003 1353 3094 1393 re-

470 1423 840 1482 confessione
873 1428 1259 1500 pugnaverat.
1298 1425 1371 1484 In
1402 1423 1755 1483 liberalibus
1814 1426 1977 1503 spexi
2042 1426 2116 1485 ad
2168 1427 2371 1485 lumen
2423 1423 2771 1484 admirabile
2820 1424 3094 1483 veritatis

470 1511 806 1589 disciplinis
852 1512 929 1574 ab
975 1512 1105 1588 ipso
1151 1517 1338 1589 patre,
1385 1513 1618 1572 rhetore
1663 1514 1756 1571 in·

471 1600 646 1677 signi,
710 1602 815 1677 qui
866 1600 1049 1660 etiam
1098 1601 1361 1661 Basilius
1411 1603 1752 1672 vocabatur,

469 1690 898 1750 Neocaesareae
948 1689 1069 1749 suit
1117 1691 1420 1750 excultus:
1479 1710 1599 1767 quo
1650 1689 1751 1748 de·

467 1778 673 1838 functo
705 1798 908 1838 earum
927 1779 1304 1838 continuavit
1323 1779 1593 1839 studium
1615 1779 1754 1839 Cae-

470 1885 684 1936 sareae,
722 1868 1252 1944 Constantinopoli,
1302 1867 1441 1927 dein
1474 1873 1535 1926 et
1568 1869 1752 1927 Athe-

468 2009 565 2017 ἶ--..-
582 2008 783 2016 qq*-

546 2094 581 2159 Ι)
610 2089 837 2143 Tertius
886 2090 1061 2142 frater
1113 2089 1155 2142 P
1171 2108 1200 2143 e
1219 2094 1283 2143 tr
1301 2109 1336 2144 u
1354 2108 1378 2143 s
1430 2090 1755 2144 sanctitatis

468 2161 639 2214 laude
667 2160 884 2231 pariter
911 2159 1156 2284 insignis
1196 2162 1382 2215 factus
1422 2165 1510 2216 est
1542 2162 1756 2231 episco-

467 2250 576 2302 pus
601 2232 953 2287 sebastenus.
1054 2236 1209 2286 xstat
1253 2236 1479 2288 tantum
1508 2233 1756 2304 epistola

467 2303 543 2374 (M
562 2303 737 2374 igne
765 2303 824 2359 P.
854 2302 921 2359 G.
947 2304 1115 2367 XLV,
1142 2308 1463 2373 241—244),
1492 2323 1607 2373 qua
1647 2307 1756 2359 fra-

467 2377 607 2429 trem
638 2374 980 2445 Gregorium
1007 2377 1193 2445 rogat,
1240 2379 1307 2429 ut
1332 2376 1608 2430 Basiliam
1629 2379 1754 2446 jam

466 2448 756 2499 mortuum
820 2444 1076 2500 vindicet
1146 2447 1421 2500 adversus
1483 2447 1755 2502 Eunomii

464 2516 808 2588 apologiam.
837 2532 952 2586 qua
973 2516 1067 2570 hic
1086 2517 1533 2589 impugnaverat
1550 2518 1751 2573 Basilii

464 2588 525 2641 ll.
553 2592 754 2645 eontra
780 2589 988 2658 ipsum.
1018 2622 1081 2652 -.-
1111 2592 1159 2643 A
1201 2589 1412 2645 Basilio
1453 2593 1647 2646 nostro
1674 2608 1754 2645 se·

464 2660 621 2715 cerni
640 2660 813 2717 debet
825 2659 1071 2715 Basilius
1087 2677 1121 2714 a
1137 2679 1175 2714 ιι
1192 2678 1222 2715 c
1236 2680 1274 2729 y
1290 2680 1318 2716 ι·
1333 2679 1367 2715 a
1384 2681 1422 2716 n
1441 2681 1514 2716 us
1541 2662 1751 2734 episco-

465 2749 590 2856 plus,
624 2732 769 2785 artis
803 2730 1120 2786 medicinae
1163 2733 1397 2802 peritus,
1453 2733 1555 2802 qui
1611 2737 1752 2788 teste

534 2803 690 2857 iero
710 2821 921 2874 nymo
965 2804 1034 2857 de
1068 2803 1172 2857 vir.
1201 2804 1280 2858 ill.
1311 2823 1358 2858 c.
1386 2812 1454 2861 89
1490 2805 1755 2875 ..scripsit

462 2886 646 2930 contra
680 2879 995 2930 Marcellum
1021 2891 1373 2943 ancyranum
1422 2879 1476 2930 et
1501 2881 1564 2930 de
1589 2883 1751 2946 riv-yi-

464 2951 627 3002 m'tate
639 2946 872 3009 librum,
887 2950 946 2999 et
966 2947 1247 3002 nonnulla
1261 2947 1393 3012 alia,
1415 2951 1473 3001 et
1492 2950 1599 3002 sub
1618 2964 1751 3019 rege

464 3018 797 3098 Constantio
809 3017 1252 3073 macedonianae
1267 3036 1365 3074 seu
1377 3018 1749 3075 semiarianae

462 3089 1750 3234 {aazia51335522330‘3503335303132

462 3231 773 3301 perierunt.
823 3233 871 3285 si
923 3232 1176 3302 excipias
1222 3236 1545 3298 Memor-fale,
1593 3235 1749 3302 quod

462 3302 691 3356 nomine
744 3319 879 3356 suae
930 3302 1199 3358 factionis
1243 3320 1373 3358 cum
1421 3305 1467 3358 G
1486 3321 1515 3358 e
1533 3322 1564 3358 o
1580 3323 1609 3359 r
1623 3304 1747 3375 gio

462 3373 758 3428 laodiceno
789 3391 891 3443 pro
920 3374 1167 3429 formula
1208 3374 1480 3428 sirmiana
1526 3393 1746 3446 compo-

463 3445 579 3497 suit
604 3444 1032 3512 asservavitqne
1071 3444 1115 3497 Ε
1189 3444 1264 3515 ip
1282 3447 1317 3497 h
1336 3462 1419 3500 an
1437 3446 1457 3499 i
1473 3465 1510 3499 u
1528 3465 1553 3500 s
1593 3447 1747 3500 haer.

463 3522 531 3571 73
558 3534 612 3570 n.
642 3521 864 3570 12—22.
892 3516 957 3568 In
985 3533 1125 3583 syno
1169 3532 1201 3569 o
1224 3517 1745 3600 Constantinopoli·

463 3589 598 3639 tana
624 3604 675 3639 a.
702 3593 807 3642 360
846 3588 920 3640 ab
945 3585 1247 3641 Acacianis
1291 3587 1408 3643 fuit
1431 3589 1746 3658 depositus.

460 3659 542 3710 Cf.
570 3657 621 3710 H
641 3674 669 3709 e
688 3657 839 3710 fele
881 3656 1368 3740 Conciliengesch.
1411 3660 1452 3723 I,
1495 3664 1597 3717 675
1644 3679 1746 3721 ss.;

457 3729 546 3786 Pe
564 3732 633 3783 te
652 3747 719 3781 rs
760 3727 872 3782 KL.
901 3729 970 3790 11,
997 3735 1082 3785 29.
1135 3729 1242 3784 Hic
1287 3748 1419 3785 vero
1461 3731 1748 3802 distingui

458 3801 628 3853 debet
653 3818 687 3852 a
713 3818 755 3853 s.
796 3800 840 3852 B
856 3817 889 3851 a
907 3799 1092 3855 silio
1132 3817 1441 3869 ancyrano,
1470 3801 1574 3871 qui
1600 3802 1747 3857 obiit

458 3871 760 3924 Caesareae
779 3877 827 3926 2.
845 3870 877 3924 J
883 3889 976 3924 an.
996 3877 1118 3935 362,
1146 3872 1215 3925 de
1251 3891 1364 3942 quo
1395 3875 1467 3927 cf.
1498 3874 1555 3927 M
1572 3891 1605 3926 a.
1623 3893 1648 3927 ι·
1667 3874 1744 3928 ti-

460 3961 494 3995 ιι
512 3959 544 3996 o
563 3960 596 3995 v
627 3945 774 3996 Anu.
806 3943 940 3996 eccl.
958 3961 1042 4012 gr.
1059 3943 1198 3997 slav.
1221 3949 1403 4017 (1864)
1432 3964 1485 4015 p.
1515 3948 1744 4010 25—27,

457 4017 516 4066 et
540 4013 655 4069 alio
683 4032 724 4066 s.
752 4013 795 4066 B
812 4031 845 4066 a
862 4014 1046 4069 silio
1084 4031 1373 4083 ancyrano
1414 4018 1743 4086 presbytero

458 4091 503 4146 Η·
532 4093 617 4141 22.
638 4085 803 4139 Mart.
823 4089 966 4156 363),
995 4086 1063 4139 de
1086 4103 1201 4153 quo
1222 4088 1294 4144 cf.
1315 4090 1441 4140 Act.
1462 4088 1555 4142 SS.
1576 4087 1744 4142 Mart.

460 4157 553 4221 111,
604 4159 890 4215 379—380
941 4157 1049 4227 (ed.
1100 4165 1148 4213 3.
1202 4178 1256 4228 p.
1308 4162 1630 4230 377—378).
1680 4193 1739 4200 —-

456 4262 520 4270 —
552 4231 597 4281 G
616 4245 645 4282 e
662 4245 695 4283 o
714 4247 741 4281 r
757 4248 795 4298 g
811 4228 830 4281 i
848 4247 885 4282 u
904 4247 946 4292 s,
986 4228 1151 4297 cujus
1198 4247 1328 4283 mox
1357 4230 1741 4296 meminimus,

457 4300 642 4368 patria
670 4303 790 4353 erat
810 4299 1253 4354 Alexandrinus.
1282 4299 1629 4357 Arianorum
1648 4320 1742 4372 pa-

455 4370 697 4425 trocinio
726 4373 915 4426 factus
939 4373 1026 4424 est
1064 4371 1365 4442 episcopus
1391 4372 1741 4428 laodicenus.

460 4441 593 4510 Ejus
644 4443 873 4513 scripta,
914 4441 1065 4496 inter
1091 4460 1238 4510 quae
1303 4460 1447 4514 opus
1490 4448 1743 4500 adversus

456 4517 796 4569 Manichacus
821 4516 879 4567 et
916 4518 1035 4568 Vita
1060 4516 1277 4568 Eusebii
1297 4522 1532 4584 emeseni,
1606 4516 1743 4570 erie-

454 4587 591 4640 ruut
651 4596 677 4645 †
702 4587 837 4638 ante
877 4603 928 4637 a.
954 4588 1097 4656 363).
1152 4585 1233 4638 Cf.
1276 4585 1482 4643 Fritz
1583 4588 1641 4641 L.
1671 4587 1720 4640 V

454 4661 588 4710 335:

452 4725 686 4796 Leipzig
719 4731 855 4782 1898
880 4725 1011 4782 diss,
1040 4726 1414 4797 inauguralis.

1812 1516 2140 1593 Evangelii,
2181 1534 2247 1575 ac
2277 1514 2399 1573 vidi
2436 1513 2830 1573 inutilitatem
2862 1513 3092 1588 sapien·

1810 1605 1931 1664 tiae
1961 1604 2301 1681 principum
2333 1603 2515 1679 hujus
2562 1601 2788 1671 mundi,
2838 1603 2944 1677 qui
2991 1601 3092 1659 de—

1812 1696 2135 1752 struuntur
2166 1690 2252 1772 (1.
2285 1692 2413 1751 Cor.
2449 1701 2504 1761 2,
2544 1686 2642 1773 6);
2694 1690 3092 1750 miserabilem

1811 1783 1996 1842 vitam
2015 1800 2207 1843 meam
2225 1781 2465 1848 deflens„
2500 1779 2774 1855 optabam
2797 1779 2924 1838 dari
2945 1780 3093 1837 mihi

1811 1871 2203 1947 disciplinam,
2252 1889 2403 1946 quae
2439 1888 2534 1928 me
2564 1869 2638 1927 ad
2670 1868 2913 1946 pietatis
2946 1868 3090 1945 dog-

1813 1964 1970 2023 mata
2018 1959 2438 2021 introdnceret.
2518 1962 2602 2016 Ac
2650 1957 2800 2016 mihi
2850 1958 3093 2034 quidem

1810 2053 1946 2110 ante
1965 2050 2161 2109 omnia
2175 2067 2351 2108 curse
2366 2051 2507 2117 erat,
2531 2051 2602 2105 ut
2619 2046 3090 2107 emendationem

1810 2139 2074 2213 aliquam
2092 2157 2325 2200 morum
2341 2137 2604 2206 facerem,
2636 2153 2788 2210 quos
2805 2136 3094 2195 diuturna

1812 2248 1947 2288 cum
1966 2227 2252 2303 improbis
2275 2224 2644 2286 consuetudo
2665 2227 3044 2301 perverterat.
3062 2232 3089 2261 ‘

1809 2318 2004 2388 Quare
2053 2316 2411 2393 baptismum
2466 2314 2731 2390 suscepit
2786 2314 3090 2389 lectorque

1811 2406 2123 2469 ordinatus
2154 2408 2246 2466 est
2285 2425 2319 2463 a
2351 2404 2558 2465 Dianio
2590 2403 2863 2480 episcopo
2895 2421 3090 2461 caesa-

1810 2495 2012 2567 riensi,
2046 2498 2234 2570 utque
2265 2494 2448 2553 vitam
2469 2491 2852 2552 monasticam
2873 2491 3090 2552 melius

1809 2585 2157 2661 exploraret,
2206 2582 2452 2659 Syriam,
2501 2582 2982 2659 Mesopotamiam
3029 2584 3092 2639 et

1807 2676 2148 2751 Aegyptum
2197 2672 2556 2750 peragravit,
2615 2675 2677 2729 et
2727 2672 2791 2730 in
2840 2670 3089 2747 patriam

1806 2780 2101 2834 reversus,
2150 2761 2504 2838 patrimonio
2550 2779 2764 2838 magna
2807 2778 2876 2818 ex
2924 2763 3089 2835 parte

1809 2851 1972 2911 inter
2010 2868 2298 2927 pauperes
2343 2850 2687 2920 distributO,
2736 2849 2799 2907 in
2831 2849 3091 2908 Pontum

1807 2940 2070 3012 secessit,
2102 2941 2173 2999 nt
2192 2940 2375 2998 vitam
2396 2943 2598 3016 ageret
2617 2938 2923 2997 asceticam
2946 2955 3086 3012 pro-

1806 3049 1879 3106 pe
1941 3031 2414 3089 Neocaesaream.
2481 3027 2702 3087 Multos
2765 3026 2964 3086 verbis
3030 3031 3093 3086 et

1806 3120 2075 3195 exemplo
2137 3118 2210 3176 ad
2271 3117 2665 3175 imitationem
2723 3115 3088 3192 provocavit,

1807 3208 1949 3267 hinc
1995 3208 2172 3284 plura
2223 3205 2458 3265 condita
2508 3210 2653 3264 sunt
2697 3204 3088 3264 monasteria:

1804 3299 1865 3357 et
1899 3296 2112 3365 ,brevi
2132 3297 2470 3372 permutata
2500 3296 2595 3353 est
2623 3293 2811 3353 totius
2842 3293 3088 3368 provin-

1804 3387 1922 3445 ciae
1954 3386 2192 3454 facies,‘
2226 3387 2379 3443 teste
2412 3383 2694 3443 Rufino
2726 3383 2798 3441 H.
2832 3382 2894 3442 E.
2916 3382 2991 3451 11,
3031 3393 3088 3446 9.

1804 3475 1947 3533 Cum
1994 3474 2179 3533 amieo
2225 3491 2335 3532 suo
2385 3472 2685 3549 Gregorio,
2735 3472 2838 3547 qni
2885 3471 3088 3546 ipsum

1805 3582 1977 3640 saepe
1996 3562 2311 3633 invisebat,
2343 3562 2583 3639 regulas
2618 3560 2950 3636 composuit
2980 3579 3086 3635 pro

1802 3653 1924 3711 illis
1956 3652 2365 3711 monasteriis:
2418 3669 2482 3709 ac
2531 3651 2616 3708 ita
2665 3653 2758 3709 est
2805 3648 3089 3707 fundator

1801 3743 1960 3800 vitae
1979 3740 2336 3800 monasticae
2370 3757 2474 3816 per
2492 3739 2748 3798 Pontum
2781 3741 2843 3797 et
2864 3739 3088 3814 Cappa-

1802 3830 2047 3900 dociam,
2101 3831 2216 3887 imo
2267 3830 2422 3887 vitae
2471 3827 2848 3898 monasticae,
2907 3831 3090 3903 prout

1805 3919 1980 3978 modo
2011 3919 2204 3977 adhuc
2235 3917 2297 3976 in
2318 3917 2579 3976 Ecclesia
2598 3915 2872 3975 orientali
2905 3916 3086 3993 viget.

1806 4008 2055 4067 Interim
2088 4008 2161 4065 ab
2194 4006 2451 4065 Eusebio
2483 4005 2835 4065 caesariensi
2866 4011 3084 4064 metro-

1805 4097 1994 4173 polita
2042 4095 2354 4172 presbyter
2403 4098 2496 4154 est
2549 4095 2858 4154 ordinatus
2911 4090 2984 4173 (e.
3035 4114 3086 4153 a.

1807 4183 1976 4263 364),
2010 4185 2108 4244 cui
2138 4183 2482 4243 fidelissime
2503 4183 2698 4242 astitit
2715 4183 3088 4258 temporibus

1800 4274 1927 4334 illis
1943 4274 2344 4333 turbulentis:
2375 4292 2509 4331 nam
2529 4275 2817 4349 regnante
2836 4272 3088 4331 Valente

1799 4359 1898 4442 (ab
1929 4383 1979 4421 a.
2015 4358 2169 4443 364)
2202 4364 2448 4438 potente
2479 4361 2801 4420 Arianismi
2833 4361 3082 4433 fautore,

1798 4452 2010 4512 Ariani
2041 4452 2239 4511 omnia
2285 4451 2400 4509 sibi
2445 4451 2873 4526 permittebant
2902 4453 3085 4523 atque

1797 4541 2175 4617 metropolim
2226 4540 2414 4616 ipsam
2464 4539 2861 4616 Cappadociae
2911 4539 3011 4597 inv
3020 4559 3083 4599 a·

688 4674 717 4709 c
733 4657 772 4710 h
789 4656 809 4710 l
824 4673 855 4708 a
875 4656 911 4708 (1
929 4673 958 4707 e
976 4656 1012 4708 b
1028 4673 1061 4707 a
1078 4673 1108 4709 c
1125 4657 1164 4710 h
1208 4656 1459 4712 Basilius
1499 4676 1611 4713 von
1655 4629 1741 4723 A.}
1798 4630 1934 4689 dere
1982 4628 2316 4688 tentabant·
2381 4628 2523 4687 Erat
2585 4629 2742 4687 enim
2804 4628 3083 4704 episcopo

1798 4737 1923 4788 suo,
1978 4721 2134 4777 teste
2182 4718 2562 4793 Gregorio
2608 4737 2732 4776 naz.
2764 4737 2842 4776 or.
2885 4726 2964 4781 43
3017 4718 3083 4776 in
