3505 5161
402 261 523 315 993
1200 265 1203 267 >
1357 241 1729 306 Humbertus,
1756 241 2049 313 Marengo.
2221 264 2224 267 ’
2873 262 3008 314 ,994

396 430 876 490 Normannorum
886 429 1517 506 inciditcaptivitatem
1538 431 1675 504 post
1729 449 1846 506 que
1878 447 2055 488 suum
2074 429 2212 507 igne
2240 428 2588 489 tradiderit:
2621 448 2768 489 num
2788 448 2925 489 vero
2944 430 3009 488 in

396 520 632 578 tristem
664 519 890 578 cladem
921 519 1038 595 ipsi
1078 529 1173 583 18.
1194 518 1369 578 «Iunii
1400 528 1563 581 1053
1598 518 1671 576 il·
1730 537 1840 577 sua
1868 520 2285 578 retractatione
2304 521 2711 594 perseveraret
2728 523 3008 578 renovato

396 609 594 673 latam.
656 610 829 668 Anno
861 608 1135 684 sequenti
1180 608 1476 685 legatione
1508 607 1674 665 func-
1729 608 1953 666 iterum
1984 608 2299 668 schismate
2334 626 2438 684 per
2455 608 2798 667 Michaelem
2831 608 3007 668 Ceru-

395 700 496 757 tus
548 701 642 757 est
690 697 1332 773 constantinopolitana
1376 715 1511 756 cum
1548 696 1674 754 Fri·
1731 696 1965 769 larium,
2010 714 2132 757 non
2194 698 2341 757 satis
2404 697 2614 774 liquet.
2675 697 3008 756 Dolendum

396 787 593 845 clerico
612 787 944 846 Lothareno
964 787 1247 846 cardinali
1280 791 1341 845 et
1374 787 1547 844 Petro
1580 804 1672 843 ar·
1728 792 1932 845 tamen
1954 791 2063 858 est,
2089 786 2489 846 Humbertum
2512 805 2692 846 usum
2722 805 2850 846 esse
2868 785 3008 845 stilo

398 875 768 951 chiepiscopo
813 876 1218 951 amalphitano
1268 876 1341 934 ad
1368 876 1674 934 'Constan-
1730 875 1913 934 nimis
1959 876 2080 935 acri
2108 876 2174 934 in
2207 876 2561 936 Graecorum
2611 876 3007 951 exceptioneS,

394 966 594 1024 tinum
642 966 1089 1029 Monomachum
1137 965 1218 1023 IX
1269 966 1409 1042 imp.
1458 967 1521 1022 et
1565 964 1674 1021 Mi·
1730 965 1981 1040 ejusque
2043 964 2403 1043 legationem
2483 967 2688 1041 optato
2749 965 3008 1023 caruisse

396 1055 656 1113 chaelem
703 1053 1103 1113 caerularium
1136 1054 1210 1112 ad
1241 1053 1675 1113 conciliandam
1731 1054 1967 1114 effectu.
2061 1055 2208 1132 Ejus
2271 1054 2535 1114 reddidit
2595 1053 2884 1113 rationem
2913 1081 2917 1085 ⁴
2944 1053 3009 1113 in

397 1144 695 1203 ecclesiam
744 1162 1015 1220 graecam
1076 1161 1208 1202 cum
1260 1143 1448 1202 latina
1492 1146 1555 1201 et
1602 1141 1675 1200 ad
1730 1143 1899 1202 brevi
1973 1148 2034 1202 et
2109 1145 2406 1203 succincta
2479 1144 3011 1202 commemoratione

395 1233 835 1306 implorandum
879 1232 1169 1292 auxilium
1215 1232 1491 1291 adversas
1524 1231 1673 1290 Nor·
1731 1250 1955 1303 eorum,
2009 1253 2159 1309 quae
2208 1236 2526 1308 gesserunt
2575 1232 2917 1308 apocrisarii
2965 1250 3011 1290 s.

396 1340 657 1381 mannos.
718 1321 915 1380 Etiam
960 1322 1074 1379 sub
1107 1339 1153 1379 s.
1184 1321 1394 1381 Leonis
1443 1338 1673 1380 succes-
1729 1340 1877 1384 rom.
1908 1326 1970 1381 et
2001 1322 2357 1399 apostolicae
2388 1322 2544 1381 sedis
2575 1321 2639 1379 in
2657 1321 2823 1399 regia
2841 1322 3007 1392 urbe,

397 1410 632 1470 soribus
664 1430 877 1487 magno
922 1410 1041 1469 fuit
1087 1411 1149 1468 in
1191 1411 1412 1469 honore
1443 1413 1506 1470 et
1536 1428 1673 1469 auc·
1731 1413 1793 1469 et
1823 1412 2084 1487 qualiter
2101 1411 2580 1470 anathematizati
2598 1413 2742 1469 sunt
2761 1410 3008 1469 Michael

394 1499 644 1559 toritate
708 1500 1013 1575 factusque
1059 1517 1334 1559 romanae
1379 1499 1675 1559 Ecclesiae
1729 1502 1865 1559 cum
1898 1501 2254 1577 sequacibus
2286 1500 2431 1559 suis.
2465 1500 2622 1559 Haec
2653 1499 3011 1558 documenta

394 1589 883 1648 bibliothecarius
915 1594 976 1648 et
1007 1589 1422 1648 cancellarius:
1455 1589 1580 1664 ipse
1614 1591 1676 1646 et
1729 1592 1964 1664 praeter
1993 1590 2141 1648 alios
2174 1589 2412 1648 exhibet
2441 1588 2622 1648 etiam
2655 1588 3010 1647 Canisius

395 1678 743 1737 Bonifacius
777 1678 930 1738 card.
967 1681 1029 1736 et
1046 1679 1360 1754 episcopus
1391 1678 1672 1737 albanen·
1730 1680 1869 1736 Ant.
1902 1679 2034 1738 lect.
2068 1679 2167 1750 VI,
2197 1688 2576 1749 111——1973
2608 1678 2699 1740 ed.
2719 1677 3010 1737 secundae

397 1768 477 1827 sis
498 1767 644 1826 dicti
664 1769 809 1825 sunt
840 1763 1087 1847 (aPetro
1104 1768 1388 1827 Damiano
1420 1768 1569 1842 ep.1‚
1593 1765 1672 1842 7),
1727 1765 1835 1838 111,
1867 1768 1913 1839 1,
1951 1776 2277 1838 277·328;
2310 1766 2493 1826 Will
2524 1769 2675 1825 Acta
2705 1767 3010 1841 et'scripta

399 1857 600 1926 ,oculi
633 1855 1015 1915 Nicolai11.‘
1048 1857 1307 1915 Multum
1340 1875 1570 1931 semper
1588 1856 1674 1913 la·
1729 1856 1802 1914 de
1846 1860 2110 1916 controv.
2171 1859 2309 1917 eccl.
2359 1876 2446 1934 gr.
2495 1859 2558 1915 et
2605 1856 2710 1913 lat.
2763 1873 2873 1914 sec.
2906 1854 3005 1926 XI,

393 1946 625 2006 boravit
640 1945 1181 2021 proreformatione
1206 1945 1557 2021 disciplinae
1578 1962 1672 2002 ec·
1729 1945 1966 2021 Lipsiae
2021 1955 2183 2009 1864
2230 1967 2288 2023 p.
2324 1956 2423 2009 61.
2468 1978 2556 1991 —-
2588 1946 2885 2003 Adversus
2927 1947 3006 2002 si-

396 2034 759 2094 clesiasticae
808 2036 870 2092 et
900 2035 1104 2092 contra
1134 2035 1480 2111 Berengarii
1511 2052 1671 2093 erro·
1732 2035 2239 2112 mon-saeoanII,
2281 2035 2443 2111 apud
2475 2033 3007 2095 MarteneThes.

396 2142 491 2181 res
537 2124 660 2198 ipse
706 2122 1036 2198 composuit
1085 2119 1310 2204 (1059)
1360 2124 1673 2198 professio-
1729 2124 1949 2188 Anecd.
2001 2125 2068 2184 V.
2122 2133 2492 2194 629—844,
2545 2124 2764 2184 desunt
2808 2124 3007 2182 tamen

400 2231 533 2271 nem
563 2212 712 2283 fidei,
760 2212 858 2271 cui
906 2212 1011 2270 ille
1043 2212 1415 2271 subscribere
1446 2213 1672 2271 debuit.
1728 2214 1943 2273 ultima
1973 2210 2237 2297 (novem)
2271 2214 2483 2290 capita,
2518 2213 2609 2271 ed.
2632 2213 2810 2289 juxta
2829 2211 3006 2270 Tha-

402 2300 561 2360 Obiit
623 2312 679 2364 5.
731 2301 871 2376 Maji
929 2311 1117 2364 1061.
1179 2303 1362 2361 Plura
1423 2302 1672 2377 reliquit
1727 2321 1861 2362 ner
1889 2304 2090 2363 minus
2121 2307 2420 2362 accurata:
2452 2301 2591 2361 hinc
2622 2302 2751 2378 ipse
2783 2301 2847 2359 in
2879 2301 3006 2363 ΜΘ.

394 2390 624 2466 scripta,
648 2410 799 2467 quae
820 2390 1067 2449 collecta
1081 2394 1316 2450 exstant
1343 2391 1408 2450 in
1434 2391 1671 2467 Migne
1727 2392 1834 2452 lib.
1866 2393 1939 2451 de
1971 2393 2082 2451 lite
2112 2392 2159 2462 I,
2181 2400 2485 2455 95—253
2519 2409 2734 2449 novam
2755 2389 3005 2449 curavit.

394 2479 455 2541 P.
486 2480 547 2538 L.
579 2479 826 2547 CXLIII,
878 2488 1127 2542 931--1
1148 2490 1225 2543 27
1236 2490 1290 2543 9.
1355 2481 1672 2556 Responsio
1728 2481 1891 2557 Opus
1954 2485 2049 2541 est
2110 2481 2435 2550 eruditum,
2502 2480 2807 2556 eloquenS,
2873 2498 3006 2538 cum

390 2568 463 2627 ad
526 2569 899 2645 exceptiones
961 2572 1022 2629 et
1083 2569 1409 2629 calumnias
1456 2569 1670 2630 Leonis
1725 2571 2012 2631 unctione
2062 2571 2466 2647 conscriptum
2514 2565 2589 2653 (c.
2641 2589 2691 2631 a.
2747 2579 3001 2632 1057—

390 2658 679 2717 Acridani
756 2659 952 2736 (quus
1032 2679 1212 2735 supra
1285 2659 1670 2718 meminimus
1734 2657 1952 2743 1053),
1999 2660 2291 2735 sed'prae
2322 2660 2507 2719 nimia
2539 2658 2826 2717 simoniae
2857 2661 3004 2717 tuuc

393 2766 448 2823 p,
485 2745 641 2825 989)
687 2752 893 2806 contra
922 2748 1163 2806 Latinos
1208 2750 1404 2807 instar
1450 2748 1670 2825 dialogi
1724 2753 2039 2826 tantopere
2100 2749 2428 2826 grassantis
2478 2747 2888 2818 detestatione,
2938 2747 3003 2805 in

393 2838 552 2895 inter
584 2837 912 2896 Romanum
958 2839 1019 2895 et
1064 2837 1669 2913 Constantinopolita-
1725 2839 1888 2897 aliud
1920 2837 2134 2897 incidit
2163 2841 2491 2897 extremum
2522 2837 2827 2895 declarans
2845 2834 3005 2893 ordi-

392 2945 539 2985 num
572 2929 646 2999 (a.
688 2924 899 3006 1054),
935 2928 1112 3001 jussu
1143 2926 1515 2985 Constantini
1549 2928 1670 2985 Mo·
1725 2929 1998 2986 nationes
2030 2927 2377 2986 simoniacas
2427 2925 2722 2984 invalidas
2737 2921 2803 3006 ¹).
2863 2924 3003 3000 Epi-

392 3014 664 3073 nomachi
696 3032 901 3091 graece
933 3034 1038 3091 per
1069 3016 1319 3074 Paulum
1374 3015 1669 3090 quendam
1727 3018 1940 3077 stolam
1973 3016 2206 3074 ardenti
2236 3015 2497 3091 fortique
2519 3013 2659 3073 stilo
2692 3015 2770 3072 ad
2788 3015 3003 3072 Beren-

394 3121 528 3163 cum
560 3104 684 3163 filio
716 3104 1037 3182 Smaragdo
1070 3104 1245 3163 edita.
1309 3105 1451 3163 Cum
1486 3105 1667 3162 etiam
1720 3109 1959 3184 qut-ium
1990 3104 2208 3176 datam,
2241 3124 2361 3180 qua
2392 3122 2528 3163 eum
2561 3102 2635 3161 ad
2654 3102 3004 3179 resipiscen-

394 3193 709 3251 Nicetas
784 3194 1097 3270 presbyter
1185 3198 1247 3252 et
1322 3194 1669 3252 monasterii
1726 3196 1868 3254 dum
1918 3196 2209 3263 hortatur,
2262 3192 2452 3252 edidit
2496 3192 2566 3255 K.
2614 3192 2911 3250 Franks
2941 3191 3006 3250 in

394 3278 653 3363 Studii1)
705 3283 1024 3341 monachus
1071 3283 1415 3341 Pectoratus
1478 3283 1671 3341 dictus
1723 3285 1798 3343 N.
1860 3284 2033 3344 Arch.
2098 3284 2195 3341 fiir
2253 3292 2304 3342 a.
2349 3283 2405 3344 d.
2448 3281 2850 3341 Geschichtsk.
2896 3280 3006 3338 VII

396 3370 663 3429 libellum
715 3375 920 3430 contra
967 3372 1207 3430 Latinos
1254 3372 1551 3442 edidisset,
1599 3372 1671 3431 de
1726 3370 1971 3453 (1882),
2009 3382 2133 3436 614
2168 3391 2213 3432 8.
2264 3406 2348 3416 —
2402 3373 2649 3430 Brevem
2703 3370 2806 3428 sed
2838 3389 3004 3444 prae-

392 3478 594 3535 azymo
627 3460 769 3530 scil„
804 3459 876 3518 de
908 3460 1193 3520 sabbatho
1227 3464 1288 3518 et
1319 3461 1551 3538 nuptiis
1573 3479 1665 3519 sa·
1727 3464 1945 3522 claram
1995 3463 2291 3538 epistolam
2341 3462 2421 3520 ad
2469 3460 2706 3518 Petrum
2756 3459 3005 3535 patriar·

394 3548 716 3619 cerdotum‚
750 3549 895 3607 adeo
930 3550 1114 3608 solide
1133 3551 1513 3626 graviterque
1535 3569 1668 3630 eum
1726 3553 1895 3610 cham
1945 3551 2366 3610 antiochenum
2412 3545 2495 3631 (fi.
2560 3545 2751 3630 1054)
2802 3550 3007 3607 contra

395 3637 760 3696 Humbertus
777 3637 1014 3709 refellit,
1037 3641 1107 3698 ut
1127 3639 1365 3698 Nicetes
1383 3639 1511 3715 ipse
1532 3657 1669 3698 suos
1725 3658 2072 3718 graecorum
2148 3639 2517 3715 exceptiones
2579 3656 2684 3713 pro
2745 3637 3006 3696 Ecclesia

397 3743 617 3785 errores
650 3726 996 3786 solemniter
1024 3728 1382 3802 reprobaret,
1419 3728 1667 3786 librum·
1726 3748 1970 3789 romana
2002 3729 2245 3804 scripsit
2263 3727 2608 3787 Dominicus
2641 3726 2894 3786 Maren
2913 3745 3001 3803 go

1726 3818 2041 3895 episcopus
2117 3817 2423 3895 gradensis
2487 3812 2684 3897 (1045
2703 3852 2765 3860 -
2789 3811 3001 3896 1069),

477 3948 673 4031 aruit
734 3949 1044 4031 Nicepas
1107 3951 1288 4005 fidelis
1352 3952 1671 4023 discipulus
1726 3927 1904 3984 quam
1925 3907 2106 3966 h²b⁰⁸
2139 3907 2202 3964 5¹¹
2235 3907 2487 3983 Migne
2519 3906 2704 3976 CXLI,
2746 3915 3002 3968 ¹455—

396 4019 689 4088 Symeoms
715 4022 988 4087 siminus,
1015 4022 1179 4092 cujus
1219 4039 1391 4093 supra
1418 4023 1671 4078 memini·
1736 4007 1918 4061 1453·

393 4109 518 4145 mus
545 4110 600 4162 p.
628 4099 731 4150 985
759 4097 931 4161 atque
959 4094 1125 4162 plura
1159 4093 1343 4147 edidit
1358 4095 1587 4164 scripta,
1606 4099 1673 4148 ut

396 4163 662 4233 Capitum
713 4164 1097 4233 practicorum
1149 4181 1247 4218 seu
1291 4167 1667 4220 asceticorum
1821 4185 1965 4238 557,
2028 4173 2175 4232 cum
2235 4171 2700 4231 controversiae·
2732 4173 2779 4229 Β
2798 4189 2999 4230 0101]-

391 4236 1426 4377 ῗὲοξέἕὲίέἶθῂἑέἑζῖίῐὲθαέῗέὓῗίθί
1444 4240 1534 4378 ἐξ
1550 4255 1670 4361 Ξθῑξῖ
1722 4284 1764 4340 g
1779 4282 1810 4321 e
1826 4265 1891 4322 ri
1907 4282 1941 4321 a
1954 4282 1995 4321 n
2010 4284 2043 4321 a
2059 4282 2090 4320 e
2116 4263 2241 4337 jam
2257 4261 2655 4331 meminimuS,
2675 4260 2880 4318 statim
2901 4279 3001 4318 eos

393 4377 461 4429 (ὲ.
506 4377 668 4441 CXX,
720 4382 1086 4435 11175—1152.
1141 4378 1350 4432 Contra
1400 4381 1555 4432 hunc
1606 4385 1669 4434 de
1723 4353 2116 4422 nominemus,
2195 4352 2299 4427 ‘1¹³¹i
2376 4353 2580 4409 contra
2655 4350 3001 4425 Berengarii

390 4451 703 4504 clericorum
753 4455 1062 4504 castimonia
1108 4449 1394 4520 scripsisse
1439 4451 1669 4505 videtur

393 4521 451 4573 et
474 4519 562 4573 Le
581 4537 613 4572 ο
642 4520 732 4584 ΙΧ,
760 4538 889 4574 cum
916 4523 1238 4591 fragmenta
1266 4522 1545 4588 ejusmodi
1578 4539 1666 4591 ep.

391 4590 713 4645 habeantur
750 4593 925 4664 (apud
967 4592 1213 4662 Migne
1256 4592 1314 4645 P.
1343 4593 1402 4646 L.
1430 4594 1666 4657 CXLIII,
1804 4602 1836 4658 ¹)
1866 4596 1949 4649 Cf.
2001 4595 2147 4648 Hist.
2197 4595 2283 4648 lit.
2334 4594 2455 4657 VII,
2498 4598 2778 4650 527—542
2824 4592 2999 4664 (apud

389 4667 489 4716 781
515 4683 527 4720 ;
574 4662 811 4738 Mansi
836 4665 983 4728 XIX,
1010 4667 1132 4719 690⁶.
1184 4664 1267 4718 Cf.
1295 4663 1666 4734 Knopfler
1722 4666 1973 4737 Migne
2019 4668 2054 4720 l.
2083 4684 2128 4719 c.
2155 4687 2210 4737 p.
2241 4669 2579 4737 915—928);
2628 4664 3001 4735 Knbpt'ler

390 4732 504 4786 KL.
534 4734 627 4797 lx,
645 4740 747 4790 266
765 4753 862 4796 ss.;
891 4735 965 4786 W
983 4751 1010 4788 e
1028 4753 1152 4789 rne
1169 4753 1197 4787 r
1222 4737 1493 4790 Gesch.d.
1514 4738 1664 4806 apol.
1722 4737 1837 4790 KL.
1901 4739 1968 4800 V,
2020 4746 2334 4800 411—4143
2392 4737 2466 4789 W
2483 4755 2510 4790 e
2529 4755 2609 4790 rn
2627 4752 2701 4789 er
2763 4734 3001 4789 Gerbert

392 4822 448 4858 u.
476 4805 594 4874 pol.
621 4805 730 4858 Lit.
758 4806 853 4868 III,
881 4811 949 4862 86
977 4825 1047 4864 s.:
1082 4814 1178 4861 142
1208 4824 1280 4868 s.;
1317 4812 1429 4864 166.
1723 4829 1777 4879 p.
1808 4818 1901 4864 141
1936 4827 2005 4862 ss.

607 4903 791 4960 Bauer,
819 4905 1146 4951 Numam-lator
1174 4907 1189 4951 1
1219 4907 1288 4951 ed.
1319 4906 1396 4952 III.
2612 4905 2681 4953 32
