3505 5161
490 214 603 268 271
1409 198 1709 250 401—431.
1737 194 1793 247 S.
1821 193 2201 265 Augustinus.
2980 208 3104 264 272

486 403 613 455 nae,
678 384 796 443 imo
852 380 1150 441 Ecclesiae
1202 380 1571 444 universalis,
1653 381 1770 438 Pro
1922 389 2064 443 148.
2114 379 2185 438 In
2239 399 2285 443 s,
2334 380 2629 455 praesulis
2681 380 2886 438 laudes
2936 379 3110 438 effusi

487 474 623 532 fidei
656 473 1009 531 christianae
1059 471 1321 547 puritate
1371 468 1772 528 conservanda
1826 472 1971 527 sunt
2002 469 2265 528 omnium
2298 472 2562 528 aetatum
2595 469 2936 544 scriptores,
2996 468 3108 526 Mi-

486 561 778 639 vigilabat
794 563 1078 630 attentus,
1111 562 1172 618 et
1202 558 1546 634 ubicunque
1566 558 1769 634 pullu·
1825 561 2036 617 rantur
2075 558 2139 617 in
2171 559 2301 634 ipso
2333 558 2688 617 eruditionis
2723 558 2966 633 copiam,
3015 558 3107 616 in·

489 651 697 710 labant
737 669 984 722 errores,
1017 648 1430 725 paratissimus
1462 647 1667 706 aderat
1699 648 1771 705 ad
1825 647 1988 724 genii
2039 648 2435 724 sagacitatem,
2498 666 2620 724 qua
2681 646 3108 706 subtilissimas

488 758 589 800 eos
620 739 975 798 refellendos
1007 741 1068 797 et
1099 737 1464 796 dedocendos
1485 738 1768 795 errantes,
1827 739 2027 795 movet
2078 736 2148 795 de
2193 737 2561 795 difficillimis
2592 736 2896 813 mysteriis
2929 754 3110 811 quae-

487 830 642 887 Hinc
690 830 818 904 ejus
865 828 1239 903 episcopatus
1290 830 1383 884 est
1431 826 1772 900 interrupta
1826 827 2078 895 stiones,
2143 826 2302 884 unde
2345 826 2678 904 theologiae
2729 825 3111 884 scholasticae

487 937 793 994 nunquam
841 917 1023 977 series
1063 916 1452 975 certaminum
1483 915 1769 973 adversus
1827 914 2040 973 stravit
2070 915 2257 983 viam;
2290 915 2590 973 mirantur
2607 915 2876 973 idearum
2895 913 3111 972 nobili-

489 1007 682 1065 omnis
745 1006 981 1083 generis
1043 1006 1340 1075 haereses,
1416 1003 1770 1080 praeprimis
1824 1006 2026 1075 tatem,
2080 1003 2260 1062 animi
2309 1004 2790 1081 magnitudinem
2834 1005 2895 1062 et
2939 1002 3108 1062 forti-

487 1096 878 1166 Manichaeos,
912 1095 1177 1163 Arianos
1210 1093 1570 1162 Donatistas,
1600 1093 1769 1151 Pela·
1827 1093 2115 1162 tudinem,
2149 1112 2299 1167 quae
2331 1112 2401 1151 ex
2434 1094 2711 1152 omnibus
2742 1094 2937 1151 elucet
2968 1092 3111 1150 scri-

488 1185 696 1261 gianos
759 1187 821 1243 et
883 1183 1403 1259 Semipelagianos‚
1466 1183 1771 1257 laetosque
1827 1182 1963 1257 ptis,
2011 1181 2358 1258 disputandi
2392 1183 2710 1253 solertiam,
2758 1201 2878 1257 qua
2921 1181 3111 1240 omni-

490 1292 659 1349 saepe
690 1274 906 1350 agebat
936 1273 1275 1348 triumphos
1313 1271 1662 1347 praesertim
1705 1271 1771 1328 in
1826 1272 1941 1329 bus
1963 1270 2100 1329 fidei
2122 1271 2439 1330 catholicae
2457 1272 2813 1331 adversariis
2835 1271 3109 1341 occurrit,

486 1363 838 1421 reducendis
885 1381 1067 1437 quam
1116 1360 1393 1438 plurimis
1428 1359 1770 1421 Donatistis
1827 1360 2316 1419 ardentissimum
2362 1379 2469 1436 pro
2500 1361 2753 1419 veritate
2786 1364 2846 1418 et
2869 1359 3113 1435 justitia

490 1452 680 1520 Quare
713 1469 758 1508 s.
779 1451 1179 1527 Hieronymus
1209 1450 1264 1509 ei
1297 1450 1553 1509 scribere
1571 1449 1775 1523 potuit
1827 1450 2037 1519 zelum,
2084 1449 2497 1508 inexhaustam
2548 1448 2880 1509 disserendi
2931 1449 3111 1506 uber-

488 1560 577 1616 ep.
620 1551 736 1603 195
788 1535 970 1619 (inter
1011 1558 1100 1616 ep.
1135 1558 1180 1603 s.
1214 1541 1471 1616 August.
1517 1538 1773 1615 Migne
1828 1541 2043 1597 tatem:
2068 1538 2164 1596 vix
2184 1539 2342 1597 enim
2362 1541 2454 1597 est
2476 1539 2745 1615 quaestio
2762 1538 3110 1614 theologica,

488 1627 750 1699 XXXIII,
775 1623 964 1711 891):
1000 1630 1230 1697 „Macte
1260 1628 1506 1696 virtute,
1540 1626 1600 1685 in
1633 1628 1774 1685 orbe
1830 1647 2007 1703 quam
2037 1646 2158 1686 non
2204 1627 2490 1704 attigerit,
2538 1628 2636 1686 vix
2682 1627 3113 1687 haereticorum

489 1717 823 1787 celebraris,
871 1718 1145 1776 catholici
1176 1720 1238 1775 te
1270 1716 1636 1775 conditorem
1668 1735 1770 1773 an·
1829 1735 2038 1793 genus,
2092 1717 2254 1791 quod
2305 1736 2425 1776 non
2457 1716 2914 1794 impugnaverit,
2967 1715 3110 1773 adeo

487 1808 691 1882 tiquae
720 1824 963 1865 rursum
1009 1805 1145 1865 fidei
1197 1807 1558 1864 venerantur
1595 1806 1773 1880 atque
1829 1810 1902 1864 ut
1932 1805 2223 1864 librorum
2243 1824 2492 1864 numero
2524 1811 2586 1864 et·
2603 1806 2887 1864 varietate
2909 1819 3110 1864 omnes

491 1896 849 1972 suspiciunt,
912 1898 975 1953 et
1030 1894 1188 1968 quod
1240 1895 1478 1970 signum
1529 1894 1774 1969 majoris
1831 1894 2204 1970 superaverit
2233 1898 2450 1970 patres.
2514 1894 2714 1964 ,Quid
2746 1894 2924 1953 habet
2953 1892 3112 1952 orbis

489 1984 713 2060 gloriae
758 1988 866 2054 est,
921 2002 1126 2042 omnes
1159 1983 1436 2041 haeretici
1470 1983 1772 2041 detestan-
1828 1983 2208 2055 christianus,
2272 1984 2481 2042 scribit
2525 1985 2889 2043 Erasmus
2938 1982 3112 2057 epist.

489 2079 650 2132 tur.‘
713 2074 791 2130 Et
828 2092 873 2135 s,
907 2072 1413 2131 Coelestinus
1460 2072 1503 2130 Ι.
1550 2090 1638 2147 ep.
1690 2081 1763 2134 21
1830 2073 1867 2130 l.
1918 2081 1996 2134 28
2046 2092 2134 2147 ep.
2187 2084 2241 2144 l,
2287 2074 2399 2131 hoc
2445 2073 2736 2149 scriptore
2781 2072 2878 2130 vel
2921 2070 3112 2147 magis

490 2162 561 2220 ad
614 2162 789 2237 episc.
840 2161 1060 2220 Galliae
1111 2159 1185 2238 (a.
1235 2157 1388 2241 431)
1440 2180 1575 2219 eum
1626 2160 1775 2219 dicit
1829 2180 2077 2219 aureum
2125 2162 2225 2220 vel
2270 2162 2630 2239 augustius?
2682 2165 2753 2220 ut
2782 2161 2911 2237 ipsa
2940 2178 3112 2219 voca-

493 2252 776 2319 ⁷,sanctae
794 2250 1215 2309 recordationis
1249 2250 1441 2308 virum
1477 2295 1490 2307 .
1514 2293 1526 2305 .
1549 2294 1562 2307 .
1597 2268 1772 2325 quem
1829 2250 1973 2308 bula
2003 2269 2380 2326 nequaquam
2409 2251 2677 2321 fortuite,
2712 2251 2811 2310 sed
2845 2248 3112 2309 numinis

488 2343 693 2398 tantae
744 2339 1026 2398 scientiae
1076 2339 1215 2397 olim
1264 2340 1450 2397 fuisse
1500 2338 1771 2397 memini·
1828 2340 2203 2416 providentia
2246 2339 2563 2399 videantur
2605 2340 2796 2398 indita
2840 2340 3014 2397 viro.
3050 2381 3062 2393 .
3096 2382 3112 2394 .

489 2448 643 2499 mue,
676 2432 747 2486 ut
778 2428 936 2486 inter
956 2429 1272 2504 magistros
1305 2428 1560 2504 optimos
1593 2428 1774 2485 etiam
1831 2428 1965 2485 Non
1998 2428 2252 2487 arbitror
2281 2430 2466 2487 alium
2511 2447 2638 2489 esse
2685 2429 2998 2496 doctorem,
3048 2426 3112 2485 in

491 2537 526 2575 a
545 2518 692 2575 meis
713 2536 944 2593 semper
964 2516 1371 2577 decessoribus
1393 2516 1727 2575 haberetur.
1745 2523 1772 2552 ‘¹
1830 2535 2005 2592 quem
2037 2518 2356 2594 opulentus
2387 2519 2490 2577 ille
2516 2520 2690 2596 juxta
2719 2535 2784 2575 ac
2815 2516 3111 2594 benignus

490 2607 733 2665 Ultimis
777 2607 935 2665 vitae
980 2608 1153 2666 annis
1203 2607 1585 2683 gravissimas
1637 2625 1772 2681 per·
1832 2607 2092 2680 Spiritus
2140 2626 2184 2671 s,
2231 2607 2401 2668 dotes
2448 2627 2586 2667 suas
2636 2625 2838 2666 omnes
2883 2605 3112 2682 largius

492 2714 703 2771 pessus
770 2699 862 2753 est
919 2696 1282 2755 calamitates
1334 2715 1401 2754 ex
1451 2695 1774 2753 rebellione
1829 2695 2108 2754 effuderit
2147 2715 2324 2771 quam
2371 2697 2434 2755 in
2466 2696 2893 2773 Augustinum,
2943 2694 3113 2770 quasi

489 2784 779 2844 Bonifacii
812 2784 1051 2844 Comitis
1083 2788 1145 2843 et
1175 2805 1243 2843 ex
1277 2785 1675 2843 Vandalorum
1709 2784 1772 2841 in

488 2873 750 2933 Africam
810 2874 1172 2948 irruptione,
1237 2893 1389 2949 quae
1452 2876 1772 2931 extremam

1830 2785 2091 2843 voluerit
2121 2785 2186 2843 in
2230 2805 2349 2844 una
2379 2787 2587 2844 tabula
2619 2785 2888 2844 vividum
2921 2783 3111 2859 quod-

1831 2873 1965 2932 dam
2004 2875 2302 2949 exemplar
2346 2874 2606 2951 episcopi
2650 2876 3113 2950 repraesentare.

489 2963 947 3022 florentissimae
980 2963 1074 3020 illi
1102 2963 1380 3022 ecclesiae
1399 2962 1609 3020 attulit
1639 2981 1773 3037 per-
1827 2962 2121 3038 Linguam
2153 2962 2408 3022 habebat
2451 2964 2514 3022 in
2560 2967 2799 3022 tantum
2845 2962 2919 3019 ab
2951 2961 3115 3020 omni

490 3052 721 3114 niciem.
796 3052 866 3109 In
929 3052 1059 3126 ipsa
1119 3052 1426 3111 obsidione
1476 3051 1772 3127 Hipponis

492 3141 793 3199 subtraxit
841 3161 979 3199 eum
1029 3141 1189 3200 Deus
1240 3141 1396 3200 vitae
1428 3140 1772 3198 mortalium

495 3239 596 3292 28.
629 3231 885 3306 August.
921 3239 1066 3299 430,
1102 3249 1176 3288 ne
1197 3229 1371 3289 testis
1392 3230 1548 3288 esset
1570 3231 1773 3287 tantae

489 3317 777 3398 ruinae1).

571 3544 605 3610 ¹)
632 3541 829 3594 Vitam
856 3542 1027 3610 plane
1050 3540 1353 3610 pretiosam
1381 3558 1511 3594 cum
1538 3556 1774 3610 operum

492 3612 746 3665 indiculo
769 3611 1113 3664 sanctissimi
1135 3612 1307 3680 hujus
1328 3611 1609 3681 praesulis
1629 3629 1773 3666 com-

493 3683 691 3753 posuit
729 3701 769 3735 s.
796 3682 840 3736 P
858 3700 889 3736 o
907 3701 931 3736 s
949 3682 1061 3736 sid
1078 3681 1099 3734 i
1116 3701 1153 3735 ιι
1171 3700 1196 3735 s
1237 3683 1344 3736 fide
1388 3682 1774 3753 dignissimum,

493 3754 597 3821 qui
625 3761 694 3810 40
760 3770 896 3824 rope
936 3754 1105 3806 annis
1146 3753 1509 3808 familiariter
1552 3773 1680 3808 cum
1708 3771 1774 3807 eo

493 3824 641 3878 vixit
682 3823 704 3878 i
747 3841 926 3894 eoque
966 3825 1128 3879 testis
1180 3826 1447 3878 oculatus
1496 3826 1610 3880 fuit
1652 3826 1777 3895 ejus

490 3895 939 3950 conversationis
966 3896 1305 3966 exemplaris
1344 3901 1775 3965 extremumque

491 3967 753 4037 magistri
805 3968 895 4021 sui
945 3967 1172 4038 excepit
1219 3968 1502 4038 spiritum.
1553 3968 1778 4022 Prodiit

490 4056 657 4109 saepe
682 4039 823 4094 haec
836 4039 957 4093 vita
973 4040 1125 4093 inter
1142 4040 1324 4093 sancti
1341 4056 1512 4110 opera.
1524 4039 1600 4110 (M
1612 4039 1633 4092 i
1646 4057 1732 4109 gn
1747 4055 1776 4092 e

491 4111 715 4173 XXXII,
744 4114 993 4181 33—65).
1022 4113 1081 4164 et
1106 4129 1237 4165 cum
1264 4111 1415 4164 notis
1442 4111 1688 4181 egregiis
1714 4110 1777 4164 in

490 4183 635 4237 actis
678 4183 767 4238 SS.
794 4183 1047 4251 Augusti
1090 4183 1164 4235 ad
1192 4182 1245 4235 d.
1273 4187 1343 4237 28
1393 4200 1447 4252 p.
1476 4187 1774 4239 427—460.

492 4257 535 4306 t.
566 4254 658 4306 VI.
710 4253 847 4306 Fuit
872 4270 1039 4323 porro
1067 4252 1360 4307 Possidius
1387 4252 1686 4324 episcopus
1712 4254 1777 4306 in

494 4325 687 4379 Africa
715 4325 1066 4389 calamensis,
1106 4342 1140 4377 a
1186 4325 1488 4378 Genserico
1530 4327 1601 4377 ob
1641 4324 1776 4378 fidei

494 4396 807 4450 catholicae
835 4396 1357 4467 propugnationem
1402 4397 1530 4449 sede
1575 4397 1778 4465 pulsus

495 4480 562 4527 (c.
588 4484 638 4521 a.
666 4470 808 4538 437).
861 4467 984 4532 Quo
1028 4485 1078 4519 a.
1124 4467 1333 4522 obierit
1376 4483 1491 4520 non
1537 4469 1777 4521 constat.

494 4536 795 4591 Edidimus
821 4542 879 4591 et
902 4555 1006 4591 nos
1033 4538 1211 4592 vitam
1254 4539 1328 4591 ab
1372 4537 1495 4608 ipso
1536 4538 1775 4591 conscri-

1829 3051 2163 3126 petuluntia
2195 3072 2421 3127 puram,
2472 3056 2543 3111 ut
2589 3053 2774 3110 etiam
2805 3069 2940 3110 cum
2975 3069 3112 3126 pro·

1829 3141 2155 3199 cacissimis
2206 3141 2515 3200 haereticis
2579 3142 2674 3200 vel
2736 3140 2959 3215 scripto
3012 3139 3113 3197 vel

1829 3247 2094 3288 sermone
2144 3229 2462 3305 disputans
2510 3231 2661 3289 mire
2690 3231 3052 3306 temperaret
3081 3248 3118 3286 a

1829 3318 2108 3377 conviciis
2126 3340 2138 3388 ;
2162 3320 2260 3376 sed
2282 3319 2721 3396 Scripturarum
2742 3318 2918 3378 modo
2936 3317 3114 3376 testi-

1830 3407 2044 3466 moniis
2092 3412 2153 3466 et
2202 3409 2571 3485 argumentis
2604 3409 2919 3468 veritatem
2952 3425 3114 3465 asse·

1829 3496 1925 3566 rit,
1959 3496 2328 3572 impietatem
2358 3498 2597 3569 refellit,
2646 3498 2788 3556 adeo
2820 3500 2892 3554 ut
2923 3515 2995 3554 ne
3027 3496 3113 3553 la-

1829 3586 2081 3644 cessitus
2128 3586 2369 3661 quidem
2407 3591 2644 3664 regerat
2673 3586 2989 3644 maledicta
3002 3580 3112 3665 ¹).‘

1927 3773 1997 3826 14
2013 3774 2067 3826 9.
2086 3763 2407 3823 Innumera
2427 3766 2569 3823 sunt
2589 3783 2632 3825 s,
2655 3763 2912 3821 doctoris
2934 3780 3116 3838 opera

1830 3856 1891 3911 et
1919 3853 2224 3927 opuscula,
2257 3856 2328 3911 ut
2348 3855 2438 3911 Po
2453 3873 2479 3911 s
2494 3853 2727 3911 sidius
2767 3852 2828 3910 in
2845 3853 2973 3927 ejus
2992 3852 3118 3910 vita

1831 3961 1877 4000 c.
1935 3954 1954 4003 ]
1975 3951 2008 4004 8
2075 3941 2161 3999 ita
2222 3942 2475 4001 scribere
2535 3960 2655 4001 non
2704 3940 3109 4000 dubitaverit:

1832 4186 1885 4244 (a
1931 4182 2008 4234 ud
2050 4181 2297 4251 Migne
2337 4181 2397 4246 L,
2425 4185 2744 4253 401—407).
2791 4180 2872 4235 Cf.
2903 4180 3117 4233 Gamo

1830 4199 1943 4306 ΚΕ.
1973 4254 2039 4317 X,
2067 4258 2187 4308 238.

1906 4328 1946 4396 ¹)
1976 4325 2058 4379 Of.
2085 4323 2634 4377 Bardenhewer
2659 4333 2685 4388 ξ
2707 4329 2777 4378 94
2802 4342 2857 4375 n.
2880 4330 2958 4378 11.
2988 4321 3117 4374 Hie-

1830 4413 2103 4464 ronymus
2129 4398 2325 4448 wurde
2351 4395 2436 4447 als
2461 4394 2561 4448 der
2587 4394 2926 4476 gelehrteste
2946 4395 3120 4446 unter

1831 4467 1943 4520 den
1969 4466 2421 4521 Kirchenviitern
2450 4466 2807 4522 bezeichnet:
2844 4463 3119 4534 Augusti·

1831 4556 1941 4591 nus
1966 4539 2101 4592 aber
2127 4536 2203 4590 ist
2227 4538 2327 4590 der
2353 4540 2588 4607 grosste,
2611 4536 2711 4589 der
2737 4536 3111 4607 originellste,

495 4613 654 4679 ptam
682 4609 832 4662 inter
859 4613 1135 4694 opuscula
1153 4609 1361 4664 selecta
1379 4609 1469 4664 SS.
1487 4608 1594 4664 ΡΡ.
1613 4609 1777 4691 Oeni—
1833 4610 1933 4662 der
1957 4608 2347 4689 vielseitigste.
2375 4608 2450 4661 Er
2477 4606 2763 4689 vereinigt
2785 4608 2849 4660 in
2875 4606 3009 4688 sich·
3024 4605 3119 4660 die

494 4683 669 4749 ponte
703 4687 835 4736 1869
861 4680 896 4732 W
918 4681 1011 4744 III,
1046 4688 1245 4740 1—93;
1278 4687 1429 4736 1895.
1481 4680 1562 4733 De
1603 4698 1778 4734 varus
1833 4680 2248 4750 schopferische
2276 4680 2444 4732 Kraft
2482 4696 2636 4733 eines
2674 4678 3118 4732 Tertullian

495 4752 582 4804 ed.
633 4751 703 4805 cf.
752 4751 1316 4806 Schoenemann
1368 4753 1434 4816 11,
1494 4753 1774 4808 714-721
1833 4751 1941 4805 mit
2000 4751 2127 4805 dem
2188 4751 2549 4806 kirchlichen
2598 4749 2738 4806 Sinn
2790 4750 2945 4804 eines
3002 4749 3120 4818 Cy·
