3505 5161
426 234 550 287 653

422 402 573 459 mine
607 402 959 471 celebratur,
1016 402 1119 476 qui
1166 406 1258 460 est
1288 420 1601 477 expressus
1634 402 1706 459 ad

423 491 762 549 versionem
812 490 1118 567 vulgatam
1165 492 1339 567 juxta
1402 491 1706 549 Cassio-

423 578 629 638 dorii
659 579 1064 638 recensionem
1080 574 1148 661 1),
1171 583 1231 638 et
1250 581 1517 639 omnium
1548 580 1706 638 codi-

424 686 575 736 cum,
611 668 712 743 qui
751 669 1043 745 integram
1062 669 1357 745 Vulgatae
1385 669 1705 728 editionem

424 756 746 828 continent,
782 760 875 815 est
905 758 1372 820 vetustissimus,
1392 791 1478 801 —-
1498 758 1709 816 Daniel

425 846 497 903 W
513 865 544 905 e
559 866 600 905 n
614 849 641 904 t
656 865 744 904 an
762 866 804 904 u
823 865 851 904 s
864 842 915 926 2)
938 846 1063 904 sive
1081 846 1495 905 wintoniensis
1517 843 1706 927 (Win-

424 931 683 1016 chester)
746 936 810 993 in
858 928 1072 1011 Anglia
1130 931 1204 994 ab
1256 956 1305 994 a.
1361 944 1706 998 704—744

424 1022 483 1095 (†
520 1019 674 1105 745)
722 1025 1052 1099 episcopua,
1103 1044 1148 1086 s,
1192 1024 1563 1083 Bonifatium
1594 1025 1707 1082 Ro-

424 1133 580 1172 mam
623 1113 1091 1189 proficiscentem
1130 1114 1411 1190 Gregorio
1442 1114 1499 1171 II
1546 1114 1705 1171 aliis-

424 1221 542 1277 que
573 1203 767 1260 literis
816 1202 1268 1271 commendavit,
1320 1202 1534 1261 deinde
1581 1202 1706 1260 sin-

425 1292 621 1368 gulari
668 1293 913 1365 epistola
958 1292 1317 1350 catechetica
1359 1291 1432 1350 de
1478 1292 1709 1350 ratione

428 1380 789 1439 instituendi
819 1380 1089 1439 infideles
1108 1383 1359 1449 monuit,
1396 1399 1571 1455 quam
1605 1380 1709 1438 ha-

424 1470 528 1527 bes
561 1470 722 1528 inter
752 1470 1040 1528 Bonifacii
1087 1489 1179 1544 ep.
1227 1474 1289 1528 et
1332 1468 1493 1545 apud
1525 1471 1708 1527 Baro-

425 1559 592 1617 nium
625 1560 697 1616 ad
730 1579 780 1617 a.
818 1568 941 1621 724
975 1579 1033 1616 n.
1068 1569 1137 1628 53
1185 1576 1293 1617 nec
1337 1577 1454 1617 non
1502 1562 1563 1617 et
1595 1558 1711 1616 alia

426 1647 708 1706 salutaria
739 1648 964 1706 monita
993 1647 1175 1705 dedit.
1222 1648 1417 1706 Habes
1451 1648 1553 1706 has
1583 1651 1708 1706 tres

424 1756 514 1811 ep.
563 1736 628 1794 in
671 1737 926 1812 Migne
973 1737 1037 1798 P.
1083 1737 1144 1795 L.
1190 1736 1491 1807 LXXXIX,
1548 1748 1708 1806 6873

429 1826 980 1888 703—710.-S.
1013 1826 1472 1884 Aldhelmus
1505 1825 1707 1902 (Adel-

424 1932 578 1981 mus‚
632 1914 1034 1983 Adelhelmus,
1085 1915 1462 1985 Anthelmus,
1510 1915 1709 1972 Adeli-

424 2019 540 2059 nus
572 1999 712 2083 etc.)
743 2003 884 2061 Inae
914 2005 1072 2080 regis
1100 2003 1393 2063 Saxonum
1427 2022 1496 2061 ex
1528 2005 1708 2061 fratre

425 2091 739 2149 Kentwine
758 2110 943 2168 nepos
974 2112 1033 2149 n.
1066 2093 1228 2150 intra
1249 2103 1597 2156 639——645
1634 2092 1707 2150 ab

425 2179 792 2255 Maildulpho
824 2184 885 2239 et
903 2181 1201 2239 Hadriano
1222 2181 1434 2239 abbate
1466 2184 1706 2239 cantua-

426 2269 587 2327 rensi
617 2270 852 2346 egregie
893 2270 1214 2328 institutus
1249 2271 1495 2328 Galliam
1529 2273 1708 2346 atque

426 2358 657 2416 Italiam
680 2359 1020 2435 peragravit
1050 2358 1123 2416 ad
1156 2359 1494 2417 invisendas
1515 2360 1707 2417 varias

427 2447 674 2514 scholas,
721 2451 793 2505 ut
837 2448 1023 2525 magis
1058 2448 1120 2505 in
1152 2448 1348 2506 literis
1381 2448 1708 2524 proficeret.

425 2534 569 2594 Post
631 2535 981 2611 Maildulphi
1043 2542 1295 2596 mortem
1358 2537 1548 2596 factus
1616 2541 1708 2597 est

426 2626 770 2684 monasterii
793 2627 1337 2685 malmesburiensis
1370 2628 1443 2685 ab
1477 2627 1585 2686 hoc
1616 2628 1706 2685 in-

424 2714 626 2772 stituti
645 2714 827 2772 abbas
849 2711 1051 2797 (675),
1085 2719 1147 2773 et
1177 2719 1310 2791 post
1339 2717 1581 2792 longum
1616 2736 1705 2773 re·

425 2803 625 2878 gimen
673 2803 903 2878 primus
958 2799 1313 2884 (705-—25.
1364 2806 1496 2879 Maj.
1554 2803 1705 2884 709)

426 2890 583 2967 apud
645 2891 901 2951 Saxones
952 2893 1343 2951 occidentales
1394 2894 1706 2969 episcopus

427 2980 743 3039 Shirburni
764 2979 1111 3058 (Sherburn‚
1147 2982 1478 3041 Sherborne
1503 2989 1707 3057 postea

425 3069 734 3145 Salisbury
767 3068 1039 3152 dictum).
1104 3071 1292 3139 ,Cum
1329 3072 1519 3129 adhuc
1552 3075 1708 3130 esset

423 3159 737 3234 presbyter
766 3163 827 3216 et
857 3160 1039 3218 abbas
1060 3160 1303 3236 scripsit
1322 3160 1575 3235 jubente
1610 3179 1705 3235 sy-

398 3247 578 3305 ·nodo
610 3265 752 3306 suae
784 3249 981 3324 gentis
1014 3249 1235 3306 librum
1266 3249 1574 3325 egregium
1605 3249 1704 3306 ad-

427 3354 632 3394 versus
684 3355 938 3395 errorem
988 3337 1323 3406 Britonum‚
1390 3338 1547 3412 quod
1611 3339 1703 3395 vel

425 3425 640 3499 pascha
679 3443 799 3483 non
843 3444 952 3484 suo
984 3430 1250 3500 tempore
1282 3428 1579 3485 celebrant
1610 3429 1702 3485 vel

422 3513 538 3571 alia
587 3514 868 3589 perplura
930 3515 1361 3573 ecclesiasticae
1438 3516 1705 3574 castitati

422 3606 483 3660 et
497 3604 626 3677 paci
643 3604 940 3662 contraria
958 3607 1193 3680 gerunt,
1228 3606 1451 3663 multos
1479 3623 1699 3675 eorum,

422 3693 528 3766 qui
575 3692 1042 3752 occidentalibus
1094 3694 1423 3752 Saxonibus
1472 3694 1702 3752 subditi

422 3785 609 3851 erant,
642 3781 919 3840 Britones
953 3782 1025 3839 ad
1058 3783 1400 3841 catholicam
1422 3782 1701 3840 dominici

423 3870 669 3945 paschae
715 3870 1173 3930 celebrationem
1224 3871 1403 3946 hujus
1450 3871 1701 3929 lectione

420 3958 699 4033 perduxit
773 3953 906 4040 (qui
969 3961 1008 4021 1.
1078 3963 1277 4018 tamen
1348 3955 1700 4041 intercidit).

423 4048 675 4123 Scripsit
718 4051 780 4105 et
823 4049 893 4105 de
935 4051 1264 4124 viryinitate
1309 4049 1529 4107 librum
1580 4050 1701 4107 exi-

909 214 1237 281 Ceoli'ridos,
1266 215 1605 279 Wentanus,
1631 213 1989 277 Aldhelmus,
2015 213 2283 277 Joannes,
2311 214 2588 268 Andreas.

2918 235 3041 289 654

1766 401 1920 476 apud
1942 403 2431 477 Anglo-saxones‚
2466 403 2528 459 in
2559 420 2747 477 eoque
2767 408 3049 479 provocat

1765 491 1836 548 ad
1883 491 2143 565 plurima
2187 490 2476 549 castitatis
2524 493 2788 567 exempla
2825 495 2945 550 tam
2979 493 3045 551 V.

1765 598 1944 654 quam
1977 580 2050 638 N.
2084 579 2461 641 Testamenti.
2526 580 2775 656 Scripsit
2824 586 2886 640 εὴ
2932 582 3048 640 alia

1764 669 2070 749 nonnulla,
2103 671 2317 743 utpote
2348 669 2441 727 vir
2469 670 2866 744 undecunque
2911 671 3045 729 doc-

1764 757 2068 815 tissimus:
2120 777 2257 815 nam
2303 761 2364 815 et
2409 776 2678 817 sermone
2717 759 2943 818 nitidus
2988 763 3048 817 et

1765 846 2196 921 scripturarum
2227 849 2352 904 tam
2384 848 2722 906 liberalium
2745 867 2921 923 quam
2953 867 3045 906 ec-

1765 933 2231 994 clesiasticarum
2277 939 2405 994 erat
2449 937 2784 995 eruditione
2823 937 3044 996 miran-

1765 1024 1939 1082 dus.‘
2002 1023 2095 1081 Ita
2139 1024 2210 1082 de
2255 1043 2325 1082 eo
2369 1025 2572 1084 Beda
2615 1027 2687 1083 H.
2732 1026 2796 1087 E.
2835 1025 2898 1095 V,
2950 1036 3046 1089 18.

1764 1114 2004 1171 Praeter
2033 1112 2252 1188 duplex
2285 1114 2571 1189 scriptum
2617 1116 2686 1172 de
2718 1116 3050 1191 viryinicate

1764 1220 1870 1259 seu
1889 1201 1961 1259 de
1981 1202 2328 1278 virginitate
2348 1207 2688 1263 sanctorum
2720 1207 2782 1262 et
2813 1203 2885 1261 de
2918 1205 3046 1262 lau-

1764 1290 1940 1348 dibus
2001 1290 2304 1367 virginum
2367 1296 2691 1367 supersunt
2706 1289 2753 1371 1)
2816 1293 3045 1368 aliquot

1765 1380 2068 1454 epistolae,
2104 1380 2143 1437 1.
2174 1382 2244 1438 de
2273 1383 2599 1453 septenario
2631 1380 2781 1458 (scil.
2802 1400 3050 1440 numero

1768 1486 1949 1538 sacro,
1984 1487 2160 1543 quem
2193 1469 2420 1545 ubique
2451 1468 2694 1546 reperit)
2741 1473 2801 1527 et
2831 1471 2900 1528 de
2931 1489 3046 1528 me-

1767 1559 1893 1632 tris,
1947 1558 2388 1634 aenigmatibus
2433 1560 2494 1616 et
2537 1559 2758 1634 pedum
2803 1559 3043 1636 regulis,

1769 1650 2053 1721 poemata,
2088 1649 2158 1704 ut
2187 1648 2256 1704 de
2288 1655 2406 1705 octo
2427 1648 2861 1721 principalibus
2893 1650 3049 1706 vitiis

1765 1738 1892 1805 etc.‚
1927 1737 1988 1793 et
2018 1733 2352 1812 diplomata,
2389 1756 2539 1811 quae
2569 1738 2815 1795 collecta
2863 1737 3046 1796 habes

1766 1824 1829 1881 in
1878 1824 1969 1882 ed.
2021 1824 2228 1883 Giles
2279 1825 2490 1884 Oxonii
2544 1835 2742 1895 1844;
2797 1827 3047 1902 Migne

1766 1914 1828 1970 P.
1863 1914 1924 1972 L.
1956 1913 2254 1984 LXXXIX,
2294 1925 2619 1978 87—315.

1858 2191 2001 2243 362.
2036 2182 2374 2240 Sermonem
2423 2200 2530 2240 seu
2573 2183 2895 2241 orationem
2943 2184 3046 2240 ha-

1764 2270 1901 2327 buit
1919 2270 2215 2347 insignem
2235 2274 2298 2328 in
2317 2274 2730 2344 conceptionem
2749 2272 3047 2347 Deiparae

1763 2359 1803 2415 J
1814 2377 2075 2418 oannes
2107 2361 2427 2419 monachus
2458 2364 2521 2419 et
2543 2361 2872 2437 presbyter,
2907 2362 3046 2419 dein

1765 2447 2112 2506 euboeensis
2161 2451 2231 2507 ut
2263 2449 2500 2507 videtur
2531 2450 2849 2525 episcopus
2884 2446 2965 2529 (fl.
2999 2470 3043 2509 c.

1769 2532 1941 2618 744),
1978 2536 2041 2596 iu
2073 2556 2191 2613 qua
2230 2538 2776 2598 luculentissimum
2809 2540 3047 2598 exhibet

1762 2626 2176 2684 testimonium
2208 2646 2316 2702 pro
2336 2628 2710 2686 immaculata
2729 2629 2943 2687 Mariae
2977 2629 3043 2688 V.

1763 2716 2161 2791 conceptione.
2254 2716 2396 2774 Eam
2458 2718 2688 2792 primus
2751 2718 3044 2792 integram

1764 2804 2036 2880 vulgavit
2067 2805 2232 2861 Ball
2252 2805 2457 2863 erini
2488 2806 2551 2862 in
2582 2806 2810 2881 sylloge
2831 2824 3043 2863 monu-

1766 2896 2100 2950 mentorum
2135 2897 2242 2950 etc.
2277 2905 2327 2960 l,
2351 2903 2428 2955 36
2449 2912 2542 2962 ss,
2566 2893 2776 2951 exinde
2811 2895 3043 2968 Migne

1764 2983 1825 3042 P.
1862 2982 1926 3038 G.
1974 2982 2165 3051 XOV1,
2226 2992 2644 3044 1459—1501
2709 2979 3039 3062 (1501—s

1764 3069 1943 3127 habes
1975 3070 2157 3128 alium
2191 3072 2452 3144 ejusdem
2505 3089 2840 3130 sermonem
2871 3074 2932 3128 in
2963 3091 3039 3129 ss.

1762 3158 2094 3216 Innocentes
2125 3159 2189 3217 in
2221 3159 2507 3218 Bethleen
2538 3160 2881 3218 interfectos
2904 3161 3044 3218 etin

1761 3245 2034 3326 Rachel);
2079 3267 2325 3323 eamque
2358 3250 2418 3306 et
2448 3267 2555 3307 nos
2589 3250 2915 3323 recepimus
2949 3250 3043 3306 in·

1762 3340 1853 3393 ter
1904 3355 1980 3398 ss,
2033 3338 2143 3394 PP.
2194 3339 2479 3413 opuscula
2525 3338 2742 3395 selecta
2785 3336 3040 3406 XXXIV,

1770 3434 2132 3487 157—‘20·.‘.
2167 3460 2251 3468 —-
2283 3426 2481 3502 Longe
2513 3427 2713 3502 plures
2747 3426 3041 3484 orationes

1762 3514 1972 3572 habuit
2003 3515 2364 3584 Andreae,
2400 3516 2593 3591 patria
2624 3515 2773 3574 forte
2795 3516 3041 3574 Damas·

1761 3622 1960 3672 cenuS‚
2015 3605 2119 3678 qui
2171 3604 2292 3662 sere
2341 3622 2491 3680 puer
2531 3607 2659 3679 jam
2700 3607 2882 3663 vitam
2918 3625 3040 3665 mo·

1759 3693 2045 3750 nasticam
2097 3693 2527 3768 Hierosolymis
2575 3698 2666 3752 est
2714 3695 3038 3768 professus,

1759 3782 1915 3838 unde
1967 3780 2161 3838 dictus
2212 3787 2303 3838 est
2352 3782 3040 3860 HierosolymiteS.

1839 4061 1871 4120 Γ)
1901 4056 1985 4110 Cf.
2011 4058 2132 4123 ejus
2167 4057 2338 4110 vitam
2377 4062 2606 4111 auct-ore
2639 4059 2937 4111 Faricio
2967 4060 3039 4130 ‘-.fl·

420 4136 625 4206 mium,
668 4156 846 4211 quem
878 4137 941 4194 in
973 4138 1303 4212 exemplum
1339 4138 1564 4196 sedulii
1598 4158 1696 4214 ge.
1757 4128 1992 4182 ineunte
2011 4145 2115 4182 sec.
2136 4128 2352 4192 xlmin
2370 4130 2452 4182 ed.
2486 4130 2693 4183 (iilos
2722 4129 2848 4182 etM
2869 4130 2884 4180 i
2905 4149 3042 4198 gne

420 4225 644 4283 minato
696 4244 868 4300 opere
917 4227 979 4283 et
1027 4226 1300 4284 versibus
1352 4227 1702 4285 hexametris

422 4315 484 4371 et
502 4331 677 4388 prosa
695 4315 1042 4389 composuit.
1092 4314 1559 4391 vulgatissimus
1586 4316 1704 4373 fuit

1759 4200 1817 4251 P.
1836 4199 1893 4251 L.
1915 4200 2208 4262 LXXXIX,
2228 4193 2417 4255 6'3-84:
2451 4200 2503 4252 M
2521 4218 2552 4253 o
2573 4219 2608 4252 n
2626 4203 2650 4251 t
2665 4217 2698 4251 a
2716 4201 2734 4251 l
2751 4218 2783 4251 a,
2801 4219 2855 4251 ni
2877 4202 2910 4253 b
2926 4218 2954 4253 e
2972 4218 2999 4252 r
3017 4205 3042 4253 t

1760 4271 1861 4323 Die
1913 4271 2151 4324 Mouche
2204 4272 2301 4324 des
2354 4271 2575 4325 Abendl
2600 4312 2612 4333 ,
2669 4272 3044 4340 Regensburg-

1763 4349 1912 4397 1868.
1946 4343 2011 4404 V,
2038 4349 2228 4402 28-51;
2272 4343 2381 4394 Leo
2410 4342 2452 4392 B
2469 4348 2501 4394 ὅ
2521 4360 2556 4393 n
2574 4343 2611 4395 h
2629 4359 2661 4395 o
2680 4343 2745 4393 ff
2769 4343 3035 4395 Aldhelm

1759 4429 1870 4466 von
1893 4414 2295 4484 Malmesburg,
2325 4413 2417 4465 ein
2447 4413 2677 4482 Beitrag
2718 4432 2819 4466 zur
2843 4414 3038 4483 angel-

1760 4485 2118 4538 sacbsischeu
2137 4485 2573 4552 Kirchengesch.
2590 4506 2600 4540 ι
2619 4485 2867 4538 Dresden
2887 4491 3039 4542 1895:

503 4555 536 4620 Ι)
578 4552 982 4607 Fabricius
1034 4555 1074 4617 I,
1124 4561 1257 4611 340:
1323 4554 1376 4610 S.
1430 4555 1705 4625 Berger
1761 4556 2056 4609 H.Hahn
2087 4556 3036 4625 Realencycl.1.3·.'5·328:Baum·

422 4622 572 4678 Hist.
598 4624 665 4677 de
694 4623 750 4676 la
779 4624 1041 4694 vulgate,
1084 4625 1244 4678 Paris
1275 4630 1411 4682 1893
1450 4645 1503 4695 p.
1534 4633 1603 4684 37
1629 4645 1702 4686 s.;
1759 4645 1840 4694 ga
1863 4631 2073 4680 rtner
2101 4627 2193 4690 IV.
2223 4631 2532 4686 269--273ς
2564 4626 2606 4680 Ε
2627 4629 2705 4681 be
2726 4633 2791 4679 rt
2819 4629 2884 4688 1⁰2,
2914 4633 3038 4682 *52⁶2-

422 4694 699 4748 Katholik
732 4700 883 4751 1901.
910 4691 977 4758 11,
1004 4702 1108 4753 207
1129 4715 1196 4749 ss.

498 4773 539 4834 2)
566 4765 648 4822 Cf.
678 4766 719 4818 F
737 4785 770 4820 a
789 4766 1112 4821 bricium
1142 4768 1279 4822 bibl.
1306 4769 1404 4822 lat.
1438 4771 1475 4832 Ι,
1504 4776 1626 4826 4⁶29.

1760 4703 1879 4753 6:34.
1942 4698 2043 4766 qui
2089 4715 2218 4752 eum
2271 4704 2489 4768 patrem
2541 4699 2686 4751 dicit
2738 4703 3034 4769 poc-tarum

1759 4769 2300 4838 Auglo·latiuoru1n.
