3505 5161
382 241 416 294 2
430 242 455 293 1
1447 221 1690 276 Hermae
1717 221 1933 277 Pastor.
2913 239 2944 292 2
2957 239 2995 293 2

381 410 653 488 quamvis
687 409 1005 487 legendum
1056 411 1307 468 censeat.
1372 409 1486 468 Sed
1520 409 1657 485 quis
1713 409 1975 479 tributis»,
2009 428 2186 486 quem
2218 427 2478 468 errorem
2509 428 2578 469 ex
2611 411 2722 469 hoc
2754 412 2998 469 auctore

379 506 473 560 est
500 500 604 559 ille
636 500 952 558 Hermes
983 499 1079 557 vel
1109 498 1468 557 Hermas?
1518 498 1658 557 Fuit
1713 498 1940 574 accepit
1972 498 2397 558 Cassianus
2442 498 2646 558 Collat.
2681 498 2840 567 VIII,
2884 508 2992 567 173

380 589 678 667 quondam
713 588 927 647 Romae
958 605 1185 657 servuS,
1235 587 1338 646 sed
1383 588 1658 647 libertate
1712 588 1870 658 XIII,
1918 597 2010 649 12.
2072 588 2226 647 Hinc
2257 590 2323 647 in
2354 587 2588 647 decreto
2622 588 2854 647 Gelasio
2883 588 2996 645 tri·

379 682 636 739 donatus
669 676 1116 736 matrimonium
1147 676 1287 735 iniit
1305 680 1485 751 atque
1504 695 1657 736 mer·
1712 678 1861 736 buto
1911 677 1950 736 l.
2001 677 2265 737 Pastoris
2327 681 2670 736 recensetur
2718 677 2880 735 inter
2928 676 2998 735 ll.

376 772 643 828 caturam
676 767 816 844 egit.
877 766 1135 826 Lucrum
1184 766 1322 825 inde
1355 766 1471 825 sibi
1503 785 1657 825 com·
1714 767 2089 843 apocryphos,
2118 768 2361 843 quinon
2381 766 2771 843 recipiuntur.
2805 763 2995 834 Quare

375 857 607 935 paravit
638 874 921 933 magnum
954 855 1056 914 sed
1087 873 1209 914 non
1242 856 1388 914 satis
1402 858 1655 930 justum,
1704 855 1832 931 jam
1893 858 2341 914 controversum
2393 859 2502 925 est,
2554 874 2698 914 num
2744 854 2997 913 Hermas

375 948 536 1023 quod
584 963 707 1003 non
756 945 936 1003 cessit
981 945 1047 1003 in
1093 946 1318 1003 bonum
1368 944 1655 1003 familiae:
1712 945 2056 1003 auctoribus
2089 946 2424 1020 apostolicis
2472 945 2553 1004 sit
2581 944 2992 1005 accensendus

374 1056 510 1096 nem
573 1037 636 1093 et
682 1051 833 1092 uxor
880 1052 1002 1092 non
1051 1033 1659 1108 irreprehensibiliter
1714 1033 1784 1092 Id
1814 1033 2000 1109 priori
2045 1036 2310 1111 tempore
2355 1034 2477 1094 fere
2523 1033 2823 1093 communi
2855 1050 2999 1091 con-

374 1126 540 1193 vixit,
576 1123 689 1181 filii
734 1123 795 1181 in
825 1123 1238 1199 persecutione
1284 1122 1658 1199 abnegarunt
1713 1140 1895 1181 sensu
1945 1123 2060 1181 fnit
2109 1124 2433 1193 defensum,
2497 1126 2676 1199 atque
2735 1122 2910 1180 etiam
2960 1141 2995 1179 a

375 1216 568 1282 fidem,
647 1212 778 1287 ipse
853 1211 1130 1270 redactus
1208 1212 1280 1270 ad
1342 1212 1654 1289 angustias
1712 1213 2026 1270 Fessler
2056 1214 2120 1270 et
2149 1212 2500 1281 Nirsch13
2547 1211 2866 1272 recentiori
2895 1230 2996 1270 ae-

374 1303 611 1363 amissis
644 1301 877 1359 divitiis
908 1301 1061 1361 male
1090 1302 1444 1376 comparatis
1493 1319 1655 1360 coac·
1709 1302 1836 1359 tate
1883 1300 2175 1371 Hefele‚
2228 1303 2439 1360 Funk
2502 1303 2726 1378 aliique
2789 1301 2993 1376 plures

372 1398 475 1454 tus
507 1396 602 1451 est
632 1390 896 1449 excolere
928 1409 1156 1466 agrum,
1198 1390 1261 1448 in
1292 1409 1413 1465 quo
1445 1390 1658 1449 habuit
1712 1394 1936 1466 negant
1995 1390 2354 1449 auctoritate
2414 1391 2607 1450 innixi
2675 1391 2993 1467 fragmenti

372 1482 635 1542 visiones
656 1482 719 1538 et
737 1478 1144 1549 revelationes,
1179 1497 1327 1555 quas
1352 1478 1655 1538 describit.
1712 1478 2104 1537 Muratoriani
2120 1475 2203 1559 ¹),
2297 1481 2514 1554 quibus
2605 1484 2667 1539 et
2743 1479 2998 1538 assentit

375 1574 438 1632 Si
471 1570 708 1646 quaeris
741 1569 873 1643 ejus
904 1569 1156 1627 aetatem
1178 1568 1491 1642 quavixit:
1526 1568 1655 1644 ipse
1710 1567 1748 1626 J
1767 1587 2154 1645 ungmann
2210 1565 2242 1635 ὃ
2292 1578 2391 1632 43.
2456 1569 2684 1644 Scopus
2735 1569 2996 1627 auctoris

374 1680 438 1721 se
454 1658 759 1736 aequalem
778 1656 986 1716 scribit
1001 1675 1049 1715 s.
1066 1656 1385 1716 Clementis
1406 1658 1653 1728 romani,
1713 1661 1807 1716 est
1825 1657 2166 1716 reformatio
2199 1661 2260 1716 et
2288 1659 2622 1717 emendatio
2645 1657 2803 1717 vitae
2837 1657 2990 1715 chri-

373 1769 509 1810 nam
540 1747 614 1807 ad
648 1766 786 1806 eum
820 1745 1146 1823 delegatur,
1195 1746 1300 1822 qui
1345 1747 1476 1822 ejus
1509 1747 1653 1805 scri·
1714 1747 1942 1805 stianae
1975 1749 2037 1804 et
2055 1747 2502 1818 ecclesiasticae,
2531 1747 2670 1806 hinc
2687 1746 2762 1804 ad
2783 1747 2990 1822 poeni-

373 1843 543 1917 ptum
578 1836 653 1896 ad
684 1834 829 1894 alios
861 1835 1065 1894 mittat
1094 1835 1385 1894 ecclesias.
1438 1836 1654 1895 Verum
1712 1836 1967 1894 tentiam
1998 1835 2229 1906 excitat,
2264 1855 2440 1911 quem
2473 1837 2537 1895 in
2568 1836 2746 1895 finem
2763 1835 2837 1895 ob
2854 1854 2993 1895 ocu-

374 1949 443 1988 ex
504 1925 823 2002 fragmenti
870 1923 1261 1983 Muratoriani
1311 1925 1658 1984 testimonio
1711 1925 1802 1984 los
1834 1925 2006 2000 ponit
2024 1926 2469 2001 persecutiones
2490 1927 2783 1986 instantes
2803 1928 2865 1984 et
2879 1925 2991 1983 im-

374 2018 615 2077 videtur
645 2014 835 2072 fuisse
867 2013 959 2071 Pii
991 2013 1035 2075 Ι.
1069 2014 1369 2089 pontificis
1403 2012 1651 2097 (139—
1710 2014 2034 2073 minentem
2086 2014 2408 2074 adventum
2456 2015 2676 2074 Christi
2717 2016 2787 2073 ad
2834 2013 2990 2090 judi-

382 2106 528 2183 154)
575 2104 776 2165 frater.
822 2102 992 2161 Hinc
1047 2120 1198 2177 quae
1249 2102 1320 2162 de
1368 2122 1431 2162 se
1476 2104 1657 2163 refert
1713 2104 1889 2162 cium.
1952 2103 2237 2178 Proponit
2286 2107 2485 2163 autem
2547 2104 2610 2162 in
2660 2122 2768 2163 suo
2818 2121 2998 2179 opere

374 2215 494 2257 non
524 2191 811 2253 videntur
841 2191 987 2250 satis
1021 2190 1203 2267 digna
1248 2191 1361 2251 fide
1408 2196 1469 2252 et
1499 2192 1656 2251 indi·
1712 2192 1978 2251 visiones
2016 2202 2069 2261 5,
2101 2194 2378 2251 mandata
2418 2202 2514 2261 12,
2549 2196 2611 2252 et
2642 2192 2991 2251 similitudi-

373 2288 463 2346 eia
492 2286 732 2344 interna
776 2284 1074 2339 auctorem
1124 2280 1387 2356 produnt
1418 2300 1529 2340 sec.
1562 2283 1654 2352 ῙῙ.,
1711 2299 1818 2340 nes
1852 2298 1961 2339 seu
1992 2283 2299 2356 parabolas
2332 2282 2549 2344 decem.
2610 2282 2887 2340 Innotuit
2919 2280 2995 2338 ad

373 2395 524 2452 quae
556 2370 855 2431 sententia
876 2370 998 2445 jam
1019 2370 1323 2445 praevalet
1342 2370 1500 2447 apud
1517 2389 1655 2430 auc·
1708 2389 1762 2428 a.
1803 2379 1966 2434 1856
2023 2371 2218 2446 operis
2269 2371 2459 2430 versio
2505 2372 2743 2429 tantum
2788 2370 2992 2437 latina,

372 2472 534 2524 tores
587 2454 843 2520 criticos.
905 2459 1114 2534 Neque
1163 2459 1308 2518 adeo
1361 2478 1656 2519 commen·
1712 2459 1817 2517 sed
1880 2476 2145 2518 summae
2206 2459 2611 2536 antiquitatis,
2658 2460 2814 2517 forte
2868 2459 2995 2534 jam

374 2553 569 2614 danda
587 2549 828 2609 videtur
857 2548 895 2606 1.
929 2547 1213 2609 doctrina.
1248 2547 1529 2618 Quamvis
1550 2568 1655 2608 au·
1711 2566 1824 2607 sec.
1859 2548 1951 2619 ῙῙ.,
1999 2566 2176 2622 quam
2219 2549 2616 2627 vulgatam
2650 2548 2876 2619 dicunt,
2925 2551 2994 2607 ut

373 2648 494 2704 tem
513 2644 609 2702 hic
627 2639 876 2714 l.‚juxta
894 2637 1049 2697 eard.
1082 2638 1652 2697 Bellarminum
1710 2637 2126 2714 distinguatur
2156 2637 2229 2696 ab
2260 2639 2392 2709 alia,
2426 2638 2786 2714 palatina
2815 2637 2990 2706 dieta,

374 2734 444 2793 de
476 2731 684 2805 script.
715 2727 870 2796 eccl.,
905 2727 1094 2785 multa
1124 2727 1300 2785 utilia
1330 2728 1557 2796 habeat,
1585 2729 1656 2785 ut
1709 2731 1917 2802 postea
1960 2730 2212 2802 reperta.
2272 2727 2414 2786 Eam
2460 2717 2741 2787 exhibent
2785 2726 2998 2786 Cote-

375 2822 975 2891 s.Hieronymus
1009 2816 1654 2886 scribinhabettamen
1710 2817 1883 2886 lier,
1949 2815 2294 2882 Galandi,
2357 2817 2611 2894 Migne
2673 2817 2737 2874 P.
2800 2816 2864 2874 G.
2913 2816 2991 2883 11,

382 2913 546 2971 etiam
580 2906 783 2980 aliqua
827 2906 1016 2973 noxia,
1064 2909 1137 2962 ut
1181 2905 1253 2962 de
1303 2907 1481 2964 unica
1511 2924 1653 2982 poe·
1715 2913 2129 2974 892—1025,
2164 2905 2309 2964 Hef
2318 2906 2439 2964 ele
2471 2907 2536 2964 in
2567 2906 2692 2964 suis
2709 2904 2849 2962 edit.
2880 2903 2993 2962 ΡΡ.

382 2999 628 3060 nitentia
660 2993 987 3052 secundum
1037 3010 1260 3052 errores
1292 2994 1653 3054 Novatiano-
1711 2993 2277 3069 apostolicorum,in
2292 2994 2501 3070 primis
2533 2992 2993 3071 Hilgenfeld

376 3109 518 3159 rum,
554 3084 778 3162 quibus
825 3082 921 3140 hic
964 3082 1001 3139 l.
1048 3083 1286 3141 omnino
1336 3083 1531 3142 favere
1563 3084 1653 3142 vi·
1710 3083 1773 3140 in
1806 3101 1931 3158 op.:
1969 3081 2224 3140 Hermae
2267 3083 2495 3141 Pastor.
2550 3083 2819 3141 Veterem
2853 3081 2991 3139 lati-

372 3179 544 3238 detur
560 3178 635 3252 ¹):
701 3176 773 3230 ut
834 3172 1011 3229 etiam
1074 3171 1224 3230 illud
1286 3173 1358 3230 de
1416 3172 1652 3231 duobus
1709 3191 1846 3230 nam
1870 3171 2420 3247 interpretationem
2453 3190 2485 3230 e
2516 3171 2682 3230 codd.
2714 3169 2903 3229 edidit
2921 3173 2992 3228 A.

371 3268 559 3344 geniis
592 3267 719 3325 sive
751 3260 824 3319 de
856 3259 1089 3320 duobus
1109 3261 1337 3337 angelis
1357 3281 1478 3320 uno
1497 3263 1653 3320 bono
1708 3260 1817 3330 H.;
1849 3260 2086 3335 Lipsiae
2127 3270 2312 3324 1873.
2377 3261 2628 3319 Demum
2679 3264 2741 3318 et
2789 3261 2994 3318 textus

373 3361 432 3415 et
450 3357 639 3415 altero
660 3350 814 3409 malo
836 3349 1091 3427 singulis
1114 3349 1455 3410 hominibus
1475 3371 1510 3410 a
1529 3351 1650 3409 Deo
1709 3366 1958 3426 graecus
1991 3349 2275 3408 inventus
2308 3353 2402 3408 est
2433 3349 2522 3427 (in
2553 3349 2669 3408 fine
2701 3345 2992 3431 maneus),

654 3479 661 3480 ἡ
1710 3457 1888 3513 quem
1921 3439 2202 3498 exhibent
2234 3438 2576 3516 Hilgenfeld
2608 3439 2685 3498 N.
2731 3437 2791 3496 T.
2825 3445 2994 3496 extra

446 3527 484 3590 ¹)
512 3519 683 3574 Multi
723 3524 876 3584 sunt,
918 3518 1020 3588 qui
1064 3523 1352 3575 auctorem
1394 3524 1653 3575 noflssrum
1709 3547 1982 3586 canonem
2015 3535 2322 3604 receptum,
2354 3528 2461 3597 111,
2513 3528 2748 3604 Lipsiae
2790 3537 2992 3596 1866;

372 3590 1653 3716 {ussissesfaess‘flfflufhfflr
1720 3617 2549 3693 1881=³e012³m18⁸⁷ss111m
2565 3616 2996 3676 ..mmm

462 3703 491 3725 .,
1288 3681 1391 3730 qul
1411 3679 1541 3718 eum
1603 3681 1653 3717 e-

374 3733 623 3796 fendant‚
641 3738 709 3787 ut
720 3733 762 3787 L
776 3753 812 3787 u
826 3752 881 3786 m
947 3750 976 3786 e
987 3752 1014 3786 r
1040 3733 1108 3786 de
1121 3734 1381 3788 doctrina
1394 3734 1652 3797 Hermae,

372 3803 412 3866 Ι,
457 3809 557 3861 127
596 3823 665 3862 ss.
706 3805 863 3875 apud
978 3804 1106 3875 ign
1125 3821 1153 3858 e
1208 3805 1271 3861 P.
1310 3805 1371 3858 G.
1416 3805 1484 3870 ΙΙ,
1531 3811 1651 3868 878,

375 3875 413 3928 C
429 3892 461 3930 o
479 3879 547 3929 te
564 3878 584 3931 l
600 3893 630 3930 e
647 3876 765 3930 riu
783 3894 808 3929 s
833 3876 896 3929 in
917 3876 1085 3934 notis:
1114 3876 1157 3929 F
1174 3893 1203 3929 e
1221 3894 1245 3928 s
1262 3879 1320 3932 sl
1338 3894 1366 3930 e
1382 3877 1463 3930 r-J
1483 3895 1520 3930 ιι
1539 3897 1578 3931 n
1595 3896 1653 3947 g·
1786 3883 1825 3944 ²)
1854 3875 2262 3945 Fragmentum
2305 3875 2410 3930 hoc
2452 3877 2670 3931 celebre
2709 3892 2741 3927 a
2771 3873 2826 3926 M
2845 3892 2880 3926 u
2897 3891 2926 3926 r
2940 3891 2998 3925 a·

374 3963 528 3999 man
546 3965 583 3999 n
623 3959 651 4013 5
691 3955 790 4005 43:
832 3947 1003 4001 Ram
1023 3950 1106 4001 bo
1126 3946 1317 4003 uille
1335 3951 1360 4001 t
1401 3948 1652 4002 L'ortho-
1710 3945 1864 4001 tori
1905 3953 1951 4017 (ψ
1984 3950 2159 4018 1750).
2201 3946 2304 4015 qui
2338 3946 2483 4001 illud
2512 3945 2740 4016 reperit,
2785 3962 2996 4000 nomen

372 4018 534 4071 doxie
561 4018 640 4071 du
666 4020 723 4075 1'.
748 4019 828 4072 du
856 4017 1096 4072 Pasteur
1139 4019 1195 4071 d’
1212 4019 1467 4083 Hermas,
1494 4019 1654 4073 Paris
1708 4017 1947 4089 accepit,
1975 4021 2173 4086 estque
2202 4018 2493 4087 catalogus
2522 4017 2796 4072 librorum
2826 4016 2895 4071 N.
2915 4017 2996 4078 Τ..

375 4096 509 4145 1880
533 4090 805 4143 adversus
846 4089 893 4143 D
910 4108 948 4143 u
965 4089 1091 4144 che
1109 4108 1133 4143 3
1150 4108 1188 4141 n
1205 4106 1264 4150 e:
1310 4109 1389 4143 un
1431 4091 1655 4144 dernier
1709 4107 1824 4143 non
1868 4092 2059 4143 tamen
2100 4089 2342 4160 integer,
2383 4088 2553 4142 initio
2593 4088 2746 4141 enim
2787 4091 2844 4139 et
2885 4088 2999 4140 fine

370 4163 491 4214 mot
514 4178 612 4213 sur
635 4160 1026 4216 l‘orthodoxie
1052 4161 1471 4224 d'Hermas,ib.
1501 4169 1653 4218 1880.
1711 4164 1882 4222 caret,
1911 4160 2106 4222 seculi,
2153 4165 2221 4215 ut
2264 4160 2375 4214 viri
2418 4160 2601 4215 critici
2629 4163 2877 4213 censent.
2916 4175 2994 4210 se-

370 4229 449 4285 De
475 4231 658 4303 ipsius
684 4232 947 4286 doctrina
974 4232 1043 4286 cf.
1074 4236 1300 4303 praeter
1325 4232 1484 4296 alios,
1512 4250 1654 4302 quos
1709 4232 1889 4286 cundi
1928 4236 2106 4300 atque
2140 4231 2517 4302 probabilittr
2553 4229 2733 4284 versio
2751 4246 2818 4282 ex
2838 4246 2995 4298 grae-

370 4303 608 4359 a-ddueit
654 4303 844 4357 Bard
862 4321 891 4358 e
908 4322 943 4357 n
966 4304 1003 4356 h
1022 4320 1051 4356 e
1069 4322 1120 4356 w
1137 4321 1165 4357 e
1184 4321 1211 4355 r
1271 4321 1408 4374 prae
1454 4303 1654 4375 primis
1711 4321 1795 4360 co,
1848 4303 2056 4374 Magno
2085 4302 2232 4358 illud
2261 4304 2334 4357 ob
2371 4319 2532 4356 suam
2560 4304 2906 4354 vetustatem
2933 4299 2995 4352 in

370 4375 751 4430 consulendus
791 4384 928 4442 §.IL
980 4375 1191 4430 Brun
1243 4375 1342 4428 der
1386 4375 1519 4429 Hirt
1557 4376 1654 4428 des
1710 4374 1897 4445 pretio
1925 4379 2012 4427 est
2036 4375 2193 4444 apud
2221 4391 2334 4435 eos,
2363 4372 2465 4441 qui
2491 4371 2907 4426 introductioni
2933 4371 2995 4423 in

370 4445 605 4500 Hermas
644 4448 793 4501 nach
820 4445 1123 4517 Ursprung
1165 4447 1286 4499 und
1316 4447 1513 4502 Inhalt
1551 4465 1654 4500 un·
1710 4464 1751 4500 3.
1799 4445 2154 4516 Scripturam
2198 4444 2447 4497 student.
2500 4443 2581 4500 Cf.
2624 4443 2727 4496 Th.
2780 4443 2994 4502 Zahn.

371 4519 640 4580 tersucht,
670 4516 948 4588 Freiburg
980 4525 1145 4577 1882:
1191 4517 1234 4570 F
1254 4518 1401 4571 unk
1423 4519 1501 4593 gin
1530 4536 1653 4590 pro·
1712 4517 1912 4576 Gesoh,
1960 4517 2057 4570 des
2098 4519 2341 4570 neutest.
2383 4514 2615 4568 Kanons
2667 4521 2818 4571 1890.
2847 4515 2916 4569 11.
2951 4524 2995 4572 1.

368 4589 420 4642 le
463 4632 477 4645 .
504 4589 589 4644 ed.
619 4607 751 4661 opp.
780 4593 963 4660 apost.
998 4592 1163 4648 1878:
1198 4593 1350 4646 1887.
1380 4591 1434 4646 1:
1478 4592 1651 4646 theol.
1715 4596 1955 4646 1——143z
1983 4588 2027 4640 B
2045 4587 2242 4642 elser
2269 4585 2608 4656 Einleitung
2624 4584 2686 4638 in
2704 4587 2803 4638 das
2825 4586 2894 4640 N.
2916 4585 2995 4640 T..

373 4659 488 4724 Qts
520 4660 608 4717 hr.
676 4667 814 4718 1888
872 4661 1036 4716 LXX.
1103 4663 1344 4718 51-71:
1408 4662 1521 4716 KL.
1584 4662 1653 4725 V,
1711 4659 1993 4729 Freiburg
2026 4665 2156 4714 1901
2186 4667 2212 4724 ξ
2241 4665 2324 4714 61.
2380 4658 2558 4726 Cujus
2598 4656 2676 4709 sit
2713 4674 2830 4710 non
2869 4675 2994 4711 eon-

380 4738 565 4788 1839-
586 4740 756 4792 1844;
801 4731 854 4784 N
871 4732 934 4785 ir
951 4749 975 4784 s
992 4750 1021 4786 c
1036 4731 1115 4785 hl
1142 4740 1168 4799 ξ
1196 4739 1260 4788 31
1291 4750 1360 4786 ss.
1390 4736 1450 4787 et
1472 4733 1533 4787 in
1564 4751 1651 4804 op.
1710 4734 1842 4792 stat,
1865 4746 2051 4798 neque
2074 4728 2227 4783 enim
2248 4732 2348 4792 est,
2370 4732 2439 4782 ut
2456 4729 2643 4796 aliqui
2662 4728 2996 4798 conjiciunt,

377 4800 480 4856 Der
506 4802 637 4858 Hirt
662 4804 759 4857 des
787 4803 1039 4868 Hermas,
1068 4802 1279 4856 Passau
1313 4810 1463 4862 1879.
1710 4820 1752 4858 3.
1783 4802 1834 4857 Η
1851 4800 1871 4854 i
1887 4822 1924 4872 p
1943 4822 1979 4872 p
1996 4820 2028 4856 o
2047 4803 2066 4858 l
2080 4819 2118 4870 y
2139 4800 2212 4857 ti.
