3505 5161
457 217 580 271 243

453 388 517 446 in
562 388 921 464 episcopum,
974 386 1035 444 et
1082 384 1224 461 quia
1271 384 1588 443 monachos
1638 385 1731 443 ni-

452 478 706 536 trienses
752 477 826 533 ab
859 476 988 550 ipso
1018 477 1262 550 propter
1295 473 1571 551 Origenis
1603 474 1731 549 opi-

451 567 660 625 niones
692 567 966 641 Aegypto
1007 564 1285 639 expulsos
1328 562 1508 622 nimis
1555 564 1732 622 bene-

452 655 582 714 vole
615 656 937 729 exceperat,
991 652 1281 723 incitavit,
1330 656 1402 712 ut
1446 651 1518 710 de
1551 652 1730 729 Chry-

453 748 709 802 sostomo
742 742 1085 819 deponendo
1117 759 1352 800 causam
1391 742 1731 801 instrueret.

452 833 632 891 Venit
675 832 777 890 ille
824 830 1063 908 praesul
1096 829 1447 890 ambitiosus
1478 849 1613 890 cum
1650 841 1727 893 25

452 922 744 998 episcopis
797 920 1108 997 aegyptiiS,
1161 920 1268 995 qui
1320 939 1454 978 cum
1504 921 1733 995 aliquot

451 1011 747 1086 episcopis
798 1010 1189 1086 suffraganeis
1250 1009 1530 1068 ecclesiae
1594 1028 1730 1069 con-

452 1099 1014 1175 stantinopolitanae
1062 1098 1345 1157 famosam
1392 1099 1731 1158 habuerunt

452 1188 743 1265 synodum
795 1188 868 1246 ad
914 1187 1209 1257 Queroum
1260 1187 1478 1245 dictam
1526 1185 1728 1270 (403).

454 1278 708 1336 Vocatus
761 1277 1221 1352 Chrysostomus
1280 1276 1477 1336 noluit
1523 1277 1616 1335 illi
1668 1297 1729 1337 se

451 1369 659 1426 sistere
690 1369 900 1441 utpote
948 1365 1313 1442 illegitimae.
1376 1366 1447 1424 In
1497 1386 1564 1425 ea
1613 1367 1731 1426 fuit

450 1457 773 1532 depositus,
830 1474 1006 1528 quam
1057 1454 1489 1529 depositionem
1543 1455 1728 1531 impe-

450 1548 609 1603 rator
650 1544 964 1603 imbecillis
1010 1547 1198 1602 ratam
1229 1544 1442 1602 habuit
1474 1562 1729 1620 eumque

450 1635 512 1693 in
545 1633 820 1692 exsilium
853 1633 1040 1709 ejecit.
1075 1631 1200 1701 Qua
1221 1634 1524 1692 occasione
1546 1633 1727 1710 Chry-

450 1728 748 1781 sostomus
780 1721 1143 1798 stupendum
1178 1722 1387 1780 habuit
1435 1724 1503 1780 de
1534 1722 1727 1782 Eccle-

448 1815 571 1871 siae
599 1812 1077 1885 indefectibilitate
1108 1830 1453 1880 sermonem,
1490 1816 1726 1886 sponte·

450 1920 566 1976 que
600 1920 662 1960 se
694 1900 941 1959 tradidit
959 1900 1239 1975 potestati
1261 1901 1530 1970 seculari,
1566 1904 1632 1959 ut
1665 1902 1727 1959 in

449 1990 727 2048 exsilium
774 1989 1197 2048 abduceretur:
1244 1989 1347 2047 sed
1391 2008 1524 2048 mox
1571 1991 1726 2048 sedi-

447 2080 609 2138 tione
654 2078 863 2154 populi
908 2081 1150 2153 propter
1194 2080 1322 2153 ejus
1368 2078 1726 2137 desiderium

448 2169 769 2242 imperator
845 2166 1123 2235 ten-ilua,
1203 2186 1339 2226 eum
1416 2168 1725 2229 revocavit.

449 2256 639 2325 Quare
674 2275 719 2318 s.
754 2257 991 2330 praesul
1022 2256 1200 2315 rediit
1226 2257 1563 2315 admirabili
1586 2258 1727 2315 civi-

446 2346 591 2404 tatis
641 2346 858 2420 plausu
907 2349 1198 2422 receptus.
1273 2346 1534 2414 ,Verum
1594 2366 1724 2405 cum

446 2434 712 2510 perditos
734 2452 928 2492 mores
951 2434 1253 2510 increpare
1273 2452 1394 2493 non
1413 2435 1729 2493 desisteret

447 2527 507 2583 et
551 2524 624 2582 ad
668 2524 1007 2601 argenteam
1039 2523 1340 2583 Eudoxias
1374 2529 1632 2584 statuam
1664 2524 1724 2583 in

446 2615 571 2672 soro
618 2631 663 2672 s.
698 2613 945 2689 Sophiae
977 2614 1148 2672 ludos
1195 2613 1321 2672 fieri
1364 2613 1724 2690 prohiberet,

449 2703 881 2778 conspiratione
908 2702 1283 2762 inimicorum
1315 2703 1724 2779 episcoporum

444 2793 665 2850 iterum
686 2793 952 2850 exsulare
975 2793 1224 2868 cogitur,
1247 2792 1447 2850 viduis
1471 2797 1531 2850 et
1550 2811 1726 2869 egen-

442 2881 606 2939 tibus
638 2881 914 2938 omnibus
936 2881 1264 2939 communis
1284 2881 1553 2956 parentis
1574 2881 1726 2956 ejec-

443 3067 511 3104 ex
539 3051 780 3118 antiqua
808 3050 1065 3105 versione
1107 3068 1337 3104 armena
1378 3051 1437 3104 in
1480 3050 1726 3104 latinum

444 3139 756 3176 sermonem
784 3122 1084 3176 transtulit
1104 3122 1401 3189 ediditque
1432 3125 1476 3174 A
1497 3141 1531 3174 ιι
1551 3139 1580 3175 c
1597 3124 1634 3175 h
1653 3139 1681 3175 e
1698 3140 1726 3175 r

448 3193 701 3247 Venetiis
735 3197 884 3249 1827.
933 3193 1189 3260 Reliquit
1233 3198 1291 3246 et
1316 3193 1725 3264 expositionem

444 3272 499 3319 in
516 3286 580 3333 ep
612 3271 683 3319 ad
697 3269 935 3331 Galatas,
952 3282 1099 3333 quae
1114 3263 1301 3334 periit,
1320 3267 1379 3318 et
1392 3270 1454 3319 de
1470 3270 1727 3333 baptismo

440 3347 486 3390 et
509 3341 661 3391 solem
672 3343 831 3390 nitate
856 3340 1197 3404 Epiphaniae
1212 3337 1493 3400 libellum,
1521 3336 1625 3403 qui
1642 3338 1727 3389 est

442 3408 594 3461 hom.
629 3416 691 3464 13
719 3427 759 3460 s.
790 3407 1070 3461 Basilii
1116 3406 1188 3463 M.
1229 3407 1497 3476 (Migne
1526 3407 1724 3469 XXXI,

442 3483 761 3549 4·23-444).
808 3495 954 3546 quae
999 3495 1195 3532 revera
1239 3480 1300 3531 in
1348 3480 1601 3533 versione
1643 3496 1725 3531 ar-

442 3565 605 3603 mena
658 3549 764 3618 ipsi
818 3548 1095 3602 tribuitur
1146 3550 1216 3602 cf.
1268 3550 1325 3601 M
1345 3550 1516 3619 igne
1560 3550 1725 3613 LXV,

442 3625 634 3675 9—29.
666 3654 724 3661 -
756 3622 805 3672 A
824 3619 967 3673 ttic
987 3638 1063 3673 us
1109 3623 1240 3688 post
1280 3616 1559 3676 Arsit-inm
1610 3621 1723 3692 epi·

442 3709 643 3760 scopus
661 3690 918 3744 intrusus
935 3691 995 3743 in
1014 3692 1198 3746 sedem
1216 3693 1724 3763 constantinopoli·

440 3767 634 3815 tanam
682 3769 949 3833 §406-10
995 3762 1115 3818 Oct.
1161 3771 1265 3819 425
1295 3767 1380 3819 vel
1407 3769 1550 3836 427),
1597 3768 1726 3834 post

444 3838 679 3887 mortem
727 3852 767 3886 s.
795 3833 825 3887 J
832 3834 1033 3888 oannis
1077 3834 1406 3904 adimpletis
1446 3838 1518 3889 ab
1562 3836 1723 3891 lnno·

440 3904 627 3958 centio
674 3905 907 3958 statutis
947 3905 1375 3960 conditionibus
1411 3907 1722 3976 legitimuS,

440 3977 625 4030 zelum
654 3977 905 4031 ostendit
943 3976 1004 4028 in
1031 3978 1362 4042 haereticos,
1404 3983 1472 4032 ut
1497 3996 1530 4030 a
1559 3979 1598 4031 (J
1618 3997 1649 4033 o
1671 3997 1720 4033 e·

441 4048 504 4100 le
523 4066 547 4100 s
565 4048 624 4102 ti
646 4067 679 4099 n
699 4065 730 4101 o
762 4049 781 4100 Ι
810 4049 1096 4102 diceretur
1126 4049 1503 4108 ..fortissimus
1530 4051 1719 4104 catho-

438 4119 579 4173 licae
609 4120 740 4173 fidei
768 4127 1212 4189 propugnator,“
1255 4138 1439 4191 panca
1465 4122 1721 4189 reliquit,

440 4208 585 4258 quae
599 4191 856 4247 invenies
872 4192 1027 4262 apud
1046 4191 1097 4244 M
1111 4192 1130 4244 i
1143 4209 1272 4260 gne
1290 4193 1454 4256 LXV,
1473 4198 1721 4249 637-0'79.

440 4267 485 4312 [ὲ
504 4280 532 4315 e
552 4281 587 4315 n
606 4282 641 4315 n
659 4280 692 4315 a
710 4263 745 4315 d
764 4263 783 4316 i
803 4281 839 4314 ιι
858 4282 882 4316 s
910 4280 954 4315 e.
984 4270 1050 4318 52
1077 4265 1251 4316 refert
1277 4281 1405 4318 eum
1432 4265 1721 4334 scripsisse

443 4334 545 4392 ..ad
576 4334 801 4404 reginas
829 4334 1059 4387 Arcadii
1105 4334 1241 4404 imp.
1270 4335 1416 4389 filias
1455 4338 1517 4389 de
1537 4340 1640 4400 fide
1665 4339 1723 4389 et

438 4410 740 4473 vit-finitam
766 4405 975 4460 librum
1004 4406 1170 4459 valde
1191 4407 1503 4477 egregium,
1523 4405 1586 4460 in
1606 4424 1720 4475 quo

441 4477 813 4545 praeveniens
842 4478 1232 4531 nestorianum
1262 4478 1471 4547 dogma.
1498 4478 1719 4559 impug-

444 4549 542 4601 nat
560 4561 602 4600 :⁴-
634 4548 735 4616 qui
764 4553 953 4601 tamen
976 4549 1165 4619 periit.
1193 4549 1391 4602 Graeci
1413 4567 1544 4604 eum
1572 4555 1721 4602 inter

439 4623 665 4672 sanctos
707 4620 906 4672 colunt
932 4628 981 4675 8.
1009 4621 1155 4680 Jan.,
1195 4619 1331 4673 hinc
1371 4625 1429 4674 et
1472 4621 1532 4674 in
1561 4623 1719 4674 Act's

440 4693 532 4745 Sb'.
560 4707 746 4744 mense
773 4690 901 4743 Jan.
946 4692 1015 4743 de
1058 4709 1122 4745 eo
1150 4691 1343 4760 agitur
1373 4693 1409 4755 I,
1439 4697 1720 4749 437—482

441 4761 632 4832 (etiam
660 4762 813 4831 apud
844 4761 1039 4832 Mign
1061 4779 1089 4814 e
1121 4763 1156 4815 l.
1184 4766 1269 4834 e.).

1197 204 1353 252 401-
1375 203 1495 252 431.
1521 195 1573 249 S.
1601 196 1629 249 J
1638 213 1849 251 oannes
1877 196 2326 264 Chrysostomus.

2936 219 3061 272 244

1788 386 2011 444 tionem
2045 384 2411 463 lugentibus
2474 385 2545 444 In
2576 386 2783 445 exsilio
2815 387 3064 463 Chryso-

1790 479 2019 534 stomus
2053 474 2398 534 incredibile
2437 478 2529 533 est
2574 477 2722 551 quot
2751 478 2812 535 et
2842 481 3067 553 quanta

1788 565 1944 624 mala
1962 582 2280 641 perpessus
2313 563 2408 634 sit,
2443 567 2504 622 et
2534 584 2712 640 quam
2738 566 2959 624 multos
2991 566 3065 624 ad

1789 654 1938 713 Jesu
1970 653 2189 712 Christi
2221 653 2396 711 fidem
2429 654 2789 712 converterit
2805 651 2912 737 ¹).‘
2953 655 3066 713 Ex-

1790 745 2024 803 horruit
2054 742 2438 802 Innocentius
2470 742 2515 812 1,
2569 742 2641 800 ad
2673 762 2848 818 quem
2881 744 3064 820 Chry-

1790 838 2087 891 sostomus
2171 833 2244 890 ab
2307 831 2514 906 iniqua
2593 831 3065 891 adversariorum

1788 922 2083 981 sententia
2117 920 2533 997 appellaverat,
2560 922 2836 996 judicum
2869 922 3064 999 illegi-

1786 1012 2069 1071 timorum
2095 1011 2399 1069 audaciam
2426 1010 2764 1084 fastumque
2788 1007 2860 1092 (P
2879 1012 3065 1070 alla·

1787 1101 1964 1161 dius
2009 1100 2071 1158 in
2109 1100 2232 1159 vita
2264 1099 2686 1175 chrysostomi)
2718 1102 2897 1175 atque
2930 1120 3062 1158 san-

1786 1193 1949 1249 etum
1969 1190 2298 1265 praesulem
2322 1208 2462 1247 suae
2482 1187 2754 1248 restituit
2784 1189 2927 1257 sedi,
2961 1189 3063 1247 sed

1786 1280 2100 1338 incassum.
2162 1279 2273 1337 Tot
2303 1277 2474 1336 malis
2521 1282 2582 1337 et
2626 1278 3064 1336 calamitatibus

1785 1368 2030 1427 affectus
2051 1367 2168 1426 fuit
2190 1368 2252 1425 in
2281 1367 2494 1426 itinere
2527 1387 2560 1425 a
2590 1367 2905 1437 militibus,
2943 1372 3064 1424 tam

1786 1456 2024 1517 horrida
2055 1460 2225 1515 erant
2254 1458 2396 1525 loon,
2449 1456 2513 1514 in
2546 1475 2696 1531 quae
2730 1455 3062 1515 abduceba-

1785 1550 1903 1617 tur,
1951 1549 2023 1605 ut
2069 1546 2301 1604 itineris
2349 1546 2662 1620 exsiliique
2696 1545 3064 1604 difficultati·

1785 1636 1898 1695 bus
1948 1635 2328 1696 succubuerit
2371 1638 2549 1709 atque
2596 1653 2767 1710 saepe
2813 1635 3063 1712 ingemi-

1785 1743 1936 1784 nans
1971 1726 2109 1795 ,Deo
2142 1723 2334 1801 gloria
2377 1726 2622 1800 propter
2665 1724 2880 1782 omnia‘
2928 1742 3062 1782 san-

1785 1815 2104 1872 ctissimam
2138 1815 2375 1871 demum
2408 1814 2664 1871 animam
2697 1814 2818 1871 Deo
2865 1813 3061 1871 reddi-

1785 1903 1940 1961 derit
1979 1913 2073 1966 14.
2108 1901 2264 1978 Sept.
2290 1912 2412 1965 407
2442 1903 2728 1961 Comanae
2760 1902 2823 1959 in
2855 1902 3062 1963 Pont0.

1785 1992 2123 2051 Adversarii
2173 1992 2302 2067 ejus
2349 1991 2614 2050 nondum
2648 1990 2838 2066 ipsivs
2873 1995 3062 2049 morte

1786 2081 2052 2140 contenti
2085 2080 2488 2139 saevissimam
2534 2080 2596 2138 in
2644 2079 2965 2155 discipulos
3004 2087 3065 2138 et

1787 2169 1987 2229 fideles
2021 2170 2074 2228 ei
2105 2174 2405 2245 tamquam
2426 2168 2598 2227 unice
2617 2169 2886 2244 legitimo
2907 2168 3064 2244 patri

1783 2259 2168 2319 adhaerentes
2200 2259 2533 2317 excitarunt
2572 2260 3061 2333 persecutionem,

1784 2348 2007 2423 diuque
2041 2348 2239 2406 tenuit
2272 2347 2588 2406 dissidium
2621 2365 2921 2405 romanam
2973 2366 3061 2405 se-

1783 2437 1915 2495 dem
1939 2437 2096 2496 inter
2117 2439 2177 2495 et
2197 2436 2502 2511 praesules
2523 2436 2763 2495 interim
2783 2436 2845 2494 in
2868 2436 3062 2495 sedem

1785 2526 2480 2602 constantinopolitanam
2532 2525 2814 2595 intruSOS,
2882 2525 3065 2584 donec

1785 2616 2144 2675 Theodosius
2185 2615 2421 2674 Arcadii
2468 2615 2628 2674 filius
2668 2633 2883 2691 corpus
2930 2634 3062 2673 san-

1783 2705 2039 2764 ctissimi
2112 2705 2404 2780 praesulis
2474 2704 3062 2763 honorificentissime

1785 2793 2355 2870 Constantinopolim
2387 2792 2862 2853 transferendum
2895 2811 3063 2852 cura-

1783 2884 1937 2942 verit
1985 2888 2045 2942 et
2090 2903 2284 2942 coram
2322 2902 2389 2941 eo
2438 2902 2540 2958 pro
2580 2883 2928 2958 parentibus
2961 2902 3062 2941 ve-

1784 2972 1942 3031 niam
1996 2974 2073 3032 sit
2121 2973 2416 3049 precatuS‚
2470 2976 2530 3030 et
2567 2990 2781 3030 nomen
2813 2971 3062 3029 Joannis

1782 3065 2087 3137 tamquam
2137 3061 2389 3138 legitimi
2435 3061 2694 3136 episcopi
2758 3060 2819 3119 in
2872 3079 3063 3119 sacras

1782 3151 2017 3209 tabulas
2051 3151 2235 3209 fuerit
2264 3151 2536 3209 relatum.

1893 3338 2032 3391 133.
2081 3329 2587 3397 ,Multitudinem,
2651 3329 2935 3404 pietatem
2998 3347 3064 3386 ao

1783 3417 2152 3491 splendorem
2216 3418 2597 3487 concionum,
2679 3418 3063 3494 prosequitur

1781 3506 1935 3564 idem
1988 3506 2376 3574 Breviarium,
2430 3511 2882 3580 ceterorumque
2932 3507 3061 3580 ejus

1781 3595 2155 3670 scriptorum,
2202 3595 2634 3671 interpretandi
2666 3597 2845 3653 etiam
2879 3595 3059 3653 ratio-

1780 3703 1933 3752 nem,
1981 3688 2039 3742 et
2074 3685 2479 3743 inhaerentem
2514 3685 2845 3743 sententiae
2879 3702 2954 3742 ss.
2989 3684 3062 3741 li-

1779 3773 2019 3831 brorum
2041 3774 2511 3850 explanationem
2535 3792 2736 3832 omnes
2764 3773 3059 3832 admiran-

1778 3866 1909 3920 tur:
1944 3861 2311 3939 dignumque
2331 3863 2691 3931 existimant,
2722 3863 2820 3921 cui
2840 3862 3060 3920 Paulus

1779 3952 2101 4027 apostolus,
2168 3972 2343 4027 quem
2405 3952 2508 4009 ille
2559 3951 2802 4010 mirifice
2855 3951 3056 4020 coluit,

1781 4040 2062 4099 scribenti
2096 4045 2155 4098 et
2186 4041 2550 4116 praedicanti
2584 4041 2773 4098 multa
2804 4041 3060 4098 dictasse

1777 4129 2052 4187 videatur
2064 4127 2129 4212 2).
2146 4138 2173 4168 ‘
2215 4131 2297 4188 Ex
2319 4130 2409 4187 his
2431 4130 2684 4187 homiliis
2706 4130 2897 4188 multa
2917 4135 3060 4187 sunt

1857 4339 1891 4407 ¹)
1923 4336 2006 4387 Ita
2034 4335 2390 4390 Breviarium
2431 4353 2566 4391 rom.
2610 4336 2736 4392 lect.
2765 4346 2794 4391 5
2823 4335 2883 4388 in
2912 4337 3055 4388 festo

1778 4407 1957 4460 nostri
1986 4407 2182 4461 sancti.
2211 4406 2294 4464 Cf.
2321 4408 2596 4476 opuscula
2622 4411 2678 4460 et
2704 4406 2970 4460 homilias
2985 4406 3058 4458 aul

1777 4479 1879 4531 has
1906 4481 2101 4531 turbas
2130 4482 2452 4547 spectantes
2492 4479 2640 4532 lectu
2670 4477 3059 4548 dignissimas,

1777 4566 1919 4617 quas
1973 4548 2025 4601 M
2045 4550 2062 4602 i
2081 4567 2217 4616 gne
2269 4553 2307 4602 t.
2359 4551 2456 4603 Lll
2512 4550 2776 4604 collectas
2826 4549 3062 4603 exhibet

1776 4638 1833 4688 p.
1861 4627 2163 4676 391—543.

1851 4696 1889 4762 ²)
1918 4691 2045 4744 Jam
2074 4709 2115 4744 s.
2145 4693 2347 4746 Iside
2367 4710 2488 4745 rus
2525 4692 2816 4746 pelusiota
2843 4708 2930 4760 ep.
2959 4690 2997 4743 1.
3027 4701 3059 4745 5

1777 4779 1862 4832 ep.
1893 4770 1959 4818 :32
1988 4762 2242 4833 scripsit:
2299 4765 2392 4824 „ln
2436 4764 2526 4817 his
2553 4761 3059 4834 explanationibus
