3505 5161
430 170 551 226 885
1176 150 1393 223 Regino
1421 150 1786 221 prumiensis,
1813 150 2135 220 Eutychius
2160 151 2306 205 alex.
2920 170 3046 224 83ss

425 339 663 416 tiquum
696 342 802 399 aut
822 339 978 398 vitae
999 343 1355 412 sanctorum,
1386 343 1517 399 tum
1539 342 1708 417 gesta
1762 333 2136 414 synodalibus
2180 340 2375 397 causis
2420 346 2471 397 et
2511 338 2838 411 disciplinis
2883 340 3049 396 ecole-

425 447 635 506 regum
667 428 1045 500 Francorum,
1079 428 1306 487 Pauli
1350 428 1582 488 diaconi
1615 427 1704 487 hi·
1761 428 2014 486 siastieis
2038 427 2218 503 jussu
2266 426 2530 486 Badbodi
2578 446 2650 485 ex
2680 424 2931 486 diversis
2965 445 3045 486 sS.

426 516 611 577 storia
625 517 1172 595 Longobardorum‚
1203 520 1374 595 gesta
1390 535 1535 577 rom.
1554 535 1704 593 pon-
1764 517 2000 592 patrum
2020 516 2286 576 conciliis
2304 519 2487 592 atque
2513 515 2769 575 decretis
2791 516 3041 587 collecti,

423 606 669 674 tificurn,
703 610 873 683 gesta
902 606 1240 683 Dagoberti,
1284 609 1346 665 et
1374 605 1481 666 ubi
1513 607 1706 665 Bedae
1762 605 1826 664 in
1840 605 2068 682 synodo
2083 605 2157 663 ab
2173 606 2377 664 eodem
2394 604 2893 681 archiepiscopos.
2915 614 3040 668 906

424 695 739 756 chronicon
783 714 905 755 non
948 695 1207 771 amplius
1250 695 1564 766 sufficeret,
1595 715 1704 754 an·
1760 693 2124 771 promulgati
2172 697 2234 752 et
2280 694 2634 770 praescripti
2684 694 2789 769 qui
2844 697 3049 753 essent

424 786 590 844 nales
620 784 919 859 petaviani
952 787 1012 844 et
1031 784 1420 844 laurissenses
1441 787 1550 843 etc.
1582 786 1702 843 An·
1760 802 1867 859 per
1895 782 2140 842 modum
2172 783 2487 843 enchiridii
2521 788 2584 842 et
2612 798 2721 859 pro
2751 800 2959 842 norma
2978 782 3041 842 in

424 874 520 933 nis
556 882 904 938 814-870
952 873 1219 932 ordinem
1267 893 1465 933 rerum
1505 877 1702 951 gesta·
1761 870 2106 931 visitatione
2156 873 2486 932 dioeceseos
2526 872 2818 932 servandi.
2879 870 3048 931 Prior

424 982 560 1022 rum
589 963 654 1021 in
684 965 922 1022 tantum
953 962 1259 1039 pervertit,
1306 966 1379 1023 ut
1409 962 1606 1022 omnia
1636 982 1706 1021 ea
1761 961 1801 1022 l.
1831 960 2099 1021 continet
2115 961 2481 1038 praescripta
2512 962 2665 1021 circa
2694 960 2835 1020 cleri
2866 960 3044 1019 disci-

423 1072 545 1112 non
563 1053 986 1122 monumentis,
1007 1052 1112 1111 sed
1142 1070 1290 1127 quas
1320 1051 1448 1128 ipse
1479 1052 1703 1111 fontem
1760 1049 2002 1127 plinam,
2056 1051 2209 1110 alter
2238 1049 2482 1127 respicit
2526 1050 2899 1127 disciplinam
2935 1069 3045 1126 pro

424 1160 598 1200 suum
629 1159 760 1201 esse
779 1141 1114 1211 confitetur,
1143 1143 1383 1218 patrum
1404 1140 1705 1201 relationi·
1760 1139 1944 1202 laicis.
1976 1138 2237 1215 Uterque
2259 1140 2296 1203 l.
2318 1139 2743 1215 complectitur
2756 1159 2853 1216 pp.
2874 1139 3041 1210 duas,

426 1230 542 1289 bus
573 1234 635 1291 et
663 1229 985 1290 memoriae
1014 1247 1135 1290 non
1167 1230 1314 1289 satis
1334 1230 1483 1290 fidae
1501 1229 1705 1290 deberi
1760 1248 1938 1287 unam
1973 1227 2437 1304 inquisitionum
2471 1224 2580 1311 (95
2615 1233 2678 1287 et
2711 1224 2841 1309 89).
2894 1228 3043 1287 alte-

423 1323 640 1395 pateat.
702 1320 923 1379 Tamen
967 1323 1101 1396 post
1145 1338 1196 1377 a.
1232 1329 1357 1383 870
1407 1320 1537 1395 ipse
1581 1337 1703 1378 non
1758 1337 1884 1376 ram
1917 1316 2288 1377 decretorum
2320 1322 2384 1377 et
2400 1319 2768 1377 statutorum
2802 1318 2954 1396 (443
2983 1320 3045 1376 et

423 1408 749 1486 indiligens
780 1407 1066 1484 temporis
1114 1408 1210 1468 sui
1240 1411 1537 1484 spectator
1567 1408 1702 1484 plu·
1764 1400 1919 1488 446)
1981 1406 2309 1465 secundum
2359 1407 2642 1465 materiae
2690 1406 2957 1465 ordinem
2972 1400 3043 1488 ¹).

423 1499 574 1556 rima
600 1498 750 1557 alias
769 1497 1074 1575 incognita
1093 1498 1406 1557 memoriae
1426 1496 1703 1567 servavit,
1761 1494 1991 1554 Prodiit
2020 1496 2377 1556 Helmstadii
2417 1506 2530 1559 161
2547 1506 2581 1558 9
2616 1513 2738 1555 cur.
2771 1494 2813 1553 J
2814 1513 2864 1554 o.
2882 1494 3044 1554 Hil-

426 1587 525 1646 sed
559 1587 656 1646 vel
685 1587 748 1645 in
779 1586 855 1645 iis
875 1586 1003 1647 fieri
1022 1586 1235 1662 potuit,
1251 1588 1323 1644 ut
1350 1606 1472 1646 non
1503 1586 1703 1645 omnia
1760 1584 1901 1643 deb
1920 1584 2176 1654 raudo,
2241 1586 2343 1644 sed
2407 1587 2576 1644 textu
2638 1603 2746 1660 pro
2796 1584 3041 1642 arbitrio

426 1694 533 1734 suo
564 1695 720 1734 anno
752 1675 1100 1753 assignaret,
1152 1694 1285 1734 cum
1318 1679 1517 1735 totum
1548 1692 1701 1751 opus
1761 1676 2021 1742 mutato;
2077 1692 2200 1733 cur.
2229 1674 2556 1733 Baluzio
2586 1673 2833 1732 Parisiis
2873 1683 3029 1735 1671

423 1768 561 1840 post
590 1783 640 1826 a.
674 1765 911 1824 demum
946 1775 1071 1828 900
1108 1764 1431 1828 inchoaret.
1478 1766 1701 1823 Aucto·
1758 1761 1919 1821 notis
1950 1762 2323 1835 illustratus3
2361 1781 2474 1823 rec.
2528 1762 2787 1822 Viennae
2839 1772 3041 1831 1765;

422 1872 545 1913 rem
577 1873 715 1913 vero
747 1854 1023 1913 consulto
1044 1873 1354 1929 nunquam
1385 1854 1701 1913 veritatem
1759 1852 1916 1927 apud
1947 1852 2358 1912 Harzheim
2389 1852 2557 1915 Conc.
2577 1852 2768 1911 Germ.
2783 1850 2859 1923 ΙΙ,
2879 1860 3041 1921 4383

425 1942 792 2002 adulterasse
809 1945 937 2002 tota
956 1942 1150 2019 operis
1168 1943 1326 2002 ratio
1344 1946 1408 2003 et
1436 1962 1521 2011 ea,
1551 1960 1703 2018 quae
1759 1959 1880 2000 cur.
1897 1942 1969 1999 W
1988 1962 2022 2001 a
2038 1960 2066 2000 s
2083 1960 2111 2000 s
2129 1960 2159 2000 e
2174 1962 2205 2000 r
2220 1960 2248 2001 s
2264 1960 2296 2000 c
2312 1943 2350 2000 h
2365 1941 2578 2000 leben
2594 1940 2828 2016 Lipsiae
2854 1951 2874 2002 l
2893 1949 3040 2008 840;

424 2052 473 2090 a.
507 2040 630 2096 892
681 2033 745 2091 et·
777 2042 903 2096 899
950 2032 1022 2091 de
1074 2050 1137 2091 se
1186 2032 1313 2108 ipso
1361 2032 1698 2109 profitetur,
1759 2030 2012 2108 Migne
2042 2051 2098 2107 p.
2135 2032 2505 2113 185-370,

423 2116 863 2201 persuadent1).
915 2121 1217 2180 Dividitur
1247 2121 1311 2179 in
1341 2122 1405 2180 ll.
1437 2122 1513 2192 11,
1548 2139 1697 2197 quo·

425 2229 558 2268 rum
588 2209 819 2286 primus
850 2210 1199 2269 inscribitur
1228 2210 1302 2269 de
1330 2210 1701 2287 temporibus
1851 2217 1997 2272 485.
2028 2212 2100 2270 In
2146 2204 2532 2288 Oriente2)
2575 2207 3036 2283 Eutychiae,

426 2298 751 2359 dominicae
780 2298 1208 2358 incarnationis
1227 2304 1288 2358 ct
1306 2299 1601 2377 pertingit
1626 2298 1699 2357 ad
1757 2298 1862 2372 qui
1893 2299 2348 2374 cognominatus
2378 2301 2469 2357 est
2501 2298 2636 2357 Said
2667 2296 2778 2355 Ibn
2811 2296 3039 2366 Batrik,

425 2391 677 2448 mortem
722 2407 916 2465 usque
962 2388 1150 2448 Caroli
1182 2388 1458 2464 Martelli,
1505 2392 1568 2447 et
1611 2388 1705 2446 est
1758 2387 1989 2445 celeber
2019 2387 2138 2446 fuit
2167 2385 2451 2457 medicus,
2487 2391 2548 2446 et
2565 2385 2900 2463 patriarcha
2918 2385 3039 2443 ale-

424 2476 592 2551 quasi
611 2477 1060 2553 praeambulum
1093 2477 1167 2535 ad
1198 2478 1237 2536 l.
1284 2478 1555 2547 alterum,
1596 2476 1701 2551 qui
1758 2475 2079 2535 xandrinus
2123 2476 2197 2535 ab
2245 2496 2295 2536 a.
2329 2486 2454 2540 9:33
2504 2472 2563 2553 (†
2606 2486 2662 2537 4.
2694 2475 2829 2551 Maj.
2865 2470 3040 2556 940).

425 2565 774 2626 inscribitur
792 2566 867 2626 de
886 2566 1076 2643 gestis
1095 2585 1305 2644 regum
1321 2567 1699 2638 ffiancornm,
1758 2564 1944 2624 Juxta
1973 2568 2305 2625 accuratam
2336 2565 2462 2626 veri
2480 2565 2775 2625 rationem
2805 2563 3046 2642 collegit

426 2674 578 2730 quae
606 2655 682 2714 ab
715 2676 765 2718 a.
800 2666 917 2719 741
960 2656 1035 2715 ad
1066 2676 1116 2717 a.
1153 2667 1275 2719 906
1324 2675 1485 2715 more
1517 2675 1698 2714 anna·
1759 2654 2070 2713 historiam
2133 2674 2239 2715 seu
2287 2656 2526 2714 annales
2579 2654 2652 2713 de
2696 2652 3038 2730 cognitione

422 2744 622 2804 listico
651 2745 1052 2820 persequitur.
1086 2744 1275 2804 Stilus
1308 2749 1401 2804 est
1420 2745 1568 2804 satis
1585 2763 1698 2819 pu·
1759 2742 2144 2804 historiarum
2163 2743 2596 2804 universalium
2631 2739 2766 2824 (seu
2796 2746 3036 2800 conten-r

422 2851 525 2892 rus
536 2836 598 2891 et
612 2834 923 2905 naturalis,
958 2833 1064 2893 ubi
1091 2834 1285 2893 fontes
1304 2851 1424 2892 non
1438 2835 1698 2909 loquun-
1758 2832 1982 2890 tionem
2012 2851 2399 2909 gemmarum,
2424 2835 2737 2908 syntagma
2755 2831 3038 2889 substan-

420 2925 540 2982 tnr.
573 2922 1476 3000 ProdiitprimumArgentorati
1499 2932 1699 2992 1518;
1757 2921 1895 2992 tiae,
1938 2921 2263 2980 medullam
2324 2915 2631 3001 historiae)
2695 2939 2729 2978 a
2771 2922 3042 2995 tempore

420 3012 767 3087 Moguntiae
809 3020 963 3075 1521
1006 3012 1098 3072 ed.
1129 3027 1292 3080 rara3
1324 3015 1386 3070 et
1404 3010 1539 3070 aliis
1554 3010 1697 3070 edit.
1759 3009 1966 3069 Adami
2003 3010 2077 3069 ad
2110 3028 2297 3069 annos
2318 3011 2551 3086 Hegrae
2569 3008 2923 3068 islamiticae
2941 3007 3039 3090 (ad

423 3100 656 3159 omissis
715 3119 839 3159 cur.
902 3102 1127 3160 Pertz
1186 3102 1342 3160 Mon.
1405 3100 1597 3159 Germ.
1650 3099 1696 3171 Ι,
1758 3119 1810 3163 a.
1845 3096 2019 3181 938),
2072 3099 2178 3175 qui
2231 3099 2463 3158 arabice
2513 3098 2724 3174 scripti
2772 3101 2918 3156 sunt
2967 3097 3042 3156 ad

426 3198 770 3252 536-612
834 3208 970 3248 cum
1031 3190 1252 3249 contin.
1312 3199 1701 3260 614-6293
1758 3187 1950 3264 ipsius
1982 3188 2224 3248 fratrem
2258 3190 2383 3248 Isa:
2416 3188 2577 3263 quod
2597 3205 2747 3263 opus
2767 3187 3041 3261 quamvis

421 3278 672 3355 Migne
705 3278 980 3355 CXXXII,
1005 3290 1151 3342 13·1
1170 3289 1269 3350 743
1300 3279 1459 3338 inter
1489 3279 1703 3354 Script.
1759 3277 2188 3353 complectatur
2262 3277 2533 3336 fabulosa
2591 3279 2915 3352 peccetque
2977 3275 3042 3333 in

421 3386 532 3425 rer.
567 3368 760 3426 Germ.
792 3368 854 3426 in
886 3386 1064 3426 usum
1085 3368 1284 3438 schol„
1317 3368 1703 3427 Hannoverae
1758 3366 2214 3444 chronologiam,
2254 3385 2375 3426 non
2408 3370 2569 3425 caret
2600 3365 2792 3441 pretio
2827 3365 2902 3424 ob
2934 3382 3041 3422 no-

427 3465 615 3526 1890,
648 3457 753 3516 ubi
799 3456 975 3515 etiam
1018 3457 1201 3516 habes
1246 3475 1337 3532 ep.
1383 3457 1455 3515 ad
1488 3457 1701 3516 Hatto-
1758 3455 1926 3514 tit-ias
1956 3474 2027 3515 ex
2058 3455 2327 3514 fontibus
2350 3455 2523 3515 nobis
2544 3453 2870 3531 deperditis
2888 3454 2951 3512 in
2971 3472 3041 3512 eo

420 3563 556 3604 nem
606 3547 650 3604 1.
701 3545 956 3620 archiep.
1001 3545 1454 3623 moguntinum;
1518 3550 1580 3604 et
1628 3545 1701 3604 ad
1759 3547 2109 3607 asservatas.
2171 3543 2333 3604 Illud
2378 3563 2620 3604 versum
2664 3543 2858 3603 edidit
2889 3542 3042 3601 Sel-

418 3633 771 3693 Radbodum
845 3635 1099 3711 archiep.
1175 3635 1562 3694 trevirensem
1629 3636 1702 3693 de
1759 3634 2002 3693 denus
2047 3631 2302 3692 Londini
2356 3643 2555 3705 16423
2601 3633 2853 3710 Migne
2898 3632 3039 3700 cxl,

419 3723 757 3783 harmonica
803 3725 1159 3782 institutione
1209 3725 1333 3787 scil.
1380 3724 1451 3783 de
1501 3728 1702 3795 cantu,
1765 3733 1841 3786 90
1853 3735 2013 3786 7--1
2036 3732 2173 3786 156.
2236 3723 2318 3781 Ex
2367 3723 2512 3798 ipsis
2562 3722 2897 3798 periocham
2943 3739 3041 3779 ex-

420 3813 578 3888 apud
640 3813 967 3872 Gerbert
1016 3812 1115 3871 SS.
1166 3813 1300 3876 eccl.
1354 3814 1427 3871 de
1476 3814 1704 3872 musica
1759 3811 1980 3887 cerpsit
2024 3811 2311 3870 Seldenus
2357 3813 2427 3870 de
2465 3811 2754 3872 Ecclesiae
2799 3808 3038 3870 alexan-

421 3918 589 3959 sacra
617 3900 662 3971 1,
688 3910 996 3971 230-247,
1030 3901 1269 3978 plenius
1286 3901 1446 3978 apud
1478 3903 1519 3962 C
1535 3919 1569 3959 ο
1585 3922 1627 3960 u
1644 3922 1701 3961 s·
1759 3902 1969 3959 ἀνίησι
1984 3900 2306 3978 oriyinibus
2319 3899 2627 3976 ediditque
2645 3900 2889 3959 seorsim
2906 3917 3041 3957 cum

421 3990 764 4050 semaker
809 3990 907 4053 SS.
953 3990 1026 4048 de
1071 3990 1296 4049 musica
1341 3990 1520 4050 medii
1553 3992 1699 4062 aevi,
1761 4008 1971 4067 magno
2016 3989 2573 4048 commentariorum
2623 3991 2911 4066 apparatu
2960 3989 3042 4051 ib.

420 4077 588 4137 Paris
629 4089 791 4143 1867
828 4079 903 4150 ΙΙ,
946 4089 1095 4142 1-73
1134 4075 1416 4160 (Migne
1448 4100 1505 4156 p.
1541 4090 1699 4144 483·

425 4163 599 4248 502).
660 4168 806 4244 Ejus
866 4171 1173 4244 praeterea
1221 4172 1365 4227 sunt
1415 4169 1476 4228 ll.
1525 4170 1583 4227 11
1635 4171 1705 4228 de

1836 4216 1874 4284 ¹)
1895 4213 1978 4267 Cf.
2005 4213 2128 4283 ejus
2156 4215 2521 4283 conspectum
2548 4213 2704 4281 apud
2733 4212 2804 4264 W
2821 4227 2850 4265 e
2868 4231 2895 4265 r
2913 4231 2950 4264 n
2968 4229 2996 4265 e
3016 4230 3045 4264 r

1759 4284 1965 4339 Alcuin
2038 4327 2051 4340 .
2081 4290 2183 4339 243
2211 4302 2281 4340 sa.

501 4357 538 4427 ¹)
565 4353 646 4410 cf.
668 4355 714 4409 P
729 4372 758 4410 e
773 4373 802 4409 r
817 4357 843 4409 t
858 4374 886 4408 z
912 4355 974 4409 in
1002 4356 1176 4426 praef.
1204 4372 1339 4410 suae
1366 4356 1471 4420 etl„
1498 4372 1564 4410 ex
1587 4373 1701 4424 quo
1833 4359 1875 4428 ²)
1902 4355 1984 4411 De
1994 4304 2220 4409 {caune
2240 4355 2290 4409 Κ
2305 4371 2340 4408 a
2356 4374 2411 4409 m
2429 4371 2458 4409 e
2474 4373 2511 4408 n
2529 4353 2550 4408 i
2565 4370 2600 4407 a
2616 4356 2642 4407 t
2655 4372 2684 4408 e
2713 4356 3042 4425 presbytero

420 4426 563 4482 haec
601 4425 987 4498 decerpsimus
1027 4425 1221 4496 (etiam
1261 4428 1418 4497 apud
1453 4427 1512 4482 M
1527 4427 1549 4481 i
1564 4447 1602 4498 g
1618 4446 1656 4480 n
1672 4443 1701 4481 e
1758 4426 2246 4489 thessalonicensi,
2264 4425 2367 4494 qui
2383 4426 2546 4480 testis
2563 4428 2825 4482 oculatus
2840 4425 3042 4479 descri-

423 4496 688 4561 CXXXII,
739 4505 772 4555 9
786 4501 935 4570 -14)
953 4519 965 4558 ς
1017 4496 1074 4550 Μ
1089 4514 1123 4552 a
1139 4516 1167 4551 r
1180 4517 1236 4551 x·
1276 4499 1344 4552 de
1385 4499 1426 4551 L
1445 4515 1477 4553 o
1494 4517 1521 4551 r
1537 4515 1566 4553 e
1583 4517 1619 4551 n
1636 4498 1702 4552 zi
1760 4498 1846 4552 bit
1871 4497 2005 4553 stilo
2032 4498 2190 4552 fideli
2235 4500 2294 4551 et
2339 4497 2424 4551 viz
2435 4498 2525 4553 aci
2551 4497 3042 4568 expugnationem

421 4568 533 4623 KL.
560 4569 628 4626 X.
656 4576 762 4624 944
782 4603 807 4610 -
835 4573 969 4630 947;
1022 4569 1065 4621 P
1082 4587 1113 4624 o
1134 4571 1252 4623 tth
1269 4587 1303 4623 a
1320 4588 1344 4623 s
1361 4572 1386 4623 t
1411 4589 1465 4641 p.
1494 4575 1597 4626 956
1624 4587 1699 4630 s.;
1757 4568 2294 4639 urbissuaepatriae
2310 4572 2416 4632 (31.
2433 4568 2550 4624 Jul.
2565 4572 2708 4640 904),
2723 4568 2900 4622 cf.Kr
2916 4587 2951 4622 u
2968 4588 3044 4623 m·

421 4639 568 4694 Hist.
596 4639 683 4695 lit.
710 4640 780 4694 de
807 4641 863 4694 la
890 4641 979 4694 Fr.
1007 4641 1101 4704 VI,
1135 4648 1442 4701 148-1542
1470 4640 1515 4693 E
1539 4643 1702 4695 bert
1760 4642 2035 4695 bacher
2072 4642 2110 4695 1.
2137 4658 2182 4694 c.
2223 4660 2277 4714 p.
2306 4646 2410 4697 265
2439 4659 2479 4696 s.
2508 4639 2774 4710 Reperies
2815 4656 2938 4694 eam
2981 4640 3042 4693 in

423 4712 519 4776 ΙΙΙ,
544 4716 843 4770 226-231.
1758 4712 1957 4784 Mign
1977 4729 2007 4767 e
2036 4712 2093 4767 P.
2125 4712 2192 4765 G.
2222 4712 2360 4774 CIX,
2387 4718 2685 4769 519—653.
