3505 5161
407 239 527 292 581
1290 225 1544 280 Ascetae.
1572 223 1604 276 J
1610 239 1822 277 oannes
1849 222 2147 279 Climacue.
2899 245 3022 300 582

400 412 470 467 et
493 409 874 479 emendatum
905 410 1252 469 Cotelier
1282 411 1345 470 in
1363 412 1516 470 Mon.
1537 411 1690 473 Eccl.
1745 431 1854 470 nes
1905 411 2319 484 climacus,
2385 414 2565 471 etiam
2627 413 3026 473 scholasticus

399 517 513 575 gr„
577 498 657 558 ib.
729 506 884 562 1681
960 502 1005 557 t.
1066 501 1145 570 11,
1220 500 1360 559 inde
1439 501 1690 577 Migne
1746 501 1822 559 ob
1853 501 2246 575 multiplicem
2274 501 2687 572 eruditionem,
2721 503 2816 561 vel
2847 502 3028 562 abbas

407 587 746 657 LXXXVII,
810 607 868 663 p.
934 598 968 651 3
1037 608 1167 666 pag.
1233 598 1689 655 2843—3116.
1748 590 1967 649 sinaita
1996 590 2213 653 dictus.
2280 592 2473 650 Natus
2519 593 2612 649 est
2647 609 2695 650 c.
2730 599 2875 662 525,
2924 593 3028 657 sed

405 678 643 734 Partem
695 676 974 736 habuisse
1018 677 1082 735 in
1128 678 1439 738 scribenda
1482 681 1600 737 vita
1644 699 1688 740 s.
1745 679 1852 737 ubi
1888 679 2218 755 ignoratur.
2264 682 2506 739 Annum
2527 698 2707 756 agens
2733 691 3026 744 16.mun-

403 766 660 824 Joannis
703 766 1162 842 Eleemosynarii
1208 763 1406 850 (cujus
1458 787 1592 843 pars
1625 767 1690 826 in
1744 767 1819 826 do
1865 767 2152 827 valedixit
2195 769 2499 844 vitamque
2530 770 2918 828 monasticam
2963 770 3025 828 in

410 855 750 914 recensione
793 855 1085 915 Simeonis
1116 856 1688 933 Metaphrastis
1744 860 1946 916 monte
1991 857 2151 916 Sinai
2198 877 2408 936 magno
2454 858 2648 934 coepit
2675 859 2863 918 colere
2909 858 3025 917 fer-

400 942 602 1002 adhuc
633 939 904 1025 legitur),
930 945 1056 1020 jam
1088 964 1270 1021 supra
1299 945 1576 1008 diximus,
1746 965 1883 1006 vore
1900 941 1967 1029 ¹).
2014 948 2157 1005 Post
2176 947 2633 1022 quadriennium
2658 966 2725 1005 ex
2747 947 3026 1007 coenobio

1744 1053 1808 1093 se
1840 1035 2064 1111 recepit
2109 1036 2173 1093 in
2206 1037 2590 1095 solitudinem
2620 1036 2825 1112 ibique
2856 1056 2906 1098 a.
2941 1046 3021 1099 40

502 1131 647 1185 323.
710 1123 1254 1182 Praetermittimus
1315 1124 1355 1182 J
1370 1142 1687 1183 oannem
1743 1124 1807 1181 in
1856 1123 2154 1183 virtutum
2187 1125 2453 1185 omnium
2486 1126 2764 1185 exercitio
2795 1128 3020 1185 transe-

402 1215 1011 1288 caesaraugustanum
1061 1213 1403 1289 episcopum
1440 1207 1686 1295 (619--
1743 1213 1850 1291 git.
1919 1214 2260 1274 Sanctitatis
2306 1216 2435 1291 ejus
2484 1215 3026 1291 miraculorumque

411 1296 587 1381 631),
635 1300 740 1376 qui
790 1304 944 1360 teste
993 1320 1037 1360 e.
1082 1301 1564 1378 Ildephonso
1614 1302 1688 1360 de
1743 1304 1900 1361 fama
1949 1303 2218 1362 monachi
2266 1304 2331 1362 in
2380 1309 2582 1363 monte
2633 1304 2797 1362 Sinai
2848 1304 3026 1362 exciti

409 1390 516 1447 vir.
548 1390 633 1448 ill.
667 1390 906 1465 scriptis
938 1408 986 1452 c.
1022 1401 1078 1462 6,
1132 1391 1239 1460 ,in
1270 1390 1687 1451 ecclesiasticis
1742 1410 1882 1451 eum
1911 1391 1977 1450 in
2017 1392 2289 1452 abbatem
2321 1394 2648 1470 elegerunt.
2712 1392 2840 1461 Quo
2887 1411 3025 1452 vero

401 1478 621 1538 officiis
654 1480 942 1554 quaedam
987 1479 1292 1557 eleganter
1335 1483 1396 1538 et
1441 1498 1583 1540 sono
1628 1485 1689 1539 et
1743 1499 1898 1539 anno
1922 1480 2241 1540 decesserit
2259 1500 2377 1541 non
2398 1482 2544 1541 satis
2564 1483 2785 1557 liquet:
2820 1481 3023 1556 plures

403 1567 672 1627 oratione
704 1570 1095 1645 composuit,⁸
1134 1569 1172 1627 i.
1193 1588 1259 1640 e.,
1293 1573 1366 1627 ut
1393 1570 1686 1647 interpre-
1742 1573 1998 1629 tuentur
2042 1589 2178 1629 eum
2225 1571 2446 1629 obiisse
2480 1574 2733 1630 exeunte
2766 1588 2877 1629 seo.
2911 1570 3021 1640 VI;

409 1659 575 1716 tatur
593 1657 720 1717 Nic.
741 1659 1135 1717 Antonius
1162 1657 1303 1721 bibl.
1323 1662 1439 1716 vet.
1458 1659 1685 1735 Hisp.1‚
1735 1661 1911 1735 juxta
1942 1659 2173 1735 aliquos
2205 1678 2396 1734 usque
2441 1661 2510 1718 ad
2555 1670 2655 1724 30.
2688 1660 2858 1717 Mart.
2895 1669 3018 1723 606

415 1755 561 1816 275,
596 1765 716 1805 non
749 1748 943 1805 solum
975 1746 1228 1824 scripsit,
1272 1746 1377 1805 sed
1406 1750 1469 1806 et
1497 1749 1687 1808 musi·
1743 1749 2035 1824 protraxit
2050 1749 2249 1807 vitam.
2265 1749 2723 1808 Celeberrimum
2740 1766 2874 1806 eum
2891 1747 3023 1806 red-

401 1853 535 1893 cam
596 1836 1062 1895 modulationem
1137 1835 1564 1910 superaddidit,
1628 1841 1690 1897 et
1744 1837 1899 1897 didit
1944 1856 2093 1913 opus
2133 1838 2488 1915 inscriptum
2522 1838 2696 1896 Scala
2727 1832 3021 1919 (Κλίμαξ,

411 1924 763 1992 ,annotavit
791 1925 950 1983 inter
979 1925 1119 1984 haec
1162 1925 1552 2000 inquirendae
1584 1947 1689 2003 pa·
1744 1927 1885 1986 hinc
1929 1927 2059 2002 ejus
2105 1946 2427 2004 cognomen
2472 1921 2789 2007 Climacus)
2834 1944 3020 2000 para-

404 2013 625 2072 schalis
658 2014 1051 2072 solemnitatis
1101 2018 1222 2073 tam
1257 2014 1478 2073 subtile
1511 2019 1690 2093 atque
1744 2018 1861 2075 disi
1894 2027 1973 2080 30
2008 2017 2295 2093 gradibus
2333 2016 2633 2085 distincta,
2682 2015 2901 2091 quibus
2949 2014 3021 2073 ad

409 2103 562 2160 utile
591 2106 1029 2179 argumentum,
1063 2106 1134 2161 ut
1164 2102 1371 2173 lectori
1403 2107 1464 2161 et
1493 2106 1689 2165 brevi·
1746 2105 2064 2182 religiosae
2111 2105 2490 2180 perfectionis
2539 2105 2778 2163 culmen
2821 2122 3023 2163 ascen·

409 2195 502 2249 tas
535 2194 836 2250 contracta
883 2196 944 2250 et
992 2193 1212 2251 veritas
1262 2193 1492 2268 placeat
1521 2198 1686 2271 pate·
1744 2192 1927 2252 ditur.
1992 2195 2191 2270 Hujus
2237 2213 2328 2271 op.
2373 2196 2542 2253 velut
2591 2193 2882 2269 appendix
2931 2197 3025 2251 est
3114 2258 3120 2263 ,

408 2280 619 2339 sacta.‘
668 2281 892 2350 Horum
924 2281 1078 2339 nihil
1107 2280 1368 2356 amplius
1401 2287 1689 2359 superest.
1744 2283 1902 2342 liber
1932 2302 2041 2343 seu
2071 2286 2311 2357 epistola
2341 2284 2415 2342 ad
2436 2286 2735 2359 pastorem
2757 2300 2862 2340 seu
2881 2281 3022 2340 Coe-

411 2403 497 2412 —
518 2370 702 2430 Sonn
715 2369 916 2428 acius
937 2364 1302 2452 (Sonnatius,
1322 2370 1689 2446 Somachius)
1744 2372 1912 2431 nobii
1929 2372 2310 2448 praefectum,
2344 2392 2522 2447 quem
2553 2372 2616 2429 in
2647 2389 2890 2429 munere
2911 2389 3021 2429 suo

407 2458 874 2529 archidiaconuS,
908 2458 1048 2517 dein
1066 2459 1382 2535 episcopus
1403 2461 1689 2520 remensis
1745 2462 2004 2538 gerendo
2026 2461 2294 2521 instruit.
2342 2462 2584 2519 Summo
2606 2461 2667 2517 in
2687 2459 2879 2535 pretio
2898 2463 3023 2518 tam

412 2543 476 2628 (†
532 2557 630 2612 20.
668 2547 793 2607 Oct.
830 2544 1002 2630 631),
1054 2548 1118 2606 in
1167 2549 1419 2608 concilio
1469 2550 1531 2609 in
1582 2570 1692 2611 sua
1745 2567 1926 2627 penes
1957 2568 2197 2627 graecos
2236 2569 2412 2626 quam
2445 2549 2661 2609 latinos
2694 2548 2900 2608 habita
2930 2551 3024 2608 est

410 2638 724 2713 metropoli
755 2637 957 2696 habito
989 2658 1038 2696 a.
1075 2647 1197 2700 625
1251 2638 1440 2698 edidit
1469 2648 1691 2700 statuta
1745 2640 1888 2699 haec
1910 2639 2296 2699 manuductio
2311 2640 2382 2697 ad
2402 2639 2747 2715 praecipuas
2765 2638 3024 2697 virtutes

413 2735 515 2796 21,
550 2745 701 2802 quae
733 2726 1112 2802 prudentiam
1143 2727 1390 2803 spirant.
1450 2730 1537 2789 Ea
1566 2731 1690 2806 pri·
1747 2730 2073 2788 christiano
2135 2729 2371 2787 homine
2433 2728 2646 2805 dignas
2712 2730 2773 2785 et
2833 2727 3022 2786 veluti

410 2834 573 2874 mum
605 2815 796 2874 edidit
827 2816 1338 2875 Colvenerius
1390 2837 1523 2878 cum
1555 2819 1689 2878 Flo·
1744 2818 2128 2893 praecipuum
2159 2817 2473 2894 religiosae
2515 2818 2672 2876 vitae
2704 2816 3023 2875 commoni-

409 2904 626 2963 doardo
664 2905 933 2972 remensi,
978 2905 1163 2964 Duaci
1203 2916 1316 2968 161
1335 2916 1402 2979 ’7;
1454 2907 1689 2984 Migne
1748 2907 1984 2965 torium.
2058 2907 2212 2965 Hinc
2274 2907 2451 2964 etiam
2512 2906 2589 2964 ob
2639 2924 2808 2963 suam
2856 2924 3025 2979 prae-

411 2993 471 3051 P.
504 2993 566 3051 L.
601 2993 821 3066 LXXX,
847 3003 1229 3059 441—446:
1262 3013 1467 3055 eorum
1489 3000 1691 3055 tamen
1748 2996 2031 3055 stantiam
2077 3014 2197 3055 non
2242 3014 2373 3054 raro
2420 2993 2861 3054 commentariis
2911 2994 3031 3052 fuit

410 3083 753 3159 genuinitas
784 3100 903 3141 non
936 3086 1026 3142 est
1045 3102 1225 3159 super
1248 3102 1420 3145 omne
1442 3086 1691 3144 dubium
1746 3085 2114 3143 illustratum
2127 3081 2196 3166 2).
2242 3084 2551 3159 Ejusmodi
2571 3082 3026 3143 commentarios

411 3172 607 3248 posita
620 3169 687 3256 ¹).
732 3206 820 3216 ——
852 3172 1027 3231 Veri
1076 3173 1340 3231 ratensis
1390 3175 1454 3233 in
1501 3175 1692 3233 Gallia
1748 3192 1855 3232 seu
1882 3174 2105 3233 scholia
2126 3174 2495 3248 scripserunt
2514 3173 2772 3249 primum
2804 3170 2844 3228 J
2858 3189 3025 3229 oan-

404 3257 696 3342 (Rhodez)
731 3262 1151 3337 episcopi,⁴qui
1181 3262 1460 3323 interfuit
1492 3286 1539 3321 a.
1565 3272 1686 3335 625
1745 3281 1878 3320 nes
1925 3262 2289 3322 raithuensis
2333 3262 2532 3333 abbas,
2580 3263 2752 3337 cujus
2785 3261 3025 3318 hortatu

412 3351 662 3410 concilio
694 3351 968 3420 remensi,
1017 3355 1339 3426 supersunt
1379 3353 1529 3412 duae
1558 3355 1692 3411 tan-
1745 3351 2004 3410 Joannes
2035 3354 2236 3410 noster
2267 3352 2373 3410 hoo
2403 3370 2553 3425 opus
2586 3354 2680 3420 est
2710 3367 3024 3426 aggressus

411 3441 540 3498 tum
586 3441 858 3514 epistolae
901 3439 975 3498 ad
1023 3440 1395 3500 Desiderium
1429 3438 1690 3523 (Didier)
1747 3440 1901 3514 (ejus
1949 3440 2170 3499 scholia
2232 3441 2296 3499 in
2357 3439 2501 3502 bibl.
2553 3441 2662 3497 PP.
2709 3438 3027 3513 parisiensi

414 3547 502 3604 ep.
539 3529 958 3589 Cadorcensem
1002 3527 1186 3604 (apud
1219 3530 1520 3589 Oanisium
1559 3533 1691 3591 leet.
1749 3529 1990 3587 Parisiis
2033 3539 2230 3599 15893
2290 3540 2450 3592 1654
2499 3532 2541 3588 t.
2575 3530 2656 3599 V;
2703 3527 3028 3586 coloniensi

415 3621 535 3676 ant.
576 3630 628 3689 1,
666 3629 789 3682 648
825 3614 917 3698 s.).
949 3651 1036 3659 —
1067 3617 1349 3678 Justus
1380 3621 1692 3697 episcopus
1757 3628 1920 3681 1618
1968 3621 2010 3675 t.
2057 3618 2168 3689 VI;
2231 3619 2591 3695 lugdunensi
2651 3626 2809 3681 1677
2864 3619 2906 3674 t.
2959 3616 3023 3685 X,

411 3707 711 3766 toletanus
746 3702 1150 3790 (633—636)
1199 3708 1497 3784 ,sm-ipsit,
1539 3713 1692 3768 teste
1752 3717 2131 3776 507—5203
2179 3707 2432 3782 Migne
2473 3707 2534 3767 P.
2569 3708 2632 3766 G.
2665 3703 3027 3775 LXXXVIII,

414 3814 458 3857 s.
492 3797 790 3856 ildefonso
823 3797 895 3856 de
925 3797 1035 3854 vir.
1067 3796 1153 3854 ill.
1187 3798 1429 3873 scriptis
1462 3817 1509 3859 c.
1535 3809 1589 3865 8,
1617 3798 1689 3857 ad
1759 3790 2250 3878 1211·-1249);
2299 3795 2514 3853 Elias
2561 3796 2844 3854 cretensis
2891 3793 3028 3871 (sec.

415 3884 780 3945 Richilanem
831 3885 1145 3962 agaliensis
1196 3887 1538 3946 monasterii
1588 3907 1692 3963 pa·
1748 3880 1933 3964 VIII),
1998 3885 2232 3942 Hiero
2251 3884 2478 3943 theus
2555 3886 2891 3954 monachuS‚
2969 3885 3032 3940 et

413 3977 564 4032 trem
599 3977 896 4051 epistolam
916 3975 1115 4032 debita
1133 3977 1194 4032 et
1214 3976 1533 4034 sufficienti
1554 3995 1689 4052 pro·
1754 3973 2100 4032 scholiastes
2153 3972 2394 4047 quidam
2448 3991 2779 4049 anonymus
2827 3991 3027 4031 recen-

415 4065 718 4124 secutione
749 4065 1165 4134 constructam,
1199 4063 1261 4121 in
1282 4083 1400 4140 qua
1419 4068 1695 4141 patenter

404 4152 696 4253 adeda-um
732 4157 1077 4228 susceptum
1097 4154 1693 4255 gregem-relinquere
1831 4217 1865 4284 ¹)
1894 4213 2033 4267 E'us
2059 4220 2219 4269 vitam
2260 4212 2441 4267 deseri
2487 4212 2560 4266 sit
2603 4210 2874 4264 Daniel
2918 4228 3031 4263 mo-

406 4245 653 4316 Pemtus
707 4261 827 4301 non
879 4242 1090 4300 debere
1106 4250 1153 4299 ε’
1226 4242 1389 4300 Obut
1437 4245 1596 4301 mter
1645 4264 1694 4306 a·
1750 4233 1970 4339 nachuss
2033 4301 2276 4339 coaevus
2345 4231 2606 4337 coeldobii
2667 4281 3034 4344 raithuensis‚

419 4341 621 4393 631*
636 4342 669 4393 6
682 4341 714 4393 3
726 4340 779 4394 6·
1751 4374 1925 4425 quam
1952 4356 2128 4409 habes
2145 4357 2205 4412 in
2222 4356 2381 4409 Actis
2396 4357 2488 4410 SS.
2507 4353 2670 4407 Mart.
2697 4354 2791 4416 Ill,
2817 4359 3032 4414 835-37;

1750 4428 1811 4481 in
1857 4427 2134 4481 Raderi
2179 4427 2333 4492 edit„
2378 4430 2436 4480 et
2479 4427 2539 4479 in
2583 4424 2832 4494 Migne
2879 4423 2936 4480 P.
2966 4423 3032 4477 G.

508 4518 653 4571 324.
686 4510 852 4568 Inter
895 4514 1203 4569 ascetae
1248 4511 1506 4569 nominis
1539 4511 1695 4569 fama
1750 4500 2101 4563 LXXXVIII,
2130 4505 2427 4556 595-607.

414 4602 475 4655 et
507 4617 750 4673 operum
785 4600 1145 4675 praestantia
1179 4600 1399 4658 eminet
1431 4618 1475 4661 S.
1509 4600 1548 4657 J
1553 4619 1694 4658 oan-
1751 4641 1798 4694 Β
1814 4570 1992 4695 {Lis}
2009 4570 2120 4695 the
2121 4589 2163 4695 ΘΒ
2167 4588 2219 4695 VS?
2219 4572 2329 4696 leel-1·
2347 4654 2374 4707 ᾗ
2377 4569 2469 4696 3113
2474 4587 2520 4697 gl
2534 4588 2583 4691 ξ
2583 4583 2731 4694 1113αὲ
2737 4585 2783 4690 ξι
2798 4573 3032 4701 Κςᾙῖὶῖξιί

1759 4721 1924 4774 164ος
1976 4713 2318 4767 Ehrhard
2344 4712 2499 4783 apud
2526 4710 3035 4764 Krumbacher

498 4789 532 4856 ¹)
562 4787 645 4841 Cf.
674 4786 820 4839 Hist.
846 4786 930 4841 lit.
960 4788 1053 4853 111,
1083 4793 1343 4843 538—41.
1751 4804 1807 4837 n.
1838 4792 1922 4840 56.

2612 4873 2700 4926 19·
