3505 5161
370 234 399 288 1
415 233 492 287 69
1372 215 1633 286 Gregorii
1658 233 1782 270 naz.
1811 233 1998 288 opera.
2864 241 2887 293 l
2905 241 2937 292 7
2948 240 2982 294 0

368 403 555 463 oratio
604 404 669 460 in
719 403 932 461 lautem
978 400 1235 460 Maximi
1279 402 1441 474 alex„
1496 421 1647 478 quae
1705 399 1888 486 (507)
1918 405 2188 480 ejusdem
2207 414 2506 481 poemata,
2540 426 2692 483 quae
2723 408 2987 485 produnt

365 495 570 569 postea
616 493 682 549 in
728 492 961 551 laudem
1009 489 1263 550 Heronis
1306 491 1645 568 philosophi
1700 492 2031 568 ingenium,
2064 493 2166 553 sed
2186 494 2386 553 minus
2406 498 2595 555 artem
2624 515 2762 556 vere
2793 499 2984 573 poeti-

365 582 514 642 falso
562 578 853 656 inscripta
912 582 1006 639 est
1065 580 1171 658 (or.
1225 589 1324 643 25.
1373 581 1447 639 al.
1500 575 1646 662 23.).
1700 598 1846 640 cam.
1893 582 1977 641 Ea
1995 584 2347 658 composuit,
2380 588 2453 643 ut
2471 589 2802 645 occurreret
2818 583 2983 662 apol-

366 672 594 731 Harum
612 669 814 729 decem
830 670 928 729 vel
949 670 1081 729 octo
1099 669 1252 728 Rus
1259 670 1395 729 inu
1414 687 1443 728 s
1475 669 1646 745 aqui·
1701 670 2010 743 linai-istis,
2057 672 2163 747 qui
2211 690 2439 732 errores
2478 691 2618 733 suos
2651 672 2983 734 carminum

365 759 606 836 lejensis
638 778 670 817 e
700 777 912 836 graeco
931 758 1247 817 transtulit
1275 760 1339 817 in
1371 758 1644 829 latinum,
1701 777 1810 835 ope
1859 760 1923 817 in
1972 761 2194 839 vulgus
2245 760 2728 834 disseminabant,
2792 768 2855 823 et
2912 768 2985 823 ut

365 868 550 925 eaque
579 848 776 908 versio
821 847 1046 924 prodiit
1075 848 1439 925 Argentinae
1475 859 1501 909 1
1518 857 1642 911 508
1700 848 2059 919 ostenderet,
2111 850 2469 910 christianos
2501 852 2820 928 scriptores
2851 853 2981 913 eth—

367 940 430 997 in
453 948 508 1000 4.
554 936 628 995 In
659 937 955 997 orationes
985 936 1120 995 XIX
1149 937 1397 1013 reliquit
1425 937 1548 995 Eli
1566 954 1644 996 as
1699 937 1852 996 nicis
1889 956 2011 997 non
2056 957 2187 999 esse
2231 939 2558 1010 inferiores„
2605 960 2799 1016 neque
2841 943 2986 1002 reli-⁴

363 1026 646 1088 cretensis
658 1020 709 1107 ¹)
725 1028 1163 1084 commentarios
1180 1025 1341 1085 haud
1356 1026 1643 1097 indoctos,
1697 1025 1937 1103 gionem
1970 1026 2353 1088 christianam
2393 1029 2662 1089 studium
2693 1031 2982 1090 humana-

364 1135 515 1193 quos
529 1114 717 1174 latine
731 1133 933 1174 versos
948 1114 1644 1176 ediditLeunclavius
1698 1134 1837 1173 rum
1897 1115 2209 1177 abhorrere
2269 1118 2597 1178 literarum.
2686 1119 2856 1179 Inter
2915 1139 2983 1179 ea

365 1206 630 1265 Basileae
686 1214 843 1267 1571
871 1226 886 1274 3
940 1222 1150 1282 graece
1197 1204 1457 1280 primum
1507 1204 1645 1267 Alb.
1698 1207 1973 1279 poemata
1986 1200 2034 1286 ¹)
2087 1207 2204 1264 alia
2253 1209 2397 1265 sunt
2445 1207 2779 1284 dogmatica
2822 1206 2977 1291 (38),

365 1294 563 1354 Jahn
591 1293 657 1352 in
689 1292 942 1369 Migne
973 1294 1037 1352 P.
1059 1293 1123 1356 G.
1145 1292 1399 1363 XXXVI,
1427 1302 1642 1355 737—-
1698 1293 1815 1351 alia
1833 1294 2080 1353 moralia
2108 1298 2170 1354 et
2199 1296 2445 1354 ascetica
2465 1290 2622 1377 (40),
2655 1296 2772 1355 alia
2789 1297 2980 1357 histo·

370 1393 511 1447 902.
543 1416 630 1427 —
676 1382 917 1441 Praeter
965 1381 1155 1441 Eliam
1201 1382 1470 1458 Gregorii
1514 1399 1642 1440 ora-
1696 1381 1820 1440 rica
1868 1376 2053 1465 (206)
2117 1386 2226 1443 etc.
2301 1385 2544 1443 Carmen
2595 1387 2977 1462 praecipuum

363 1473 553 1531 tiones
571 1471 1354 1530 illustraruntMaximus
1383 1472 1483 1541 M„
1516 1472 1642 1528 Ba·
1699 1470 2048 1530 historicum
2081 1475 2175 1530 est
2204 1472 2358 1532 illud
2389 1475 2458 1532 de
2487 1476 2602 1532 vita
2634 1492 2765 1549 sua,
2817 1476 2975 1551 quod

365 1562 605 1620 silius
638 1561 779 1618 Min.
811 1564 873 1618 et
903 1559 1255 1630 Nicetes,
1301 1559 1376 1619 de
1421 1560 1640 1634 quibus
1696 1559 1952 1619 conferri
1981 1563 2183 1638 potest
2217 1579 2352 1620 cum
2390 1580 2436 1620 s,
2466 1563 2798 1637 Augustini
2835 1582 2973 1624 con-

362 1650 550 1709 imfra.
610 1683 700 1694 —-
760 1649 1112 1725 Sequuntur
1169 1650 1439 1724 epistolae
1492 1658 1638 1717 243,
1696 1647 2077 1709 sessionibus.
2124 1650 2449 1727 Tragoedia
2479 1651 2769 1728 inscripta
2803 1652 2976 1711 Chri-

361 1758 512 1815 quae
543 1737 862 1798 hodiedum
893 1737 1087 1797 adhuc
1115 1741 1368 1809 exstant,
1400 1738 1475 1797 de
1504 1736 1640 1814 qui·
1694 1745 1821 1796 stus
1843 1740 2094 1815 patiens,
2129 1757 2247 1797 non
2267 1742 2361 1799 est
2379 1739 2600 1816 ipsius;
2634 1740 2786 1800 forte
2807 1742 2976 1801 Gre-

362 1827 478 1887 bus
552 1826 762 1886 scribit
827 1826 1640 1905 Fessler-Jungmann
1695 1826 1937 1903 gorii,
1971 1828 2077 1904 qui
2107 1828 2261 1887 circa
2287 1838 2410 1891 542
2442 1828 2755 1906 episcopus
2785 1831 2978 1889 antio-

362 1913 398 1983 ἓ
425 1927 577 1979 109:
615 1914 730 1984 ¹>In
757 1914 1064 1993 plerisque
1084 1915 1355 1992 Gregorii
1385 1934 1476 1992 ep.
1500 1916 1639 1991 plus
1694 1916 1918 1975 chenus
1967 1917 2102 1987 fuit,
2153 1920 2224 1976 ut
2270 1921 2534 1977 testatur
2580 1918 2626 1976 E
2643 1938 2786 1995 vag
2805 1920 2929 1978 riu
2947 1938 2973 1977 s

359 2005 537 2065 micat
553 2004 803 2082 ingenii,
835 2004 1192 2063 eruditionis
1212 2006 1273 2063 et
1291 2004 1638 2081 elegantiae,
1695 2004 1835 2065 hist.
1855 2005 1992 2065 eccl.
2011 2006 2079 2077 V,
2118 2017 2153 2069 6
2173 2027 2189 2076 ς
2212 2007 2390 2081 juxta
2418 2006 2566 2065 alios
2598 2008 2910 2082 scriptoris
2922 2003 2973 2090 2)

358 2113 537 2170 quam
557 2093 863 2152 doctrinae
881 2094 1035 2152 circa
1051 2093 1403 2170 religionem
1435 2097 1496 2152 et
1516 2093 1639 2152 dis·
1694 2111 1808 2152 sec.
1839 2094 2079 2153 nonnisi
2101 2095 2196 2156 XL
2229 2095 2327 2155 vel
2344 2096 2474 2156 XII.
2521 2096 2787 2155 Carmina
2819 2115 2974 2156 com-

358 2183 638 2260 ciplinam
687 2182 1159 2242 ecclesiasticam.
1237 2183 1392 2241 Sunt
1439 2185 1638 2241 tamen

359 2272 700 2341 nonnullae,
731 2271 798 2330 in
819 2270 1039 2346 quibus
1060 2271 1338 2348 dogmate
1366 2273 1429 2330 et
1458 2290 1638 2346 quae-
1692 2285 1819 2336 erat
1843 2286 1902 2336 et
1926 2282 2204 2352 praetoris
2232 2300 2462 2338 munere
2485 2282 2977 2356 Constantinopoli

361 2362 584 2421 stiones
629 2361 883 2420 morales
931 2379 1163 2420 summa
1211 2360 1638 2437 perspicuitate
1692 2354 2045 2437 fungebatur
2072 2358 2120 2425 (†
2146 2360 2231 2410 29.
2260 2354 2380 2407 Oct.
2409 2357 2553 2425 397).
2596 2354 2807 2409 Parum
2833 2358 2975 2410 cete-

359 2452 693 2509 mmntur
773 2449 1049 2508 ceterum
1091 2449 1156 2507 in
1200 2449 1478 2509 omnibus
1512 2449 1637 2507 guis
1690 2443 1821 2509 rum
1843 2425 2104 2481 innotuit
2143 2442 2407 2493 unusque
2447 2428 2675 2482 tantum
2719 2431 2977 2510 superest

694 2500 707 2513 '
1691 2514 1816 2579 ejus
1843 2514 2022 2551 sermo
2065 2501 2130 2550 de
2169 2501 2301 2565 festo
2326 2517 2368 2552 s.
2404 2500 2669 2553 Theodori
2710 2501 2768 2552 et
2806 2498 2876 2553 de
2893 2516 2974 2579 Je-

358 2557 448 2617 01³·
460 2538 783 2641 1³00me
794 2537 1405 2598 mfflmebrefitaoem
1416 2541 1591 2640 Qt·
1608 2546 1636 2576 ‘
1683 2567 1855 2638 Junio
1884 2573 1941 2623 et
1967 2570 2292 2637 elemosyna
2311 2568 2463 2623 inter
2483 2587 2655 2640 opera
2676 2589 2718 2623 s.
2734 2569 2974 2624 Joa—nnls

359 2626 523 2689 Inter
540 2645 638 2688 eas
660 2632 928 2687 eminent
947 2628 1099 2688 duae
1118 2627 1192 2686 ad
1214 2628 1637 2687 cledonium
1693 2639 2085 2708 chrysostomi
2161 2640 2253 2693 Mi
2270 2659 2308 2710 g
2324 2659 2362 2694 n
2379 2658 2407 2692 e
2473 2641 2530 2694 P.
2596 2643 2659 2696 G.
2725 2642 2972 2696 XXXIX.

358 2717 789 2794 presbyterum,
821 2717 887 2776 in
917 2717 1141 2792 quibus
1170 2718 1376 2776 contra
1403 2717 1635 2793 Apolli·
1695 2717 1992 2768 1821—40.

358 2806 609 2866 naristas
655 2806 1082 2866 incarnationis
1132 2805 1349 2882 dogma
1394 2808 1633 2876 tuetur;
1771 2786 1807 2854 ¹)
1835 2781 1918 2837 Cf·
1946 2782 2018 2835 Μ·
2045 2783 2436 2864 80.ὴαῦΨῇ
2456 2782 2538 2836 De
2570 2783 2974 2864 b·P·G¹'‘³g⁰¹‘.i²

1690 2853 1827 2906 Naz.
1880 2855 2133 2922 theologi
2184 2856 2530 2909 carminibus
2570 2858 2973 2908 commentatio

357 2895 815 2998 contra-eomem
833 2895 961 2972 agit
991 2895 1056 2953 in
1085 2913 1177 2996 ⁶‚p‘
1195 2895 1272 2953 ud
1290 2893 1633 2953 Nectarium
1690 2923 2061 2995 patrologica‚
2081 2925 2513 2981 Confluentibus
2539 2927 2669 2981 1871
2692 2946 2702 2986 ;
2729 2925 2775 2976 Β
2791 2942 2824 2977 a
2841 2944 2878 2977 u
2896 2945 2974 2978 m-

360 3003 533 3044 suum
564 3004 630 3044 in
659 2983 796 3044 sede
825 2984 1470 3060 conetantmopohtana
1499 3001 1634 3042 suc-
1689 3012 1777 3066 ga
1794 2999 2003 3051 rtner
2046 2996 2247 3050 Gesch.
2288 2996 2387 3049 der
2430 2995 2677 3051 Weltlit.
2717 2996 2806 3049 IV.
2836 3015 2880 3048 c..
2909 3003 2971 3053 3:

356 3091 647 3133 0033010111
670 3068 743 3155 2),
806 3106 895 3116 —-
965 3071 1306 3133 Succedunt
1375 3073 1636 3148 plurima
1691 3067 1795 3134 qui
1821 3087 1876 3137 p.
1902 3073 1970 3123 41
1999 3067 2070 3122 de
2110 3084 2176 3120 eo
2204 3067 2433 3122 Scribit:
2482 3065 2586 3121 Die
2613 3067 2815 3122 Sfflrke
2842 3067 2974 3122 Gre-

1731 3156 1824 3192 ors
1851 3138 2076 3192 besteht
2119 3139 2180 3193 in
2225 3139 2324 3191 der
2351 3137 2616 3192 Feinheit
2650 3139 2769 3191 und
2812 3139 2972 3194 Fiille

1730 3226 1790 3262 er
1815 3210 2080 3280 Sprache,
2106 3210 2206 3262 der
2231 3208 2622 3279 Leichtigkeit
2659 3209 2759 3263 der
2785 3209 2971 3274 Form‚

435 3284 472 3352 ¹)
497 3279 625 3333 Jam
651 3279 1039 3334 controversia.
1074 3281 1161 3332 est
1185 3278 1335 3333 inter
1361 3279 1633 3344 eruditos,
1690 3281 1791 3333 der
1818 3280 2208 3351 Genauigkeit
2233 3281 2330 3334 des
2358 3280 2971 3350 theologisch-dogma-

356 3351 586 3418 quando
632 3350 729 3404 hic
772 3349 981 3405 Elias
1022 3349 1245 3404 vixerit.
1309 3350 1487 3404 Juxta
1534 3350 1635 3407 ali·
1689 3351 1913 3406 tischen
1953 3352 2317 3407 Ausdruckes
2358 3352 2450 3406 bei
2488 3351 2716 3422 inniger
2740 3351 2970 3406 Witrme

360 3439 499 3489 quos
516 3421 639 3493 ipse
657 3421 812 3476 idem
832 3424 920 3476 est
937 3439 1066 3476 cum
1084 3421 1252 3476 Elia
1275 3421 1635 3493 metropolita
1689 3424 1787 3477 des
1815 3424 2050 3478 Gefiihls
2076 3463 2090 3476 .
2120 3465 2131 3476 .
2160 3464 2171 3476 .
2197 3423 2361 3479 Seine
2378 3422 2414 3477 S
2458 3424 2808 3495 rachgewalt
2821 3423 2973 3504 zeigt

355 3493 613 3564 cretensi,
642 3492 744 3561 qui
774 3493 1041 3547 interfuit
1058 3510 1213 3548 conc.
1235 3493 1473 3547 nicaeno
1494 3493 1562 3547 ΙΙ.
1583 3510 1632 3547 a.
1690 3495 1812 3547 sich
1839 3513 1932 3548 am
1959 3495 2367 3565 glssnzendsten
2450 3494 2593 3557 erin,
2639 3495 2768 3549 dass
2794 3512 2853 3548 er
2879 3496 2971 3549 die

358 3567 460 3621 787
476 3586 488 3624 ς
507 3566 679 3635 juxta
706 3563 751 3618 Ο
769 3582 808 3617 u
823 3565 860 3617 d
876 3564 895 3616 i
912 3583 951 3616 n
977 3582 1177 3618 comm.
1201 3565 1271 3618 de
1291 3564 1483 3646 script.
1502 3567 1633 3620 eccl.
1688 3566 1936 3620 feinsten
1955 3566 2347 3637 speculativen
2365 3566 2440 3620 Be
2483 3565 2971 3622 rifl'sbestimmun-

357 3635 396 3698 Ι,
424 3642 529 3693 649
554 3653 599 3690 e.
623 3635 754 3690 coll.
783 3635 851 3699 11,
896 3642 1001 3692 438
1027 3635 1224 3689 floruit
1246 3635 1427 3706 priori
1454 3652 1558 3690 sec.
1586 3637 1635 3689 X
1729 3654 1802 3691 eu
1829 3654 1888 3690 so
1915 3639 2204 3693 natssrlich
2230 3638 2293 3692 in
2333 3638 2425 3691 die
2499 3656 2690 3693 ormen
2732 3638 2833 3692 der
2870 3640 2972 3693 alt-

352 3706 623 3767 dimidio:
643 3707 814 3777 juxta
838 3706 872 3759 J
889 3723 921 3759 a
938 3707 977 3761 h
995 3725 1029 3758 n
1057 3706 1245 3760 medio
1272 3723 1382 3762 sec.
1409 3708 1501 3760 XI.
1546 3706 1634 3759 Ei·
1688 3656 2041 3764 {lassisohen
2065 3710 2311 3780 Sprache
2338 3728 2404 3762 zu
2436 3709 2659 3778 giessen
2686 3709 2864 3773 weiss,
2886 3710 2970 3763 als

351 3778 482 3832 dem
496 3777 658 3832 Eliae
673 3777 1013 3832 tribuuntur
1026 3777 1322 3848 Expositio
1340 3778 1401 3831 in
1426 3778 1459 3830 J
1478 3795 1509 3832 o
1525 3795 1560 3830 a
1577 3797 1634 3831 n·
1689 3785 1837 3833 ware
1900 3780 2054 3834 dicae
2157 3781 2429 3835 leichsam
2490 3781 2575 3834 als
2625 3781 2971 3837 natnrliches

354 3848 471 3903 nis
509 3848 747 3904 Climaci
786 3852 995 3904 Scalam
1028 3852 1294 3913 Paradisi.
1334 3849 1539 3919 ingens
1578 3854 1637 3904 et
1688 3850 1936 3905 Vehikel
1961 3851 2062 3905 der
2101 3868 2130 3904 c
2175 3851 2468 3906 ristlichen
2496 3851 2809 3920 Theologie
2853 3855 2972 3905 ent·

354 3920 709 3991 praegrande
758 3937 919 4002 opus‚
982 3920 1258 3974 hactenus
1320 3920 1633 3981 ineditum;
1691 3921 1931 3974 standen
1963 3962 1973 3972 .
2003 3962 2015 3973 .
2043 3962 2055 3974 .
2107 3921 2245 3975 Wer
2271 3922 2481 3976 Hesiod
2510 3921 2644 3976 oder
2669 3921 2854 3976 Dante
2881 3923 2969 3976 be·

558 4009 622 4047 aa
636 3992 712 4044 ad
732 3990 780 4044 D
796 4009 817 4045 1
835 4009 867 4045 o
884 4010 922 4044 u
937 4008 976 4060 y
990 4009 1015 4045 s
1030 3991 1052 4044 i
1067 4009 1106 4045 u
1122 4011 1179 4045 m
1205 3992 1549 4047 monachum
1564 3993 1634 4045 de
1691 3992 1966 4052 wanden,
2013 3992 2113 4045 der
2153 3993 2296 4046 wird
2336 3992 2459 4046 ihm
2498 3993 2646 4046 noch
2687 3994 2845 4046 mehr
2871 3993 2969 4045 Be-

352 4061 459 4116 VII
483 4063 739 4131 eiusdem
767 4063 1337 4144 interrogationibus,
1365 4080 1511 4132 quae
1539 4064 1634 4116 ha-
1690 4062 2049 4132 wunderung
2076 4065 2258 4118 zollen
2284 4069 2524 4126 musaeu,
2553 4064 2626 4116 da
2653 4080 2712 4115 er
2728 4080 2838 4117 von
2856 4062 2967 4116 den

354 4133 448 4188 bes
484 4133 549 4187 in
588 4133 1047 4188 Leunclavii
1084 4134 1189 4188 Jus
1228 4150 1632 4204 graeco-roma·
1690 4133 1888 4188 Tiefen
1932 4133 2033 4186 der
2077 4132 2340 4188 Gottheit
2388 4133 2499 4187 Din
2543 4150 2571 4185 e
2623 4133 2802 4195 weiss,
2855 4150 2967 4188 von

351 4223 507 4272 num,
540 4204 908 4260 Francofurti
958 4212 1090 4262 1596
1136 4225 1191 4276 p.
1237 4210 1537 4262 335—341.
1565 4205 1632 4247 .;
1687 4204 1871 4260 denen
1935 4204 2037 4258 der
2097 4204 2429 4258 heidnische
2543 4204 2726 4258 ichter
2799 4203 2967 4257 keine

351 4274 539 4330 Etiam
583 4276 810 4344 aliquot
850 4276 1152 4347 scriptores
1194 4276 1469 4345 anonymi
1505 4275 1632 4330 reli·
1687 4277 1944 4346 Abnung
1964 4276 2142 4341 hatte,
2160 4275 2239 4328 sie
2255 4277 2392 4328 aber
2407 4273 2512 4329 mit
2531 4274 2688 4327 einer
2705 4273 2970 4328 Feinheit

390 4350 604 4401 uerunt
619 4347 836 4402 scholia
851 4364 951 4402 seu
968 4346 1374 4403 commentaria
1389 4347 1452 4401 in
1468 4363 1632 4415 quas·
1688 4347 1809 4401 und
1825 4345 2250 4400 Bestimmtheit
2266 4345 2590 4408 behandelt‚
2607 4346 2818 4400 welche
2832 4346 2967 4414 jene

351 4365 481 4472 {llam
508 4417 619 4471 Gre
663 4417 772 4472 orii
798 4419 1099 4481 orationes,
1118 4435 1265 4487 quae
1286 4420 1460 4472 habes
1475 4419 1631 4489 apud
1686 4420 1786 4472 des
1811 4435 2042 4490 grossen
2070 4415 2454 4471 Florentiners
2484 4416 2631 4469 noch
2652 4415 2788 4470 weit
2807 4415 2967 4469 fiber-

352 4488 598 4560 Migne
620 4437 687 4542 ᾗ.
713 4489 779 4543 G.
808 4490 1059 4556 XXXVI,
1086 4497 1397 4548 933-9842
1425 4495 1627 4546 1205—
1685 4489 1847 4544 trifft.
2831 4557 2841 4567 ·

356 4566 507 4617 1256.
847 4596 854 4604 ·
1762 4565 1803 4633 ²)
1832 4561 1916 4615 Cf.
1954 4559 2005 4613 J.
2051 4560 2116 4613 G.
2161 4559 2463 4612 Brambs
2506 4558 2575 4611 de
2627 4559 2966 4611 auctoritate

425 4634 466 4686 ἣ
518 4631 569 4684 N
586 4646 615 4684 e
632 4648 664 4686 c
678 4634 704 4684 t
717 4648 752 4684 a
765 4649 794 4683 r
810 4630 831 4684 i
850 4649 885 4684 n
903 4650 928 4684 s
991 4632 1180 4702 patria
1242 4631 1508 4686 tarsensis
1571 4631 1632 4686 in
1684 4631 2015 4703 tragoediae
2030 4630 2390 4692 christianae,
2408 4645 2555 4697 quae
2571 4626 2808 4682 inscribi
2823 4627 2970 4681 solet

352 4699 570 4765 cilicia,
594 4705 728 4758 ante
756 4719 919 4756 suam
939 4702 1001 4756 in
1023 4703 1354 4774 episcopum
1374 4706 1631 4757 constan·
1723 4708 1884 4774 ριστὸς
1918 4705 2141 4775 πάι-χιον,
2168 4701 2441 4771 Gregorio
2470 4717 2591 4753 naz.
2636 4699 2778 4753 falso
2805 4699 2968 4753 attri-

354 4771 800 4843 finopolitanum
844 4773 1177 4829 electionem
1222 4777 1366 4846 (381)
1408 4777 1632 4828 senator
1683 4725 1876 4832 tutae,
1905 4772 2230 4832 Eichstaett
2254 4779 2407 4828 1883.
