3505 5161
527 221 649 275 523
1367 208 1662 257 551-600.
1689 202 2032 256 Anastasius
2059 201 2299 264 Sinaita‚
3006 219 3081 271 52
3099 220 3137 271 4,

510 394 610 449 tus
643 411 691 449 a.
720 400 839 455 593
876 386 935 467 (†
958 384 1129 469 599).
1179 388 1430 447 Strenue
1451 406 1793 464 propugna-
1850 384 2212 471 Senatore1).
2267 390 2461 448 Natus
2493 390 2546 447 is
2578 392 2672 448 est
2701 408 2772 448 ex
2805 389 3136 447 clarissimo

510 480 613 539 bat
660 480 835 538 fidem
881 478 1231 538 catholicam
1281 476 1464 536 variis
1514 478 1793 553 operibus
1847 472 2054 537 Italiae
2086 497 2301 556 genere
2334 477 2406 537 de
2436 478 2629 554 patria
2661 478 2885 554 optime
2917 478 3133 536 merito

511 569 707 627 exsilii
725 572 989 645 tempore
1010 567 1267 643 scriptiS‚
1303 586 1561 642 quorum
1593 569 1794 625 tamen
1850 568 2119 643 Scyllacii
2164 568 2226 626 in
2270 569 2527 627 Bruttiis
2559 564 2882 649 (Squillace
2929 568 2993 625 in
3026 567 3135 625 Ca-

509 659 789 734 pleraque
840 657 1164 733 perierunt.
1244 654 1402 723 Quae
1466 659 1795 730 supersunt
1848 657 2060 732 labria)
2110 675 2157 719 c.
2207 677 2256 715 a.
2309 667 2457 727 470,
2513 659 2690 733 juxta
2742 657 2961 715 Usener
3009 674 3130 714 non

510 747 808 805 habentur
854 749 919 804 in
970 746 1221 822 Migne
1266 745 1328 803 P.
1376 745 1440 807 G.
1479 744 1791 813 LXXXIX,
1850 749 1986 804 ante
2017 764 2065 808 a.
2102 755 2247 812 481,
2298 750 2477 823 atque
2522 748 2587 805 in
2632 746 2959 804 virtutibus
2996 746 3132 804 lite-

519 845 971 899 1309—1408.
1019 835 1149 893 Huc
1182 837 1453 909 spectant
1484 834 1793 892 Orationes
1848 836 2045 910 risque
2066 835 2341 895 omnibus
2372 837 2606 913 egregie
2636 835 2960 893 institutus
2992 834 3136 893 ado-

512 942 618 983 seu
650 929 821 983 tract.
854 923 1171 1000 theologici
1204 924 1273 981 de
1308 924 1592 982 Trinitat'c
1618 931 1669 981 et
1699 926 1791 980 in·
1849 926 2077 983 lescens
2133 926 2256 999 jam
2314 925 2590 984 Odoacris
2654 923 2929 1000 gratiam,
2993 924 3135 982 dein

510 1017 862 1089 car-natione,
913 1014 977 1071 in
1014 1012 1233 1088 quibus
1262 1016 1504 1088 patrum
1537 1015 1791 1071 assecta·
1849 1012 2193 1072 Theodorici
2261 1014 2586 1073 Gothorum
2647 1014 2806 1090 regis
2881 1015 3139 1088 ejusque

510 1107 613 1161 tur
639 1103 918 1180 vestigia:
953 1121 1052 1161 eae
1072 1103 1309 1160 exstant
1326 1103 1568 1160 tantum
1587 1101 1791 1160 latine.
1848 1120 2253 1161 successorum
2301 1103 2446 1162 adeo
2494 1103 2607 1161 sibi
2655 1102 3013 1169 conciliavit,
3062 1106 3135 1160 ut

510 1193 592 1251 Iis
625 1193 722 1251 usi
741 1195 885 1250 sunt
914 1191 1286 1249 Maximus
1319 1191 1413 1259 M„
1449 1191 1488 1249 J
1503 1208 1790 1249 oannes
1849 1192 2096 1250 summis
2130 1192 2455 1251 honoribus
2502 1192 2954 1268 praecipuisque
2999 1211 3137 1250 mu-

512 1281 923 1348 DamascenuS‚
959 1279 1302 1356 synodus
1323 1280 1447 1338 VII.
1468 1284 1578 1339 etc.
1622 1280 1795 1339 Com·
1848 1281 2090 1339 neribus
2122 1281 2309 1340 fuerit
2339 1283 2413 1340 ab
2444 1282 2515 1340 iis
2546 1285 2774 1342 auctus.
2816 1280 2956 1338 Fuit
2974 1280 3134 1339 enim

509 1369 816 1445 pendiaria
865 1370 1215 1427 orthodoxae
1271 1370 1406 1442 fidei
1467 1371 1786 1444 explicatio,
1849 1370 2093 1429 Odoacri
2140 1388 2331 1429 comes
2376 1389 2677 1431 sacrarum
2721 1369 3130 1446 largitionum,

509 1459 776 1517 homiliae
825 1461 1094 1535 quatuor,
1159 1477 1412 1533 quarum
1463 1477 1583 1517 una
1632 1464 1790 1517 certe
1848 1459 2208 1518 Theodorico
2258 1460 2332 1518 ab
2390 1459 2673 1535 epistolis,
2736 1478 2845 1533 per
2906 1477 3137 1517 annum

511 1566 627 1606 non
660 1550 753 1606 est
796 1548 1072 1625 genuina,
1125 1547 1273 1605 aliae
1318 1558 1441 1605 tres
1489 1551 1633 1606 sunt
1678 1547 1790 1606 du·
1846 1548 2178 1624 praefectus
2210 1549 2585 1607 Bruttiorum
2633 1552 2693 1606 et
2738 1548 3130 1617 Lucanorum,

509 1637 671 1707 biae;
707 1637 994 1712 quaedam
1016 1636 1378 1712 fragmenta3
1412 1639 1617 1712 oratio,
1654 1655 1791 1695 oum
1848 1655 1965 1711 quo
1998 1638 2230 1713 expleto
2262 1640 2571 1696 revocatus
2610 1641 2703 1695 est
2734 1636 2808 1695 ad
2841 1637 3038 1695 aulam
3070 1641 3131 1695 et

509 1726 730 1785 iterum
748 1726 971 1785 rediret
991 1724 1064 1783 ad
1084 1725 1391 1784 ecclesiam
1410 1743 1594 1795 suam,
1629 1724 1789 1801 apud
1846 1746 1914 1784 ex
1948 1725 2367 1786 ordinefactus
2386 1728 2681 1801 quaestor.
2717 1728 2973 1794 senator,
3006 1745 3127 1783 ma-

509 1815 634 1872 Pit
649 1834 678 1871 r
695 1834 728 1872 a
751 1815 788 1873 J
793 1814 918 1873 uris
941 1815 1078 1873 eccl.
1099 1815 1297 1873 Graec.
1319 1813 1458 1878 hist.
1478 1816 1539 1871 et
1558 1814 1789 1873 docum.
1845 1815 2030 1892 gister
2047 1816 2268 1891 palatii,
2300 1815 2629 1891 praefectus
2650 1815 2946 1889 praetorio
2968 1813 3117 1895 (ter),

510 1904 726 1962 Romae
781 1912 960 1968 1868.
1008 1904 1083 1972 11,
1135 1913 1520 1973 251-257,-
1554 1904 1658 1979 qui
1708 1903 1789 1962 ib.
1845 1904 2132 1977 patricius
2164 1911 2225 1964 et
2255 1925 2303 1968 a.
2343 1914 2466 1968 514
2508 1904 2730 1965 consul.
2777 1903 3117 1979 Nunquam

514 2001 860 2055 238—394
906 1992 1184 2051 tredecim
1229 1995 1495 2051 recenset
1530 1994 1785 2051 Anasta-

511 2082 630 2140 sios
676 2085 737 2140 et
781 2083 1013 2156 aliquot
1058 2100 1263 2139 eorum
1309 2082 1595 2156 opuscula
1627 2082 1788 2141 exhi·

510 2165 694 2251 betl).
754 2170 918 2246 Opus
951 2174 1157 2228 contra
1187 2171 1280 2233 Jo.
1311 2170 1789 2246 Philoponum

511 2260 757 2335 periisse
789 2259 1042 2318 videtur.
1071 2292 1156 2303 —-
1178 2259 1495 2334 Cujusdam
1528 2260 1788 2318 Eusta-

510 2349 664 2406 thii
713 2348 983 2406 monachi
1033 2350 1225 2406 exstat
1268 2348 1497 2424 prolixa
1539 2349 1792 2424 epistola

510 2439 579 2495 de
626 2437 850 2495 duabus
897 2439 1128 2496 naturis
1176 2437 1456 2495 adversus
1506 2438 1789 2496 Severum

509 2529 776 2602 tempore
805 2525 1137 2586 Justiniani
1169 2526 1310 2602 imp.
1344 2526 1578 2602 scripta,
1612 2545 1788 2602 quam

506 2616 730 2690 reperit
759 2615 1068 2692 ediditque
1100 2615 1242 2674 Mai
1275 2619 1390 2677 vet.
1413 2616 1623 2691 Script.
1656 2634 1788 2675 nov.

508 2705 635 2763 coll.
659 2705 782 2776 VII,
820 2715 941 2768 277
969 2724 1045 2766 ss,
1078 2708 1139 2764 et
1170 2705 1308 2763 inde
1341 2705 1590 2782 Migne
1623 2706 1686 2763 P.
1722 2705 1787 2763 G.

505 2793 801 2863 LXXXVI,
845 2806 892 2863 1,
930 2804 1046 2857 901
1082 2802 1299 2855 -942.

599 2997 675 3051 29
688 2998 741 3051 5.
755 2980 760 2984 ’
774 2988 1011 3047 Relictis
1044 2988 1434 3063 scriptoribus
1467 3010 1505 3064 p
1520 3008 1553 3047 o
1568 2989 1590 3046 1
1605 3008 1636 3048 e
1655 3008 1713 3047 m
1729 2989 1749 3046 i
1763 3021 1784 3032 -

507 3077 614 3136 cis
646 3077 719 3136 de
739 3077 843 3136 illo
857 3079 981 3153 jam
1001 3096 1261 3154 agamus,
1297 3078 1402 3152 qui
1420 3078 1527 3135 hac
1546 3078 1785 3152 periodo

1845 1992 2236 2052 Theodoricus
2266 2013 2402 2053 eum
2448 2013 2482 2051 a
2528 2012 2637 2052 suo
2682 1992 2913 2052 dimisit
2943 1993 3122 2050 latere

1847 2082 2286 2159 primariusque
2317 2083 2435 2142 fuit
2461 2083 2633 2159 regni
2653 2081 3026 2141 administer.
3058 2081 3129 2138 In

1846 2171 2123 2230 omuibus
2157 2172 2318 2230 hisce
2361 2171 2709 2231 muneribus
2743 2170 3134 2247 integerrime

1846 2265 1907 2319 et
1956 2260 2214 2319 humane
2266 2279 2329 2319 se
2391 2261 2601 2338 gessit,
2663 2278 2804 2337 erga
2852 2277 3129 2318 romanos

1845 2349 2154 2425 pontifices
2206 2355 2268 2408 et
2315 2350 2619 2425 episcopos
2669 2368 2940 2426 magnam
2986 2367 3129 2423 prae

1847 2456 1909 2496 se
1941 2438 2086 2497 tulit
2114 2440 2506 2498 reverentiam
2538 2442 2600 2497 et
2631 2438 2993 2496 modestiam.
3055 2436 3128 2495 In

1846 2527 2097 2603 epistola
2127 2528 2285 2588 enim
2329 2529 2624 2604 encyclica
2655 2528 2726 2586 ad
2760 2545 2858 2586 eos
2889 2529 3132 2603 praeter

1845 2617 1961 2675 alia
1991 2618 2290 2691 praeclara
2333 2618 2517 2676 animi
2561 2636 2734 2677 sensa
2776 2619 2861 2675 ita
2904 2615 2977 2674 ad
3021 2633 3128 2673 eos

1844 2706 2078 2764 scribit:
2123 2706 2280 2775 ,Vos
2314 2707 2658 2783 spirituales
2691 2708 2983 2782 parente&
3018 2704 3129 2780 qui

1844 2797 2140 2854 auctorem
2161 2815 2360 2855 rerum
2388 2797 2726 2855 illuminata
2757 2798 2956 2853 mente
2988 2812 3129 2852 con-

1846 2884 2096 2960 spicitis,
2144 2904 2250 2961 pro
2296 2906 2388 2944 me
2433 2889 2670 2945 sanctae
2709 2884 2991 2943 Trinitati
3036 2902 3129 2942 se-

1845 2974 1988 3033 dulo
2022 2974 2387 3050 supplicate:
2437 2974 2791 3052 dignitatem
2824 2973 3126 3033 conscien-

1843 3063 1961 3121 tiae
1993 3062 2189 3133 donet,
2223 3064 2326 3139 qui
2353 3064 2677 3123 tribunalia
2696 3063 2962 3122 conferre
2994 3062 3127 3139 dig-

506 3166 856 3236 eruditione‚
897 3166 1188 3242 singulari
1224 3166 1520 3225 industria
1552 3170 1612 3225 et
1643 3166 1784 3225 dili·
1842 3154 2020 3210 natus
2064 3154 2172 3224 0³¹³,
2225 3153 2401 3211 faeiat
2445 3152 2798 3211 5¹10ff011³¹²m
2840 3151 3125 3228 jndioemv

506 3249 769 3336 gentia2)
797 3274 998 3314 omnes
1017 3256 1340 3331 praecellit,
1373 3255 1625 3330 ideoque
1660 3256 1783 3330 pri·
1842 3258 1917 3298 ΗΘ
1950 3240 2190 3299 damnet
2218 3246 2555 3300 ermntem‘
2587 3245 2696 3301 etc·
2744 3243 2991 3300 Demum
3023 3252 3119 3303 70-

507 3363 671 3402 mum
715 3344 871 3401 inter
916 3344 1071 3402 viros
1119 3343 1320 3402 doctos
1352 3345 1544 3403 locum
1577 3347 1783 3415 meret,

507 3433 630 3489 scil.
663 3431 735 3489 de
769 3433 980 3507 Magno
1012 3433 1254 3492 Aurelio
1287 3432 1733 3492 Cassiodori
1754 3452 1787 3492 o

1844 3330 1964 3387 sere
2014 3347 2237 3388 annum
2286 3350 2466 3407 agens
2516 3325 2589 3413 (c.
2645 3330 2795 3409 540)
2844 3330 3117 3391 omnibus

1843 3418 2171 3477 honoribus
2202 3420 2670 3496 muneribusque
2701 3420 2983 3478 valedixit
3022 3421 3113 3473 at-

1843 3525 1960 3581 que
1990 3508 2053 3565 in
2088 3508 2298 3567 urbem
2331 3509 2582 3585 patriam
2614 3528 2675 3567 se
2706 3508 2929 3583 recepit
2956 3505 3112 3563 vitae

1843 3596 2156 3672 quietioris
2188 3601 2250 3656 et
2268 3598 2576 3656 sanctioris
2596 3597 2904 3666 desiderio,
2936 3599 3117 3669 atque

582 3697 620 3750 ι’)
650 3688 732 3743 Cf.
784 3689 972 3743 Bard
990 3691 1128 3744 enh
1147 3709 1175 3743 e
1194 3707 1333 3744 wer
1383 3701 1409 3758 5
1464 3693 1566 3749 107
1614 3713 1668 3748 n.
1725 3703 1749 3749 1
1774 3714 1785 3754 ;
1841 3687 2269 3745 monasterium
2316 3687 2646 3746 vivariense
2706 3705 2891 3762 prope
2950 3684 3117 3749 illam

507 3760 849 3815 Ehrhard
912 3762 1067 3832 apud
1117 3762 1629 3818 Krumbacher
1694 3781 1786 3835 op.

507 3832 601 3886 cit.
631 3849 762 3903 pag.
792 3840 858 3888 59
884 3851 957 3892 s.;
999 3833 1706 3904 HergenrotherKL.
1740 3845 1786 3903 1,

504 3903 1431 3963 78izFabricius·Harless
1458 3906 1523 3969 X,
1555 3913 1786 3964 595-600

1843 3794 1877 3832 a
1907 3793 1969 3834 se
2000 3775 2309 3834 conditum
2327 3778 2421 3834 est
2449 3775 2775 3852 ingressus.
2823 3774 2961 3833 Jam
2993 3777 3121 3832 stu-

1843 3863 2212 3922 diosissimus
2244 3864 2365 3922 fuit
2394 3863 2466 3922 de
2496 3864 2801 3922 fructuosa
2819 3862 3001 3922 officii
3031 3862 3122 3920 di-

506 3975 680 4047 (apud
735 3974 982 4045 Migne
1031 3974 1109 4028 ib,
1154 3982 1630 4050 91293-1300),
1683 3979 1788 4046 qui
1841 3953 1967 4011 vini
1998 3953 2418 4029 persolutione,
2473 3952 2545 4012 de
2588 3957 2855 4028 tempore
2888 3952 3128 4010 utiliter

505 4046 934 4116 quamplurima
973 4047 1226 4116 ejusdem
1272 4065 1443 4119 opera
1485 4048 1786 4119 deperdita
1841 4042 2239 4119 transigendo,
2304 4043 2443 4100 hinc
2502 4045 2736 4117 praeter
2794 4042 3122 4101 orationem

505 4119 759 4172 recenset
785 4122 911 4188 (18).

580 4193 619 4260 ²)
648 4189 944 4243 Cassiodor
989 4189 1158 4243 theilt
1205 4190 1311 4244 mit
1361 4189 1634 4245 Boethius
1684 4193 1787 4247 das

506 4261 915 4315 umfassendste
961 4259 1186 4314 Wissen
1233 4262 1349 4314 und
1393 4262 1658 4332 zugleich
1684 4264 1788 4318 das

1842 4131 2155 4190 continuos
2204 4131 2503 4190 monachis
2560 4131 2684 4189 suis
2735 4130 3125 4206 praescripsit

1840 4219 2072 4278 labores
2115 4221 2499 4296 maximeque,
2549 4224 2622 4278 ut
2669 4219 2865 4278 literis
2910 4219 3125 4277 darent

506 4331 813 4394 Bemiihen‚
831 4331 1011 4385 dieses
1026 4332 1250 4385 Wissen
1269 4332 1534 4385 weiteren
1551 4334 1786 4391 Kreisen
1840 4326 2095 4383 operam,
2148 4326 2247 4367 90⁸
2290 4309 2494 4383 jussui·
2575 4309 2709 4385 11‘30
2756 4308 2894 4367 licet
2943 4326 3122 4366 senex

504 4403 847 4473 zuganglich
865 4421 933 4456 zu
951 4405 1208 4467 macheu,
1225 4404 1344 4456 und
1362 4404 1469 4457 wie
1491 4404 1784 4470 Boethius,

503 4491 564 4526 so
609 4475 714 4528 hat
754 4475 903 4528 auch
950 4473 1247 4529 Cassiodor
1297 4475 1586 4530 vielleicht
1635 4478 1782 4531 noch

1919 4483 1953 4547 ¹)
1983 4477 2017 4531 S
2035 4495 2065 4531 e
2083 4498 2121 4532 n
2135 4494 2169 4530 a.
2185 4481 2210 4530 t
2225 4496 2256 4531 o
2273 4497 2299 4531 r
2343 4495 2458 4532 non
2485 4479 2797 4533 vocabatur
2822 4495 2855 4531 a
2884 4492 3119 4532 munere

505 4546 664 4597 mehr
675 4546 758 4599 als
769 4546 922 4599 seine
934 4546 1133 4616 eigene
1145 4546 1375 4600 Zeitdas
1386 4547 1782 4616 aufsteigende
1838 4565 1936 4603 seu
1964 4549 2261 4620 dignitate.
2314 4548 2449 4603 Fuit
2462 4550 2527 4603 ei
2552 4550 2660 4604 hoc
2685 4567 2893 4604 nomen
2922 4566 3117 4603 verum

505 4615 839 4670 Mittelalter
864 4617 986 4670 sich
1013 4635 1082 4670 zu
1111 4620 1552 4688 unbegrenztem
1580 4618 1781 4674 Danke
1836 4623 1894 4673 et
1918 4620 2233 4689 proprium,
2261 4621 2414 4689 quod
2437 4621 2701 4676 omnibus
2718 4621 2837 4675 suis
2854 4620 3119 4691 praefixit

505 4701 603 4738 ver
647 4687 880 4746 flichtet,
908 4688 952 4739 B
969 4704 1003 4739 a
1019 4705 1047 4739 r
1061 4688 1098 4741 d
1114 4704 1143 4741 e
1163 4707 1198 4741 n
1217 4690 1252 4741 h
1271 4706 1299 4741 e
1318 4706 1369 4742 vv
1385 4706 1413 4742 e
1429 4707 1458 4741 r
1482 4699 1510 4756 5
1541 4698 1638 4746 115
1656 4710 1709 4745 n.
1730 4698 1778 4748 3.
1837 4691 2121 4761 epistolis:
2174 4690 2562 4746 Cassiodorius
2603 4693 2719 4747 fuit
2758 4692 2950 4763 potius
2989 4707 3115 4761 cog·

507 4755 590 4808 Cf.
680 4762 1167 4826 aumgartner
1193 4759 1286 4814 1V.
1316 4763 1612 4817 217—223.

1834 4780 2040 4816 nomen
2068 4780 2099 4816 a
2126 4766 2286 4833 patre
2314 4763 2652 4819 derivatum.
