3505 5161
404 227 477 280 57

1440 214 1499 265 et
1523 211 1747 266 labores
1773 210 1989 265 biblici.

2937 232 3019 287 58

411 408 571 460 1713
606 401 651 455 t.
689 407 722 458 2
759 398 824 456 in
858 398 928 467 f.;
978 399 1040 456 in
1072 398 1326 475 Migne
1370 399 1433 456 P.
1468 399 1533 456 G.
1564 397 1686 458 XV.
1743 417 1915 461 orum
1947 398 2281 473 fragmenta
2312 401 2404 456 sat
2435 399 2641 470 multa,
2688 399 2754 458 in
2794 401 3020 460 catenis

402 486 564 553 xv1;
615 487 794 564 longe
843 487 1173 546 accuratior
1222 498 1313 546 est
1343 486 1436 551 ed.
1486 487 1686 546 Field
1741 487 2111 563 praesertim,
2132 490 2487 561 supersunt;
2509 488 2765 549 aliorum
2781 492 3024 551 exstant

405 575 612 634 Oxonii
651 585 1018 639 1867—75.
1080 577 1367 636 Recenter
1408 577 1473 635 G.
1506 577 1684 635 Mer·
1741 575 2044 636 versiones
2061 594 2105 635 s.
2128 576 2588 652 Hieronymi
2621 578 2712 636 vel
2746 578 3016 648 Rufini,

403 665 556 722 cati
616 665 946 741 pretiosum
994 665 1391 741 fragmentum
1440 665 1683 741 reperit,

405 754 473 812 de
505 772 625 830 quo
658 753 728 812 cf.
776 754 1033 813 eundem
1077 755 1142 813 in
1183 754 1225 814 l.
1289 755 1385 817 Un
1419 754 1681 829 Palimp-

406 846 563 901 sesto
626 843 1020 902 Ambrosinno
1083 843 1178 902 dei
1242 844 1415 902 salini
1477 843 1680 920 esapli,

404 932 619 990 Torino
660 940 847 995 1896.
881 931 1149 1000 Quatuor
1180 934 1529 1009 praecipuas
1550 951 1681 991 ver·

404 1020 598 1079 siones
623 1021 884 1096 junctim
917 1021 1156 1080 exhibet
1177 1021 1461 1099 Origenes
1481 1023 1547 1080 in
1574 1039 1684 1079 sua

402 1109 490 1167 ed.
520 1110 815 1185 'l'etrapla.
861 1144 948 1151 —-
994 1111 1212 1169 Omnes
1258 1110 1380 1170 fere
1425 1111 1488 1169 ll.
1521 1111 1587 1168 V.
1622 1113 1685 1168 et

402 1198 473 1257 N.
505 1199 568 1257 T.
601 1199 842 1257 scholiis
874 1199 1156 1258 brevibus
1170 1196 1219 1281 ¹)
1268 1200 1366 1258 vel
1415 1199 1680 1258 homiliis

401 1286 473 1346 ad
516 1288 729 1363 populi
778 1291 1018 1363 captum
1079 1288 1533 1347 accommodatis
1584 1287 1680 1346 vel

401 1377 717 1435 admodum
760 1377 1006 1453 prolixis
1052 1377 1491 1436 commentariis
1538 1377 1679 1436 illu-

402 1460 698 1545 stravit2),
734 1484 989 1542 quorum
1008 1467 1201 1524 multa
1220 1466 1547 1542 perierunt,
1569 1466 1679 1524 ali-

479 1642 515 1706 ¹)
546 1636 728 1696 „nlud
758 1636 1003 1690 breviter
1019 1654 1237 1699 mone0,
1255 1636 1451 1705 inquit
1466 1654 1506 1689 s.
1525 1636 1577 1688 H
1594 1636 1613 1688 i
1631 1653 1680 1688 e·

400 1724 529 1761 ron
544 1726 707 1775 ymu
725 1726 749 1760 s
777 1708 837 1761 in
865 1707 1013 1763 Prol.
1040 1710 1235 1763 transl.
1263 1708 1412 1763 hom.
1440 1706 1596 1777 Orig.
1622 1707 1679 1762 in

399 1778 509 1831 Jer.
538 1779 616 1850 (M
634 1779 708 1850 ig
724 1798 761 1832 n
779 1796 808 1832 e
835 1778 1008 1843 XXV,
1037 1784 1179 1852 585),
1227 1782 1294 1833 ut
1318 1779 1462 1834 scias
1490 1778 1680 1848 Orige-

401 1849 488 1903 nis
514 1853 789 1931 opuscula
830 1850 891 1906 in
937 1867 1156 1906 omnem
1181 1850 1537 1922 Scripturam
1563 1866 1681 1902 esse

400 1921 667 1993 triplicia.
730 1922 984 1977 Primum
1024 1924 1148 1991 ejus
1212 1940 1358 1992 opus
1409 1928 1544 1977 sunt
1592 1938 1681 1974 ex-

400 1996 608 2064 cerpta,
636 2010 784 2061 quae
811 2010 1011 2065 graece
1035 2000 1220 2075 σχόλια
1257 1995 1682 2065 nuncupantur,

399 2064 456 2120 in
483 2064 696 2133 quibus
741 2082 823 2129 ea,
871 2081 1017 2134 quae
1062 2065 1173 2119 sibi
1217 2064 1564 2119 videbantur
1590 2065 1682 2117 ob-

402 2154 560 2189 scura
584 2140 763 2203 atque
790 2138 997 2190 habere
1038 2136 1263 2205 aliquid
1304 2136 1682 2199 difficultatis,

402 2207 722 2263 summatim
774 2208 1138 2275 breviterque
1190 2207 1544 2278 perstrinxit.
1594 2208 1684 2261 Se-

399 2279 645 2334 cundum
666 2278 1054 2334 homileticum
1078 2296 1261 2349 genus
1288 2320 1299 2332 .
1329 2320 1341 2332 .
1371 2321 1383 2333 .
1411 2279 1683 2342 Tertium,

399 2350 551 2419 quod
576 2350 699 2420 ipse
719 2350 1011 2421 inscripsit
1033 2371 1235 2432 τομους,
1260 2368 1363 2407 nos
1389 2350 1683 2407 volumina

400 2422 509 2492 [vel
524 2423 719 2491 potius
733 2425 1186 2489 commentarios)
1216 2440 1517 2503 possumus
1542 2440 1684 2477 nuu-

399 2510 623 2564 cupare,
650 2493 711 2546 in
740 2510 855 2561 quo
884 2509 1051 2563 opere
1073 2496 1194 2547 tota
1214 2494 1435 2564 ingenii
1452 2494 1541 2548 sui
1557 2495 1685 2548 vela

399 2564 753 2636 spirantibus
793 2565 980 2620 ventis
1020 2565 1198 2629 dedit,
1244 2570 1301 2620 et
1342 2567 1608 2623 recedens
1651 2583 1684 2618 a

401 2636 636 2692 terrain
662 2637 916 2691 medium
960 2640 1203 2707 pelagus
1242 2638 1528 2708 aufugit,“
1574 2654 1684 2691 om·

398 2708 567 2763 nibus
615 2707 906 2770 nimirum,
958 2725 1334 2778 quaecunque
1385 2708 1686 2778 ingenium

398 2778 761 2848 eruditioque
826 2781 1304 2853 suppeditabant,
1383 2779 1683 2850 congestis,

399 2855 551 2915 Quae
578 2851 768 2904 adhuc
815 2854 1125 2922 supersunt
1168 2852 1237 2905 de
1277 2852 1368 2905 his
1393 2851 1685 2906 laboribus

399 2921 703 2992 exegeticis
748 2921 853 2977 dili
897 2927 1057 2976 enter
1097 2926 1353 2977 recenset
1396 2922 1685 2992 Kriiger

400 2994 595 3047 Gesch.
624 2994 725 3047 der
749 2994 863 3049 alto
907 3012 951 3048 r.
977 2994 1088 3048 Lit.
1115 3004 1142 3060 ξ
1169 3003 1261 3051 61.·

472 3073 512 3130 ²)
538 3064 729 3135 Digna
776 3069 913 3119 sunt
953 3066 1257 3130 mentione,
1305 3082 1452 3133 quae
1497 3065 1566 3117 de
1592 3063 1685 3117 his

400 3136 659 3206 Origenis
673 3137 967 3192 laboribus
982 3141 1181 3193 narrat
1199 3137 1243 3190 E
1262 3156 1298 3190 u
1318 3156 1343 3190 s
1358 3153 1387 3189 e
1408 3138 1442 3190 b
1458 3136 1481 3189 i
1496 3155 1532 3189 u
1552 3133 1684 3199 SVI,

400 3212 496 3263 23:
528 3207 834 3277 „Origenes
864 3207 923 3261 in
951 3207 1178 3264 divinas
1198 3209 1520 3279 Scripturas
1541 3224 1684 3261 com-

398 3279 701 3333 mentarios
752 3278 943 3349 coepit
991 3281 1344 3335 conscribere
1397 3281 1445 3332 A
1462 3298 1517 3333 m
1536 3280 1571 3332 b
1587 3296 1614 3330 r
1631 3295 1685 3331 o-

400 3350 507 3403 sio
556 3350 873 3405 innumeris
924 3351 1172 3406 stimulis
1213 3369 1342 3405 eum
1384 3350 1683 3410 incitante,

399 3438 499 3475 nec
543 3424 728 3477 solum
776 3421 965 3476 verbis
1008 3426 1185 3491 atque
1236 3420 1683 3484 hortationibuS,

400 3493 493 3546 sed
510 3492 683 3548 etiam
691 3494 741 3548 la
749 3492 1028 3563 rgissimis
1039 3510 1228 3549 rerum
1239 3510 1460 3548 necessa
1469 3493 1683 3546 riarum

400 3562 872 3634 praebitionibus.
923 3565 1147 3647 Quippe
1200 3570 1414 3636 septem
1464 3567 1521 3618 et
1570 3580 1683 3617 am-

400 3636 549 3705 plius
573 3634 787 3691 notarii
814 3635 1057 3692 dictanti
1078 3637 1168 3692 illi
1185 3640 1409 3707 praesto
1427 3637 1683 3694 aderant.

399 3705 501 3774 qui
543 3706 887 3777 praestituto
934 3712 1187 3778 tempore
1233 3708 1345 3762 sibi
1388 3724 1489 3778 per
1535 3706 1684 3760 vices

400 3779 803 3834 succedebant:
854 3795 958 3832 nec
1008 3779 1306 3850 pauciores
1366 3777 1684 3845 antiquarii

398 3849 563 3905 simul
614 3867 744 3904 cum
796 3850 1006 3919 puellis
1057 3851 1379 3920 elegantius
1443 3848 1683 3903 scribere

397 3920 665 3974 assuetis:
718 3921 929 3989 quibus
977 3921 1238 3977 omnibus
1276 3920 1685 3977 necessaria-ros

399 3996 657 4062 sumptus
684 3992 911 4063 copiose
954 3993 1426 4048 subministrabat
1452 3993 1683 4046 Ambro-

399 4062 530 4116 sius.
581 4064 687 4118 Sed
729 4069 788 4116 et
811 4064 1203 4120 incredibilem
1250 4064 1543 4132 quandam
1568 4063 1681 4116 ala·

397 4134 657 4189 critatem
686 4134 746 4189 in
772 4135 880 4189 hoc
907 4153 977 4188 ss.
1005 4135 1304 4191 literarum
1332 4134 1524 4188 studio
1558 4134 1681 4204 ipse

401 4223 501 4274 pro
528 4204 685 4261 virili
712 4208 873 4275 parte
901 4208 1260 4266 conferebat;
1307 4223 1421 4275 qua
1449 4206 1679 4274 quidem

396 4293 454 4329 re
504 4277 865 4347 potissimum
916 4276 1189 4346 Origenes
1232 4279 1304 4331 ad
1359 4276 1683 4332 scribendos

397 4349 825 4403 commentarios
877 4347 1326 4419 impellebatur.“
1386 4349 1467 4403 Cf.
1520 4349 1589 4401 de
1616 4364 1682 4400 eo

397 4418 901 4488 Hieronymus
927 4421 996 4473 de
1024 4420 1130 4474 vir.
1158 4421 1241 4474 ill.
1268 4440 1315 4474 c.
1344 4429 1429 4477 56.
1457 4427 1556 4476 61:
1592 4437 1681 4489 ep.

397 4497 467 4546 43
490 4490 562 4544 ad
592 4491 933 4547 Marcellam.
986 4491 1158 4545 Porro
1204 4493 1358 4547 hunc
1396 4493 1447 4544 A
1463 4493 1567 4546 mb
1584 4509 1611 4543 r
1628 4508 1680 4543 o-

397 4561 578 4617 sium
628 4567 812 4617 sectae
873 4563 1100 4618 cuidam
1153 4563 1547 4618 Gnosticorum
1587 4561 1680 4614 ad-

1738 667 1922 741 hujus
1954 683 2093 725 vero
2124 664 2304 725 nimis
2336 664 2574 726 liberae.
2623 666 2711 725 Ex
2741 666 2834 726 his
2865 686 3022 744 quae

1740 757 2082 830 supersunt,
2116 754 2418 814 mentione
2438 752 2621 833 digna
2653 761 2826 815 sunt:
2860 775 3020 815 com-

1738 844 2169 905 mentariorum
2219 844 2282 902 ll.
2315 843 2365 902 X
2396 846 2458 903 in
2496 844 2735 903 Cantica
2768 847 3018 905 cantico-

1737 947 1891 1009 rum,
1926 951 2181 1008 quorum
2234 935 2466 992 tantum
2517 932 2579 991 ll.
2617 944 2650 996 :3
2700 937 2761 991 et
2790 937 3019 1011 partem

1740 1023 1778 1080 l.
1799 1032 1857 1093 4,
1890 1022 2176 1080 habemus
2210 1041 2280 1080 ex
2313 1022 2584 1081 versione
2615 1022 2911 1093 Rufini3
2949 1042 3020 1097 ex

1736 1112 1793 1168 ιι.
1826 1114 1888 1170 in
1921 1107 3017 1193 Matthaeum10—17(13,3s—22,

1741 1196 1851 1281 33)
1886 1217 2123 1277 graece;
2165 1196 3020 1283 12—25(16,13—27,63)

1736 1307 1808 1347 ex
1838 1289 2087 1363 antiqua
2131 1290 2411 1365 anonymi
2455 1290 2761 1361 versione;
2806 1293 2850 1355 t.
2897 1309 3018 1349 non

1736 1396 1960 1447 omnes,
1997 1376 2102 1436 sed
2139 1387 2173 1439 9
2214 1373 2484 1460 (prolixi)
2517 1397 2584 1436 ex
2623 1388 2701 1442 32
2753 1381 2850 1438 vel
2882 1380 3023 1456 plu·

1736 1466 1906 1525 ribus
1949 1469 2011 1524 in
2044 1468 2295 1525 Joannis
2328 1467 2719 1544 Evanqelium,
2763 1486 3018 1544 quorum

1736 1558 2067 1614 accuratam
2117 1555 2440 1614 editionem
2489 1555 2804 1615 adornavit
2853 1558 2920 1615 A.
2953 1557 3019 1617 Ε.

1736 1645 2055 1715 Brooke,
2116 1644 2229 1702 The
2275 1652 2660 1721 cominentary
2710 1648 2784 1721 of
2809 1645 3020 1723 Oriqen

1736 1752 1812 1793 on
1845 1734 1902 1792 S.
1935 1733 2142 1792 John's
2170 1735 2377 1809 yospel.
2440 1733 2561 1793 The
2591 1736 2721 1793 text
2764 1733 3015 1805 revised,

1735 1822 1884 1881 with
1904 1842 1937 1881 a
1957 1822 2185 1881 critical
2202 1823 2611 1882 introduction
2635 1822 2752 1881 and
2771 1823 3021 1893 indices,

1737 1911 2087 1988 Cambridge
2126 1921 2292 1974 1896
2328 1914 2371 1973 t.
2409 1921 2463 1973 2.
2498 1912 2927 1971 Commentaria
2959 1914 3018 1971 in

1737 2020 1821 2076 ep.
1856 2003 1935 2058 ad
1965 2001 2259 2060 Romanos
2303 2019 2374 2060 ex
2404 2000 2675 2060 versione
2706 2003 2769 2059 et
2797 2003 3021 2060 retrac-

1737 2089 1966 2148 tatione
2018 2090 2167 2149 Rus
2177 2091 2322 2159 ini;
2384 2090 2590 2167 plures
2638 2091 2910 2149 homiliae
2957 2093 3019 2148 in

1740 2180 2006 2238 Genesim
2038 2173 2196 2262 (Π),
2261 2179 2530 2238 Exodum
2576 2174 2737 2261 (13),
2804 2180 3019 2238 Leviti-

1737 2287 1866 2327 cum
1900 2264 2061 2351 (16),
2115 2267 2402 2328 Numeros
2436 2264 2594 2351 (2s),
2644 2268 2823 2327 Josue
2857 2266 3017 2351 (26),

1738 2357 1975 2417 Judices
2011 2352 2141 2442 (9):
2175 2358 2282 2416 hae
2314 2376 2518 2417 omnes
2550 2376 2622 2416 ex
2652 2357 2853 2416 Rufini
2885 2377 3023 2416 ver-

1739 2446 1938 2517 sione;
1989 2450 2051 2505 in
2106 2450 2161 2504 1.
2215 2447 2434 2524 Reymn
2484 2442 2614 2528 (2);
2676 2446 2742 2505 in
2789 2448 3022 2522 aliquot

1739 2534 2002 2596 Psalmos
2036 2531 2166 2619 (9);
2229 2538 2292 2596 in
2341 2535 2584 2595 Cantica
2627 2544 2774 2595 cant.
2819 2530 2915 2619 (2)
2952 2553 3022 2594 ex

1739 2625 2001 2703 eleganti
2022 2644 2066 2685 s,
2086 2625 2437 2702 Hieronymi
2453 2626 2740 2696 versione,
2763 2626 2828 2684 in
2847 2627 3024 2701 cujus

1739 2716 1984 2792 prologo
2029 2717 2316 2774 testatur:
2385 2715 2728 2792 „Origenes
2777 2733 2912 2774 cum
2956 2714 3020 2773 in

1740 2804 1955 2863 ceteris
1989 2804 2163 2862 libris
2196 2822 2400 2863 omnes
2433 2804 2659 2874 vicerit,
2694 2803 2758 2861 in
2789 2803 3024 2862 cantico

1738 2893 2107 2952 canticorum
2124 2893 2252 2969 ipse
2270 2911 2332 2952 se
2357 2892 2502 2952 vicit
2517 2915 2531 2962 3
2548 2900 2577 2930 ‘
2597 2895 2660 2950 in
2674 2891 2904 2950 Isaiam
2924 2887 3017 2973 (9)

1740 2982 1892 3040 forte
1909 3000 1977 3039 ex
2000 2999 2045 3039 s.
2072 2981 2522 3057 Hieronymi
2558 2980 2842 3050 versione;
2862 2981 3019 3039 hom.

1738 3071 1843 3129 XX
1874 3073 1937 3129 in
1969 3071 2309 3143 Jeremiam,
2356 3088 2508 3144 quae
2552 3086 2758 3146 graece
2809 3087 3022 3144 super-

1741 3163 1885 3219 sunt
1916 3178 1983 3217 ex
2015 3158 2180 3230 XLV,
2215 3176 2364 3234 quas
2396 3158 2702 3219 habuerat.
2747 3157 2860 3216 Eas
2894 3158 3024 3233 pri-

1738 3267 1906 3308 mum
1936 3247 2127 3306 edidit
2156 3248 2220 3307 E.
2254 3248 2807 3306 Klostermann
2837 3246 2903 3304 in
2927 3245 3017 3304 ed.

1737 3337 1964 3397 recenti
2027 3337 2301 3414 Origenis
2351 3341 2394 3397 t.
2426 3336 2530 3398 111.
2581 3335 2737 3393 infra
2785 3335 3027 3394 citanda

1739 3445 1875 3486 cum
1906 3425 2227 3485 uberrimis
2270 3425 2618 3501 fragmentis
2663 3427 2727 3483 in
2764 3425 3020 3483 Threnos

1739 3517 2046 3590 Jeremiae,
2077 3519 2139 3574 in
2171 3517 2228 3574 ll.
2250 3514 2598 3592 IVRequm,
2633 3514 2698 3573 in
2730 3533 2879 3590 quos
2900 3533 3022 3573 una

1738 3607 1975 3664 tantum
2023 3606 2297 3680 superest
2342 3604 2589 3662 homilia
2617 3604 2852 3679 integra
2898 3603 3022 3662 scil.

1739 3696 1803 3752 in
1861 3695 2254 3771 pythonissam
2317 3692 2702 3752 endorensem
2772 3704 2824 3755 1.
2879 3692 3021 3769 Reg.

1740 3916 1880 3973 mini
1931 3917 1990 3971 in
2043 3915 2400 3971 Germaniam
2452 3918 2612 3971 exsul
2661 3915 2861 3969 missus
2920 3919 3022 3968 est.

1743 3991 1865 4058 lpse
1894 4005 2124 4056 quoque
2152 3987 2455 4057 Origenem
2482 3987 2750 4041 incitavit
2789 3991 2855 4039 ut
2893 4003 3019 4039 con-

1738 4063 1829 4113 tra
1858 4059 2077 4115 Celsum
2106 4059 2389 4113 scriberet.
2443 4059 2602 4112 Obiit
2645 4058 2792 4111 circa
2837 4074 2886 4108 a.
2915 4064 3025 4110 250

1738 4135 1798 4184 et
1822 4130 2094 4185 recolitur
2121 4133 2245 4201 ejus
2269 4129 2539 4184 memoria
2583 4129 2643 4184 in
2688 4128 3018 4194 martyrolo-

1738 4204 1834 4272 gio
1870 4205 1948 4259 17.
1995 4203 2188 4255 Martii
2233 4201 2304 4256 cf.
2350 4201 2608 4253 Petere
2651 4199 2764 4251 KL.
2806 4199 2846 4260 l,
2888 4206 3022 4253 l()l·.

1739 4275 1882 4330 Acta
1925 4276 2014 4328 SS.
2048 4277 2126 4331 17.
2173 4273 2338 4325 Mart.
2370 4273 2433 4324 ΙΙ.
2487 4270 2673 4338 Hujus
2717 4269 2862 4321 forte
2890 4269 3020 4321 Am·

1742 4345 1916 4400 brosii
1992 4348 2126 4398 sunt
2185 4349 2611 4411 Hypomnemata
2686 4339 3017 4410 philosophi

1738 4416 2133 4478 Ambrosii,
2171 4415 2383 4481 syriace
2424 4412 2578 4465 edita
2617 4429 2651 4463 a
2693 4413 3022 4464 Curetou

1736 4487 1798 4540 in
1826 4507 1927 4542 suo
1953 4487 2263 4559 Spicilegio
2293 4483 2509 4553 syriaco
2537 4503 2592 4554 p.
2620 4490 2705 4547 38,
2733 4500 2879 4549 quae
2905 4499 3018 4537 non

1736 4562 1983 4615 multum
2009 4558 2284 4611 differunt
2309 4557 2381 4609 ab
2410 4559 2663 4610 Oratione
2688 4557 2759 4608 ad
2780 4571 3014 4622 ymetus,

396 4633 613 4688 dictum
640 4633 911 4702 Origenes
937 4635 1009 4687 ad
1037 4651 1227 4689 veram
1248 4635 1411 4688 fidem
1433 4634 1681 4687 adduxe·
1735 4632 1886 4685 inter
1912 4647 2082 4701 opera
2129 4647 2169 4682 s.
2195 4628 2226 4680 J
2247 4647 2282 4682 u
2301 4647 2326 4680 s
2343 4627 2492 4680 tini
2538 4626 2730 4679 dubia.
2784 4624 2864 4678 Cf.
2891 4624 2939 4676 D
2958 4643 3020 4676 u·

396 4707 486 4757 rat
511 4723 556 4760 c.
584 4722 635 4759 a.
663 4710 785 4762 212.
837 4705 1150 4763 Ordinatus
1190 4709 1275 4759 est
1300 4703 1680 4761 Alexandriae
1737 4721 1771 4754 v
1789 4705 1861 4755 al
1909 4701 1987 4754 La
2039 4700 2382 4754 Litterature
2435 4717 2543 4767 syr.
2593 4695 2826 4749 Parisiis
2884 4702 3020 4752 1899

395 4776 671 4832 diaeonus
697 4780 756 4830 et
778 4779 1011 4848 propter
1037 4777 1202 4832 fidem
1232 4781 1482 4848 tempore
1506 4775 1679 4828 Maxi·
1736 4792 1791 4843 p.
1832 4779 1947 4829 169.
