3505 5161
517 250 642 304 743

511 418 805 478 fidelitate
821 413 885 495 ¹),
922 417 1047 475 stili
1068 417 1363 493 elegantia
1399 415 1525 485 „ita
1555 418 1626 474 ut
1646 415 1793 473 Sue-

509 508 662 566 tonii
694 510 755 565 et
798 506 1112 565 meliorum
1143 506 1505 564 imitatorem
1537 504 1790 580 scripto·

509 617 644 656 rum
689 596 858 654 facile
902 602 1252 672 agnoscas‘‚
1313 594 1444 653 Vita
1481 594 1680 652 Caroli
1709 593 1791 651 M.

504 686 652 762 imp.
704 684 897 744 medio
955 702 1097 743 aevo
1156 683 1587 761 vulgatissima,
1652 682 1792 741 hinc

509 775 755 851 plurimi
801 775 931 848 ejus
977 777 1215 832 exstant
1258 771 1425 834 codd.
1471 791 1615 831 msc.
1686 772 1790 830 Di-

509 864 723 923 stinxit
739 864 906 922 illam
937 862 1002 920 in
1033 862 1225 938 capita
1244 861 1601 920 walafridus
1620 880 1790 937 prae-

508 953 793 1029 misitque
848 952 1164 1028 prologum
1222 951 1572 1027 pretiosum,
1635 969 1788 1025 quae

509 1043 829 1119 praecipua
858 1039 1142 1098 Einhardi
1183 1041 1339 1099 vitae
1371 1039 1493 1097 fata
1522 1039 1788 1116 attingit.

509 1132 691 1207 Saepe
740 1130 859 1188 fuit
907 1129 1084 1198 edita,
1138 1129 1410 1188 Coloniae
1461 1137 1645 1200 1521,
1698 1128 1786 1192 ed.

508 1220 713 1280 Carolo
744 1220 810 1278 V.
843 1218 1057 1288 dicata,
1097 1220 1158 1276 et
1188 1218 1320 1276 aliis
1351 1218 1439 1276 ed.
1474 1218 1705 1276 omissis
1717 1218 1785 1294 2),

505 1310 570 1368 in
601 1309 746 1367 actis
781 1312 876 1369 SS.
909 1307 982 1366 ad
1019 1308 1271 1371 28..Jan.
1303 1306 1380 1376 ΙΙ,
1418 1314 1783 1377 877-888,

505 1397 594 1457 ed.
639 1417 762 1475 par.
795 1398 900 1468 III,
949 1404 1332 1466 493—5033
1378 1397 1536 1454 inter
1580 1396 1784 1471 script.

505 1506 615 1550 rer.
648 1487 841 1546 Germ.
886 1486 950 1544 in
982 1504 1161 1545 usum
1193 1485 1372 1548 schol.
1405 1503 1527 1544 cur.
1559 1486 1785 1543 Pertz

504 1576 1574 1646 Hannoverae18293184531863;
1618 1582 1780 1636 1880

504 1665 593 1725 ed.
647 1676 702 1726 4.
754 1683 876 1724 cur.
928 1664 1201 1733 Waitz3
1254 1664 1506 1740 Migne
1556 1662 1780 1734 XCVII,

509 1764 801 1825 25—62;
861 1754 1069 1812 Jaffe
1120 1753 1185 1811 in
1233 1752 1377 1810 bibl.
1427 1771 1537 1811 rer.
1590 1752 1780 1811 Germ.

504 1854 693 1919 1867.
728 1844 823 1913 IV,
861 1852 1245 1913 487--5063
1278 1860 1401 1900 cur.
1436 1842 1781 1899 Watten-

498 1932 692 2011 ,bach
734 1941 897 1995 1876
939 1931 1003 1989 in
1039 1940 1108 2001 ὃς
1156 1950 1278 1988 cur.
1324 1929 1611 1989 Holder
1654 1930 1779 1988 Fri-

503 2022 681 2099 burgi
722 2029 921 2089 18823
972 2020 1207 2094 saepius
1239 2020 1419 2078 etiam
1450 2019 1782 2098 germanice

502 2129 671 2171 versa
690 2112 761 2168 ut
780 2109 1106 2184 interprete
1126 2110 1175 2167 A
1191 2111 1230 2168 b
1248 2111 1347 2180 el,
1380 2109 1585 2168 Berlin
1611 2118 1637 2170 1
1652 2118 1776 2172 850

500 2200 659 2261 inter
719 2198 1217 2258 Geschichtsschr.
1292 2198 1398 2257 der
1456 2198 1783 2256 deutschen

500 2288 666 2348 Vorz.
686 2286 785 2349 IX.
806 2287 1009 2349 Jahrb.
1041 2292 1084 2346 t.
1125 2299 1147 2349 1
1177 2332 1189 2358 ‚
1225 2287 1456 2364 Lipsiae
1486 2296 1652 2350 1880
1689 2286 1780 2348 ed.

506 2388 561 2439 2.
634 2394 754 2436 cur.
818 2377 1354 2446 Wattenb80h3
1438 2386 1600 2439 1893
1669 2380 1778 2439 etc.

498 2467 799 2541 Epistolae
843 2466 973 2540 ejus
1019 2485 1137 2525 non
1187 2467 1389 2524 carent
1431 2465 1623 2540 pretio
1672 2484 1778 2540 pro

500 2554 749 2614 historia
767 2554 933 2614 illius
954 2554 1274 2631 temporis:
1308 2574 1509 2614 earum
1536 2563 1612 2617 62
1651 2554 1778 2613 edi-

499 2645 589 2703 dit
638 2645 1040 2728 Duchesne
1089 2645 1245 2705 Hist.
1290 2645 1493 2702 Franc.
1545 2661 1654 2707 scr.
1700 2646 1776 2713 11,

501 2743 881 2803 695—7113
923 2734 1174 2810 Migne
1207 2733 1344 2804 clv,
1398 2742 1776 2803 sos—5383

492 2833 580 2898 ep.
619 2834 689 2886 71
733 2822 942 2881 Jaffe
973 2823 1037 2880 in
1067 2823 1213 2881 bibl.
1246 2841 1358 2881 rer.
1389 2822 1454 2883 Gr.
1482 2823 1580 2892 IV,
1619 2832 1776 2885 437-

495 2921 640 2974 486,
673 2947 760 2955 -
792 2911 1168 2970 Tribuuntur
1211 2912 1264 2968 ei
1312 2912 1576 2970 Annales
1623 2908 1776 2993 (sive

490 3001 803 3060 chronicon
834 2996 1039 3082 breve)
1088 3000 1162 3058 ad
1202 3020 1253 3058 a.
1290 3009 1436 3069 829,
1485 3001 1589 3076 qui
1638 3018 1772 3059 cum

487 3091 820 3154 Annalibus
868 3089 1316 3148 laurissensibus
1371 3089 1581 3146 miram
1632 3109 1773 3165 prae

489 3198 551 3238 se
601 3179 804 3238 ferunt
852 3178 1219 3240 affinitatem.
1293 3178 1545 3252 Utrique
1597 3179 1670 3236 ab
1720 3199 1770 3238 a.

492 3277 838 3331 741-—829
881 3267 1255 3344 pertingunt,
1304 3269 1488 3341 atque
1534 3267 1771 3326 easdem

487 3357 607 3416 fere
632 3376 751 3426 ree,
789 3357 1219 3415 sententiarum
1246 3355 1455 3414 ordine
1474 3376 1594 3415 non
1615 3358 1769 3415 mul-

562 3582 598 3649 1)
627 3578 892 3631 Testatur
918 3577 1070 3631 enim
1097 3578 1297 3647 ipsein
1318 3581 1495 3647 praef.
1527 3581 1649 3642 „Ab
1666 3580 1770 3633 hu·

474 3649 732 3720 jusmodi
752 3648 1134 3719 descriptione
1154 3665 1270 3704 non
1292 3651 1617 3705 existimavi
1633 3652 1769 3704 tem-

1371 235 1670 286 801-850,
1693 227 1965 284 Historia.
1992 228 2269 292 Einhard,
2319 268 2327 277 .

3006 246 3131 299 744

1847 418 1976 473 tum
2009 415 2246 475 diverso
2278 418 2333 475 ei
2370 415 2578 492 majori
2617 433 2726 474 sua
2769 417 2954 491 parte,
3004 416 3136 474 scil.

1845 503 1985 562 inde
2018 506 2091 563 ab
2123 506 2332 564 ultimo
2365 523 2476 567 sec.
2517 505 2673 563 VIII.
2705 504 2991 563 decennio
3022 504 3129 563 iis-

1847 593 1983 652 dem
2013 595 2189 670 plane
2226 594 2427 654 verbis
2461 589 2860 677 (paucissimis
2891 596 3132 653 tantum

1846 676 2133 766 exceptis)
2152 686 2458 743 enarrant:
2493 685 2578 742 ita
2595 686 2668 742 ut
2687 684 2781 742 vel
2812 684 3029 742 alteros
3058 702 3130 742 ex

1846 772 2069 845 alteris,
2089 774 2182 833 vel
2215 780 2503 849 utrosque
2534 792 2604 831 ex
2635 773 2935 832 communi
2967 772 3138 832 fonte

1847 862 2199 922 derivandos
2231 882 2358 922 esse
2387 865 2605 938 pateat.
2667 862 2821 920 Hinc
2851 862 3001 920 aliae
3038 862 3128 920 vi-

1843 969 2042 1010 rorum
2091 951 2466 1011 eruditorum
2530 951 2864 1009 sententiae
2881 946 2945 1032 ¹).
3035 952 3131 1009 Ita

1845 1042 2310 1100 controversiam
2344 1042 2566 1099 Pertz
2603 1058 2950 1116 componere
2982 1040 3134 1098 niti-

1843 1131 1977 1187 tur:
2016 1131 2317 1198 ,Annales
2337 1130 2728 1188 laurissenses
2759 1147 2947 1204 usque
2978 1129 3050 1187 ad
3074 1148 3133 1191 a.

1848 1227 1970 1282 788
2013 1219 2082 1277 in
2126 1219 2487 1278 monasterio
2531 1237 2575 1280 s.
2608 1218 2843 1276 Nazarii
2887 1217 3128 1291 (lauris-

1843 1308 2019 1381 sensi,
2045 1308 2285 1379 Lorsch,
2320 1308 2460 1366 inde
2479 1326 2685 1366 eorum
2702 1302 2946 1387 nomen)
2967 1325 3128 1366 com·

1841 1397 2067 1471 positos
2113 1398 2328 1456 ultimo
2374 1415 2487 1455 sec.
2518 1396 2674 1458 VIII.
2723 1396 3005 1454 decennio
3050 1397 3125 1455 ad

1840 1504 2053 1544 manus
2098 1486 2426 1563 Eginhardi
2471 1484 2784 1544 devenisse
2828 1487 2891 1543 et
2934 1485 3009 1543 ab
3053 1503 3130 1543 eo

1839 1575 2284 1634 continuatione
2338 1596 2387 1637 a.
2456 1582 2823 1644 788—-829,
2888 1575 3129 1648 qualem.

1837 1664 2146 1723 annalium
2178 1663 2636 1723 laurissensium
2682 1663 2913 1722 codices
2959 1662 3127 1721 exhi—

1836 1753 1996 1823 bent,
2030 1752 2296 1824 donatos,
2330 1772 2504 1829 opere
2527 1770 2666 1812 vero
2686 1752 2760 1811 ad
2779 1752 2956 1810 finem
2987 1770 3121 1826 per-

1836 1842 2032 1912 ducto,
2065 1842 2320 1918 priorem
2353 1842 2530 1901 etiam
2561 1844 2795 1918 partem
2835 1841 3122 1899 monacho

1837 1930 2114 2001 debitam,
2177 1951 2355 2007 quam
2404 1949 2586 2005 opera
2635 1949 2744 1989 sua
2792 1931 3128 2005 plurimum-

1836 2020 2103 2097 indigere
2169 2020 2580 2091 intellexisset,
2644 2020 2719 2078 ab
2780 2017 3130 2096 Eginhardo

1835 2110 2198 2186 recognitam
2231 2112 2410 2184 atque
2456 2127 2578 2167 una
2621 2126 2757 2167 cum
2802 2109 3116 2167 continua·

1836 2198 2014 2268 tione,
2045 2199 2252 2275 paucis
2273 2198 2471 2258 verbis
2490 2198 2823 2267 immutata,
2858 2215 2968 2255 suo
2999 2196 3122 2256 sub

1835 2287 2073 2346 nomine
2103 2287 2325 2346 editam
2358 2305 2487 2345 esse
2533 2295 2802 2346 censeo.‘
2869 2286 3122 2360 Saepius

1833 2376 2202 2451 prodierunt,
2225 2380 2298 2435 ut
2331 2372 2660 2457 (veteribus
2693 2374 2833 2435 edit.
2863 2369 3130 2453 omissis)

1834 2483 1956 2528 cur.
1990 2465 2216 2524 Pertz
2261 2466 2325 2524 in
2369 2465 2497 2524 MG.
2536 2464 2714 2535 SS.1‚
2771 2473 3112 2527 135—218

1834 2553 1908 2612 ab
1940 2574 1989 2612 a.
2027 2564 2395 2625 749—829,
2444 2554 2549 2613 ubi
2597 2553 2658 2612 in
2692 2572 2813 2612 una
2843 2552 3119 2614 columna

1833 2644 2191 2703 exhibentur
2220 2645 2479 2702 Annales
2509 2643 2902 2702 laurissenses
2943 2646 3005 2700 et
3046 2662 3118 2701 ex

1834 2732 2079 2791 adverso
2097 2735 2359 2792 Annales
2378 2733 2732 2809 Eginhardi;
2766 2732 2850 2790 ita
2880 2732 2968 2789 Mi
2982 2750 3117 2808 gne

1833 2821 1974 2892 CIV,
2011 2831 2393 2892 355—5083
2433 2822 2497 2879 in
2530 2839 2706 2879 usum
2739 2821 2914 2882 schol.
2946 2839 3118 2880 recu-

1830 2909 1922 2968 dit
1952 2912 2181 2970 Pertz
2213 2911 2565 2970 Hannovrae
2611 2918 2766 2972 1845
2804 2914 2945 2977 etc.;
2999 2910 3119 2985 Op·-

1833 3000 2040 3058 timam
2073 3000 2162 3059 ed.
2196 3000 2427 3059 curavit
2458 3000 2706 3058 Kurze
2739 3008 2920 3063 1895.
2953 2999 3120 3057 Alias

1908 3229 1942 3294 ¹)
1971 3224 2054 3279 Cf.
2081 3225 2382 3279 Watten
2403 3225 2593 3278 bach
2620 3225 2658 3277 l.
2685 3241 2729 3277 e.
2756 3233 2784 3290 5
2813 3223 3117 3284 9zSchilz

1825 3313 1882 3364 p.
1913 3302 2052 3360 1-30,
2079 3304 2165 3352 40.
2216 3295 2259 3349 F
2274 3314 2301 3348 r
2317 3313 2347 3349 e
2362 3295 2402 3348 h
2420 3313 2449 3349 e
2466 3313 2494 3348 r
2510 3314 2548 3349 u
2565 3313 2590 3348 s
2631 3297 2823 3363 script.
2852 3295 2921 3348 de
2947 3295 3119 3350 rebus

1826 3367 2003 3421 franc.
2053 3367 2123 3432 ΙΙ,
2174 3374 2274 3424 381
2328 3366 2461 3421 illos
2520 3367 2847 3438 (immerito)
2909 3364 3118 3420 tribuit

1826 3438 1875 3491 A
1893 3439 1929 3492 d
1946 3456 1976 3493 e
1992 3458 2048 3492 m
2064 3455 2097 3491 a
2113 3457 2141 3492 r
2158 3457 2189 3493 o
2227 3439 2587 3509 (Adhemaro,
2615 3439 2912 3503 Autmar0‚
2948 3436 3119 3490 Adel·

1824 3513 1953 3580 mo).
1981 3510 2043 3565 Ο.
2070 3511 2124 3564 S.
2151 3510 2305 3574 Ben.‚
2351 3509 2450 3577 qui
2498 3508 2757 3563 floruerit
2799 3508 2989 3563 Caroli
3017 3507 3110 3572 M..

1824 3583 2096 3650 tempore.
2126 3581 2208 3635 Cf.
2227 3582 2287 3633 R.
2318 3581 2365 3633 D
2384 3598 2415 3634 o
2431 3598 2459 3633 r
2474 3598 2518 3644 r,
2540 3580 2722 3648 quiin
2739 3580 2809 3633 N.
2827 3580 2999 3634 Arch.
3015 3579 3117 3634 der

1825 3651 2131 3707 Gesellsch.
2176 3652 2269 3705 fiir
2294 3653 2391 3706 alt.
2431 3652 2483 3705 d.
2513 3650 2906 3709 Geschichtsk.
2960 3658 3118 3707 1885.

480 3721 817 3792 perandum,
863 3721 1095 3789 quando
1122 3720 1264 3775 mihi
1304 3722 1566 3776 conscius
1591 3738 1766 3784 eram,
1823 3723 1890 3786 X,
1919 3725 2216 3787 240—307,
2256 3723 2478 3779 auctori
2519 3725 2712 3778 nostro
2752 3721 2964 3777 tribuit
2987 3739 3115 3776 con-

480 3792 710 3845 nullum
761 3808 827 3844 ea.
866 3792 1140 3857 veracius,
1186 3809 1358 3859 quam
1400 3810 1487 3846 me
1527 3792 1768 3848 scribere
1824 3795 2208 3848 tinuationem
2253 3797 2326 3848 ab
2368 3811 2416 3849 a.
2445 3798 2760 3853 796—829:
2809 3793 3111 3848 Diinzel-

478 3879 659 3931 posse,
686 3866 876 3932 quibus
889 3864 1013 3932 ipse
1041 3863 1297 3926 interfui,
1330 3880 1591 3932 quaeque
1608 3881 1766 3932 prae·
1824 3884 1871 3918 m
1891 3882 1979 3918 an
1997 3884 2033 3918 n
2060 3882 2193 3919 vero
2221 3865 2296 3922 ib.
2332 3868 2466 3921 1877
2494 3866 2561 3927 11,
2589 3869 2823 3921 477·537
2854 3882 2951 3919 eos
2981 3864 3112 3918 Ein-

476 3951 605 3988 sens
627 3935 868 3998 oculata,
891 3937 959 3987 ut
977 3933 1206 3996 dicitur,
1236 3935 1343 3987 fide
1363 3935 1638 4005 cognovi⁶⁴
1659 3939 1766 3989 etc.
1823 3937 2001 3991 bardo
2029 3954 2259 4007 prorsus
2297 3935 2609 4005 abjudicat.
2651 3970 2717 3978 —-
2761 3936 2806 3988 Ε
2822 3954 2862 3988 n
2877 3937 2915 3989 h
2933 3952 3010 3988 ar
3026 3936 3062 3989 d
3079 3954 3126 3988 o-

553 4009 593 4076 2)
622 4005 702 4061 Cf.
752 4005 1108 4059 Potthast
1151 4012 1257 4062 394
1296 4024 1383 4070 ss.‚
1433 4005 1537 4074 qui
1578 4023 1642 4060 co
1686 4008 1765 4061 io·
1819 4009 2096 4063 monacho
2149 4007 2402 4061 fuldensi
2441 4007 2706 4075 alioquin
2758 4007 2962 4077 ignoto
3013 4008 3111 4059 tri-

477 4076 755 4131 sissimam
775 4076 1135 4130 literaturam
1164 4076 1424 4138 exhibet:
1451 4077 1500 4130 J.
1525 4076 1589 4130 G.

1679 4079 1766 4132 iil-
1822 4081 2078 4134 buuntur
2116 4083 2353 4133 Annales
2377 4082 2640 4146 fuldenses
2679 4085 2752 4132 ab
2777 4095 2831 4131 a.
2859 4084 3122 4141 eso-838..

473 4149 539 4202 le
556 4167 583 4202 r
626 4148 740 4200 KL.
782 4148 876 4210 IV,
923 4153 1028 4202 294
1072 4166 1112 4202 s.
1132 4168 1143 4206 ;
1195 4148 1247 4200 Η
1263 4165 1363 4202 am
1380 4167 1416 4217 p
1433 4165 1462 4200 e
1509 4148 1560 4200 N
1565 4165 1762 4203 eueres
1821 4151 1924 4216 qui
1949 4150 2143 4220 magni
2164 4152 2312 4203 fiunt
2329 4152 2503 4218 atque
2526 4149 2753 4218 saepius
2771 4148 3114 4218 prodierunt

473 4220 642 4273 Arch.
671 4220 770 4272 der
796 4219 997 4271 Gesch.
1023 4219 1117 4270 fiir
1142 4219 1317 4271 altere
1358 4219 1629 4274 deutsche
1658 4221 1758 4273 Ge·
1819 4238 1947 4274 cum
2012 4220 2129 4274 suis
2169 4221 2504 4284 continuat..
2545 4222 2885 4289 praesertim
2934 4220 3112 4289 apud.

473 4290 921 4344 schichtskunde
954 4295 1102 4344 1896.
1132 4290 1277 4352 XXI,
1296 4297 1553 4350 601·631;
1579 4291 1762 4346 wat„
1817 4292 2033 4345 Pertz
2062 4292 2212 4345 Mon.
2244 4294 2282 4355 Ι,
2311 4298 2609 4354 337—415,
2650 4295 2710 4345 et
2750 4309 2986 4361 prorsus
3029 4308 3111 4344 re·

472 4365 594 4414 ten
614 4361 795 4415 bach
824 4360 1243 4413 Deutschlands
1271 4361 1763 4430 Geschichtsquel·
1817 4363 2048 4417 formati
2086 4365 2238 4416 inter
2265 4363 2470 4431 Script.
2498 4379 2603 4416 rer.
2631 4363 2820 4416 Germ.
2849 4363 2909 4417 in
2940 4381 3108 4416 usum

471 4434 566 4486 len
594 4434 633 4496 Ι,
662 4440 693 4486 2
720 4441 747 4497 5
773 4438 837 4491 8ς
866 4432 998 4500 allg.
1027 4431 1079 4486 (1.
1110 4431 1298 4501 Biogr.
1318 4434 1362 4483 V
1369 4474 1382 4496 ‚
1399 4438 1503 4488 759
1522 4453 1534 4492 ς
1552 4433 1762 4486 Ebert
1817 4434 1990 4487 schol.
2018 4434 2283 4504 inscripti
2310 4437 2542 4488 Annales
2565 4437 2837 4502 fuldenses
2863 4436 2969 4488 etc.
2991 4451 3110 4487 cur.

470 4504 524 4556 11
549 4503 587 4556 l.
614 4512 649 4557 4
675 4520 721 4555 c.
749 4509 799 4565 8,
841 4502 938 4568 qui
983 4501 1052 4554 de
1097 4502 1217 4554 viti
1245 4503 1436 4557 Caroli
1461 4503 1634 4557 dicit:
1686 4503 1760 4557 Es
1817 4505 1865 4556 K
1883 4523 1919 4557 u
1937 4508 2047 4558 rtz
2065 4507 2503 4569 e,flannoverae
2523 4505 2824 4560 1891.Jam
2844 4521 3110 4559 veronen

470 4572 819 4635 bezeichnet‚
864 4573 1262 4627 iusbesondere
1315 4574 1374 4629 in
1423 4574 1523 4626 der
1567 4574 1758 4636 Proser,
1815 4577 2038 4640 desunt,
2081 4577 2182 4644 qui
2222 4576 2549 4631 Enhardum
2591 4593 2790 4631 eorum
2818 4579 3113 4632 auctorem

471 4644 650 4696 durch
680 4643 874 4696 seinen
896 4643 1294 4711 sprachlichen
1316 4645 1620 4698 Ausdruck
1647 4646 1758 4698 den
1815 4648 2057 4700 eundem
2109 4665 2224 4710 esse
2276 4651 2488 4718 putant
2536 4664 2664 4702 cum
2717 4647 2762 4700 Ε
2779 4648 2801 4701 i
2816 4666 2856 4700 n
2871 4649 2911 4700 h
2929 4663 3007 4701 ar
3023 4648 3059 4701 d
3076 4664 3114 4701 o

472 4714 827 4781 Hohepunkt
852 4715 950 4766 der
970 4713 1316 4768 klassischen
1335 4716 1573 4770 Studien
1600 4718 1759 4785 jener
1815 4722 2024 4774 nostro,
2071 4717 2152 4772 Cf.
2181 4718 2223 4770 P
2242 4736 2272 4772 o
2292 4722 2316 4772 t
2333 4719 2407 4771 th
2426 4735 2459 4772 a
2476 4736 2500 4772 s
2517 4721 2542 4771 t
2565 4738 2622 4789 p.
2650 4724 2719 4776 67
2738 4741 2749 4778 ς
2778 4718 2852 4771 W
2868 4734 2902 4771 a
2920 4721 2946 4770 t
2962 4721 3031 4772 te
3049 4740 3113 4774 n-

471 4783 609 4834 Zeit.
1818 4791 1996 4842 bach
2026 4807 2117 4859 op.
2145 4789 2241 4846 cit.
2267 4793 2308 4843 t.
2339 4791 2378 4853 Ι,
2408 4790 2458 4842 11
2483 4799 2510 4857 ς
2542 4798 2621 4846 13.
