3505 5161
379 216 493 271 301
1303 208 1306 212 *
1556 196 1862 257 Nicetes..
1977 251 1981 255 -
2153 213 2158 219 ·
2369 262 2372 267 .
2867 216 2992 272 302

501 393 644 445 165.
694 382 1010 451 ,Niceas
1052 381 1339 459 (Nicetes,
1392 383 1654 455 Nicoma,
1711 383 2009 444 sententia
2069 383 2313 443 videtur
2361 385 2755 460 praeferenda.
2819 387 2997 446 Hisce

374 470 661 541 Nicetius,
688 470 935 531 Nicaeae
959 466 1096 552 etc.)
1118 471 1499 533 Romatianae
1517 467 1656 555 (Re-
1711 472 2011 550 opusculis
2058 472 2197 532 addi
2228 472 2406 533 debet
2435 476 2728 534 tractatus
2759 476 2996 553 elegans

375 560 674 620 mesianae
704 561 770 619 in
802 557 1004 644 Dacia)
1036 561 1297 621 civitatis
1345 562 1655 639 episcopus
1714 558 1777 643 (a
1805 562 1953 621 Mai
1985 565 2258 636 repertus
2290 564 2352 621 et
2395 560 2621 645 editus)
2652 565 2723 623 de
2752 565 2997 624 diversis

374 650 709 725 composuit
752 650 1007 727 simplici
1055 652 1118 710 et
1164 651 1357 711 nitido
1388 670 1657 712 sermone
1711 651 2194 726 appellationibus
2251 652 2320 709 D.
2364 650 2439 711 N.
2471 651 2530 716 J.
2575 652 2808 712 Christo
2857 671 2995 714 con-

372 758 470 798 sex
502 739 980 815 competentibus
1026 740 1099 798 ad
1148 741 1512 818 baptismum
1563 743 1654 799 in·
1710 741 2117 802 venientibus.
2151 741 2475 809 ,Doctrina
2505 741 2749 802 Nicetae
2767 763 2920 819 pura
2936 746 2999 803 et

371 829 707 891 emtionis
755 829 1008 900 libellos,
1061 828 1124 889 in
1174 830 1393 905 quibus
1424 830 1655 907 primus
1711 831 1949 907 integra
1966 834 2073 900 est,
2090 830 2176 888 ita
2205 830 2342 889 Fes
2360 848 2388 889 s
2409 830 2596 891 lor-J
2609 850 2706 891 un
2721 851 2996 908 gmann

372 917 657 988 continet,
722 918 982 993 qualiter
1043 936 1106 976 se
1169 918 1423 979 debeant
1483 938 1656 994 agere
1713 917 1764 986 §¹
1784 928 1931 993 221,
1964 920 2143 979 stilus
2166 919 2417 995 simplex
2438 921 2498 979 et
2531 920 2780 991 nitidus,
2812 921 2995 981 dictio

372 1010 792 1083 competentes,
843 1008 951 1083 qui
983 1006 1055 1065 ad
1088 1007 1374 1084 baptismi
1404 1008 1656 1085 gratiam
1711 1009 1911 1067 brevis
1945 1008 2127 1068 simul
2148 1011 2209 1067 et
2227 1009 2557 1085 perspicua.
2573 1016 2600 1047 ⁸
2635 1010 2998 1071 Pr0dierunt

373 1096 631 1173 cupiunt
691 1097 1001 1173 pervenire
1062 1092 1263 1178 (cujus
1328 1100 1659 1173 supersunt
1711 1099 1853 1157 haec
1868 1097 2162 1174 opuscula
2174 1097 2453 1174 diligenti
2468 1116 2611 1158 cura
2641 1116 2771 1158 can.
2789 1100 2995 1159 Brai-

375 1189 633 1262 quatuor
663 1181 1040 1268 fragmenta),
1077 1186 1377 1246 secundus
1424 1188 1493 1245 de
1519 1205 1656 1264 yen-
1711 1187 1819 1257 da,
1869 1187 2038 1247 Utini
2077 1197 2239 1251 1810
2292 1186 2358 1245 in
2392 1197 2461 1257 43
2512 1191 2574 1247 et
2622 1189 2784 1253 eard.
2835 1189 2996 1259 Mai,

378 1275 601 1334 talitatis
632 1275 945 1345 erroribus,
997 1276 1061 1334 in
1110 1293 1227 1350 quo
1277 1275 1501 1337 indicat
1548 1295 1657 1336 suo
1711 1276 1930 1336 Romae
1972 1285 2134 1339 1827
2171 1275 2236 1334 in
2271 1286 2345 1347 4.,
2379 1295 2587 1336 recusa
2617 1277 2680 1336 in
2713 1279 2843 1352 ejus
2876 1279 2996 1336 col·-

377 1382 526 1439 pene
596 1367 861 1440 tempore
936 1363 1285 1440 Melgidium
1361 1365 1656 1440 quendam
1713 1365 1844 1427 lect.
1895 1383 2049 1424 nova
2099 1364 2313 1440 Script.
2362 1369 2481 1427 vet.
2527 1362 2632 1425 Vll
2681 1386 2741 1441 p.
2799 1377 2822 1428 1
2863 1386 2997 1443 pag.

376 1456 601 1529 patrem
662 1452 921 1514 familias
981 1452 1057 1512 ob
1105 1453 1543 1525 liberalitatem,
1596 1456 1657 1513 et
1716 1463 2019 1518 314-—40
2072 1456 2134 1512 et
2182 1454 2249 1512 in
2292 1453 2545 1531 Migne
2594 1457 2657 1513 P.
2688 1455 2751 1513 L.
2797 1460 2842 1517 t.
2873 1455 2995 1524 LII,

375 1540 695 1601 Gadarium
713 1542 1010 1601 rusticum
1041 1542 1117 1601 ob
1150 1542 1564 1603 fortitudinem
1581 1542 1656 1602 ab
1716 1552 2018 1607 847-76
2075 1539 2238 1624 (cum
2287 1542 2426 1604 diss.
2479 1543 2540 1603 P.
2591 1542 2874 1602 Braida
2917 1543 2996 1602 ib.

374 1630 629 1691 ethnicis
705 1631 865 1689 inter
939 1632 1080 1690 deos
1139 1632 1394 1691 relatum
1458 1628 1656 1715 (cujus
1716 1628 2157 1707 875—1155).
2199 1632 2447 1691 Morin
2477 1632 2595 1707 ipsi
2625 1632 2805 1691 etiam
2834 1650 2995 1691 asse·

374 1739 565 1780 unum
579 1722 776 1781 exstat
788 1717 1214 1799 fragmentum)
1234 1742 1248 1791 ;
1271 1721 1489 1781 tertius
1504 1721 1659 1781 liber
1711 1740 1842 1781 rere
1872 1721 2094 1781 nititur
2106 1717 2154 1803 ι)
2200 1723 2270 1779 de
2298 1718 2511 1797 viyiliis
2538 1739 2833 1780 servorum
2865 1721 2992 1798 Dei,

371 1811 441 1868 de
469 1810 584 1884 fide
603 1808 812 1869 unicae
829 1809 1160 1885 majestatis
1178 1805 1324 1891 (quo
1344 1810 1496 1871 forte
1514 1828 1656 1869 con-
1712 1813 1776 1869 et
1804 1812 1874 1870 de
1894 1811 2259 1885 psalmodiae
2277 1810 2421 1870 bono
2451 1807 2542 1892 (in
2562 1811 2761 1869 Revne
2782 1810 2996 1869 Bened.

370 1899 648 1957 tinentur
678 1898 798 1958 duo
827 1902 902 1956 tr.
937 1898 1041 1973 qui
1073 1899 1265 1958 adhuc
1300 1903 1654 1976 supersunt:
1722 1908 1905 1963 1897.
1927 1900 2076 1968 XIV,
2104 1909 2181 1962 38
2193 1908 2469 1969 5-—397‚
2492 1899 2600 1958 ubi
2627 1899 2869 1959 libellus
2902 1899 2998 1958 hic

370 1989 440 2046 de
470 1989 705 2047 ratione
747 1988 900 2062 fidei,
946 1991 1010 2046 et
1051 1988 1121 2046 de
1151 1988 1415 2063 Spiritus
1460 2008 1509 2048 s.
1545 2006 1656 2064 po-
1715 1989 1976 2065 primutn
1995 1988 2230 2064 integer
2248 1983 2575 2069 comparet)
2599 1988 2864 2063 alioquin
2883 1987 2997 2048 sub

371 2073 618 2159 tentia),·
677 2082 927 2151 quartus
971 2077 1248 2136 adversus
1292 2076 1656 2156 yenathliolo-
1715 2078 1938 2137 Nicetii
2000 2077 2352 2136 trevirensis
2429 2077 2669 2137 nomine
2718 2078 2995 2154 vulgatos

368 2169 530 2243 qiam
562 2160 760 2247 (cujus
810 2166 961 2225 nihil
1011 2162 1342 2248 superest);
1406 2167 1657 2243 quintus
1715 2162 1953 2249 (Mign
1972 2185 2003 2225 e
2049 2166 2304 2237 LXVIII,
2353 2162 2762 2249 365—376);
2825 2168 2995 2244 hym-

371 2257 443 2313 de
471 2256 722 2331 symbolo
751 2249 947 2336 (quil.
967 2255 1216 2330 pulcher
1233 2255 1429 2315 adhuc
1445 2274 1657 2332 super·
1714 2276 1864 2315 num
1901 2257 1975 2315 Te
2007 2255 2195 2315 Deum
2227 2256 2538 2316 laudamus
2558 2255 2700 2319 diss.
2722 2256 2800 2316 ib.
2828 2267 2995 2320 1894

372 2349 465 2403 est
510 2344 710 2407 editus
762 2364 798 2402 a
828 2344 979 2406 card.
1046 2345 1365 2423 Borgia‚
1428 2345 1659 2405 Patavii
1713 2366 1768 2421 p.
1807 2355 2064 2409 49-77
2101 2348 2161 2403 et
2199 2354 2565 2409 337-345.
2617 2348 2680 2405 et
2709 2346 2998 2405 celebrem

389 2444 567 2503 1799,
598 2433 800 2510 Migne
830 2433 952 2503 LII,
978 2442 1359 2505 865—8743
1394 2438 1456 2495 et
1487 2452 1657 2494 accu-
1711 2439 1785 2492 tr.
1832 2436 1902 2494 dc
1947 2437 2325 2493 sacramentis
2369 2435 2481 2494 sub
2527 2451 2571 2499 s.
2607 2434 2996 2495 Ambrosii

379 2526 531 2588 rate,
570 2542 603 2582 a
664 2522 982 2600 Caspai-i
1056 2523 1658 2584 kirchenhistorische
1709 2524 1952 2607 nomine
1985 2524 2311 2601 vulgatum,
2361 2523 2521 2583 inter
2564 2527 2768 2584 nostra
2798 2541 2997 2601 opusc.

374 2611 703 2686 Anekdota,
736 2612 1100 2672 Christiania
1138 2622 1324 2677 1883.
1353 2614 1402 2684 Ι,
1440 2623 1655 2678 341-—
1713 2614 1817 2673 sel.
1852 2631 1929 2673 ss.
1963 2613 2073 2672 PP.
2108 2612 2389 2680 xvxvn,
2436 2623 2684 2685 4-85;
2750 2614 2999 2691 Migne

374 2698 567 2783 360);
601 2704 805 2761 sextus
837 2703 906 2761 de
935 2704 1075 2780 aqui
1100 2698 1398 2778 paschalis
1429 2705 1657 2763 victima
1709 2702 1860 2772 XVI,
1901 2714 1973 2765 41
1991 2712 2200 2766 7—-46
2214 2713 2266 2766 5.

371 2786 504 2870 (qui
534 2786 765 2872 periit).
828 2791 1006 2850 Dedit
1049 2794 1111 2850 et
1150 2793 1230 2850 ad
1274 2793 1506 2868 lapsam
1536 2794 1654 2852 vir-

365 2882 560 2956 qinem
621 2879 914 2949 libellum,
975 2880 1254 2940 omnibns
1312 2882 1656 2941 labentibus
1801 2879 1871 2939 In
1905 2898 1933 2939 s
1959 2899 2038 2939 ac
2055 2880 2163 2939 ris
2213 2880 2487 2939 literis
2536 2879 2999 2955 interpretandis

368 2969 802 3029 emendationis
888 2969 1256 3029 incentivum
1275 2966 1321 3052 ¹)
1339 2991 1354 3029 ε
1371 2979 1399 3009 ‘
1480 2989 1654 3045 quem
1717 2972 1957 3046 praeter
2000 2972 2199 3044 patres
2242 2968 2637 3045 gravissimos,
2684 2987 2835 3043 quos
2870 2970 2998 3044 jam

368 3058 577 3134 plures
608 3060 902 3134 putarunt
924 3077 1055 3117 esse
1075 3060 1113 3117 l.
1134 3060 1205 3118 de
1220 3060 1393 3135 lapsu
1412 3062 1657 3135 virginis
1714 3057 2113 3126 laudavimus,
2148 3076 2194 3118 s.
2215 3059 2252 3116 J
2256 3076 2305 3120 0.
2338 3058 2379 3115 C
2396 3057 2435 3115 h
2449 3076 2481 3114 r
2496 3075 2576 3134 ys
2592 3075 2626 3115 o
2643 3074 2672 3115 s
2688 3060 2717 3115 t
2733 3076 2767 3116 o
2784 3078 2845 3115 m
2860 3077 2901 3116 u
2917 3077 2994 3129 m,

368 3154 733 3206 consecratae
762 3148 1168 3207 Ambrosio
1206 3148 1431 3225 passim
1460 3149 1655 3208 tribu·
1711 3146 2835 3223 Hieronymum,Augustinum
2867 3165 2997 3205 ver-

367 3241 520 3307 tum,
556 3236 659 3295 sed
692 3237 937 3296 Morin
968 3241 1167 3296 censet
1196 3256 1333 3297 eum
1366 3256 1496 3297 esse
1535 3240 1656 3311 epi·
1712 3236 1829 3294 sati
1888 3239 2199 3312 praeterea
2260 3231 2495 3316 sunt²):
2560 3234 2997 3294 Theodorus

368 3327 577 3384 stolam
607 3327 680 3383 ad
711 3326 937 3402 lapsam
969 3326 1263 3403 virginem
1294 3347 1330 3385 a
1361 3345 1423 3386 se
1455 3345 1654 3402 reper-

367 3419 494 3474 tam
525 3416 588 3473 et
619 3414 856 3477 editam.
919 3415 999 3473 cf.
1033 3416 1233 3475 Revue
1272 3415 1655 3476 Bene-dictiue
2030 3477 2041 3487 ,

1794 3483 1828 3548 ¹)
1856 3477 1940 3531 cf.
1967 3481 2140 3532 etiam
2165 3480 2232 3531 A.
2260 3477 2322 3531 E.
2349 3477 2448 3530 Bu
2466 3495 2548 3531 rn
2590 3480 2679 3532 An
2711 3479 2999 3532 Introduc-

371 3511 541 3650 3897
577 3523 634 3579 p.
666 3512 1037 3630 ἐξῆ-202.
1095 3504 1206 3562 Sed
1231 3505 1357 3581 jam
1391 3508 1484 3564 est
1516 3523 1653 3564 con·
1712 3549 1836 3605 tion
1862 3553 1920 3602 to
1951 3549 2046 3603 the
2074 3548 2276 3604 effode
2295 3549 2411 3603 and
2432 3552 2490 3604 to
2513 3550 2611 3603 the
2635 3549 2746 3612 „Te
2763 3549 2998 3614 Deum,

398 3609 658 3651 roversia
693 3587 737 3677 )‚
786 3612 931 3652 num
962 3612 1166 3652 revera
1196 3594 1339 3652 haec
1369 3596 1657 3670 opuscula
1711 3621 1948 3676 London
1998 3627 2164 3680 1899:
2215 3619 2731 3676 Wordsworth
2769 3625 2875 3678 art,
2920 3622 2997 3675 Te

374 3681 494 3739 sint
553 3682 737 3757 hujus
800 3681 1061 3753 Nicetes,
1126 3683 1233 3758 qui
1295 3683 1414 3741 fuit
1475 3683 1654 3744 etiam
1709 3692 1892 3746 Deum
1920 3691 1984 3745 in
2009 3691 2060 3747 J.
2087 3691 2352 3747 Julian
2378 3691 2714 3761 Dictionary
2741 3693 2806 3747 of
2826 3693 2997 3761 Hym-

374 3771 595 3829 amicus
630 3788 674 3832 s.
708 3770 1024 3830 Paulini
1074 3771 1307 3841 Nolani,
1343 3791 1417 3831 an
1448 3773 1653 3847 potius
1709 3764 1942 3833 ³01083'2
1970 3763 2207 3819 London
2235 3769 2372 3820 1892
2399 3783 2454 3833 P·
2487 3771 2854 3820 1119—1134.

371 3859 426 3917 N
441 3860 460 3917 i
476 3863 596 3918 cet
609 3878 644 3917 a
658 3877 690 3917 e
723 3878 816 3935 ep.
852 3860 1236 3935 aquilejensis
1268 3855 1332 3943 (†
1355 3856 1538 3941 485),
1559 3862 1654 3920 vel
1711 3833 2070 3976 (Τῖὲῶἓῐῖῧῗο
2085 3835 2193 3974 {latit
2221 3834 2663 3960 {Zrtidopltzssieltit'l'
2674 3835 2867 3969 {1930
2878 3832 2998 3961 anoir}

368 3949 564 4007 nescio
626 3950 796 4025 cujus
859 3948 913 4007 N
931 3949 1085 4008 500ss
1101 3968 1182 4008 ὅθ
1242 3950 1405 4028 galli·
1487 3950 1656 4009 Prior
1709 3975 1947 4048 ingenio
1974 3981 2034 4032 et
2058 3977 2222 4032 uberi
2249 3978 2477 4047 eloquio
2515 3977 2618 4048 (ita
2644 3977 2692 4030 A
2710 3995 2749 4030 u
2765 3996 2857 4047 gu
2876 3996 2900 4030 s
2917 3977 2996 4030 ti-

1711 4067 1805 4102 nu
1825 4066 1850 4100 s
1890 4051 2090 4102 contra
2134 4065 2222 4118 ep.
2251 4047 2619 4102 Parmeniani
2644 4049 2687 4112 1,
2717 4050 2784 4118 l),
2824 4048 2995 4102 dona-

448 4125 485 4176 ¹)
514 4118 601 4171 Ita
627 4119 676 4173 G
692 4134 879 4175 suna
896 4120 930 4172 d
947 4120 969 4174 i
985 4137 1065 4173 us
1091 4121 1162 4174 de
1187 4119 1326 4174 viris
1351 4119 1433 4176 ill.
1459 4137 1505 4174 c.
1533 4128 1620 4176 22.
1710 4120 1849 4173 tiata
1874 4118 2125 4188 quidem,
2168 4119 2264 4172 sed
2291 4119 2561 4174 factionis
2600 4121 2783 4187 magis
2808 4119 2994 4173 mode-

443 4193 484 4260 11)
513 4188 595 4243 De
621 4207 738 4258 qua
762 4192 833 4247 cf.
876 4191 1367 4246 Fessler-Jun
1436 4207 1656 4247 mann
1710 4194 1870 4246 ratae
1914 4194 1961 4260 (†
1986 4207 2032 4244 c.
2060 4195 2203 4250 4091.
2258 4189 2500 4249 ..Contra
2540 4189 2886 4252 Donatistae,
2914 4190 2996 4243 in-

368 4271 395 4324 §
424 4265 559 4322 221:
587 4261 627 4315 C
643 4278 723 4316 za
738 4282 775 4333 p
792 4263 815 4317 l
830 4279 864 4315 a
889 4261 951 4316 in
967 4264 1265 4318 comment.
1281 4263 1354 4316 ad
1371 4211 1658 4317 gennadii
1712 4261 1845 4330 quit
1883 4279 1925 4316 s.
1952 4263 2002 4315 A
2019 4280 2056 4315 u
2073 4281 2111 4332 g
2128 4280 2165 4314 ιι
2184 4279 2208 4314 s
2229 4264 2254 4314 t
2269 4260 2290 4315 i
2308 4280 2343 4313 n
2361 4279 2398 4314 u
2416 4279 2440 4314 s
2480 4261 2550 4315 de
2595 4260 2771 4316 doctr.
2801 4261 2995 4316 christ.

368 4348 416 4386 c.
445 4337 531 4395 22,
558 4332 663 4401 qui
687 4350 752 4387 co
797 4333 979 4389 iosam
997 4334 1068 4389 de
1090 4351 1156 4387 ea
1177 4333 1536 4389 literaturam
1566 4350 1655 4388 ex·
1713 4334 1809 4398 III,
1835 4339 1922 4396 30,
1961 4332 2335 4388 invictissime
2374 4330 2618 4403 scripsit,
2645 4350 2774 4386 cum
2803 4331 2995 4386 fuerit.

370 4403 566 4462 hibet:
591 4404 637 4457 B
651 4421 686 4458 a
700 4422 730 4458 r
797 4422 827 4460 e
843 4427 883 4462 n
896 4406 936 4458 h
954 4421 984 4460 e
1001 4423 1052 4458 w
1070 4423 1098 4459 e
1114 4423 1142 4458 r
1167 4415 1195 4471 θ
1222 4412 1292 4462 90
1309 4423 1363 4461 n.
1384 4413 1447 4462 12
1465 4409 1525 4461 et
1542 4405 1654 4459 KL.
1711 4405 2044 4460 Donatista:
2069 4407 2129 4459 et
2148 4405 2267 4459 illic
2288 4403 2581 4458 invenitur
2600 4403 2997 4457 absurdissimi

371 4474 467 4538 IX,
494 4481 803 4535 263-266;
857 4476 1088 4548 Hflmp
1106 4478 1172 4531 el
1197 4477 1428 4534 Nicetes
1456 4477 1516 4530 B.
1543 4494 1657 4531 von
1711 4477 1916 4542 cordis,
1944 4476 2044 4530 ubi
2070 4492 2164 4531 eos
2190 4492 2306 4529 non
2334 4474 2491 4529 omni
2531 4491 2598 4528 ex
2643 4477 2802 4544 parte
2829 4475 2996 4529 relin-

370 4544 723 4611 Remesiana,
775 4547 949 4603 Erlan
991 4564 1063 4603 en
1116 4554 1253 4604 1895
1274 4570 1286 4609 ς
1337 4549 1434 4602 sed
1477 4550 1549 4605 cf.
1600 4553 1659 4603 et
1711 4565 1887 4617 quere
1913 4547 2145 4603 voluit.“
2203 4547 2309 4603 Hic
2349 4545 2635 4616 specimen
2675 4544 2838 4599 dedit
2874 4547 2996 4600 her-

370 4615 470 4670 Ka
488 4619 653 4672 tten
671 4620 761 4674 bu
779 4620 905 4676 sch
976 4620 1126 4674 heol.
1155 4619 1264 4673 Lit.
1296 4627 1434 4677 1896
1496 4661 1509 4673 .
1531 4622 1656 4676 297-
1710 4619 2068 4675 meneuticae
2093 4618 2154 4676 in
2181 4619 2330 4674 libro
2356 4621 2419 4672 de
2460 4627 2652 4686 septem
2684 4620 2883 4685 royulis
2920 4617 2994 4670 ad

371 4693 493 4752 303,
520 4690 624 4759 qui
649 4691 711 4747 in
737 4691 1030 4748 nonnullis
1056 4692 1130 4747 ab
1155 4689 1244 4754 iis,
1273 4707 1420 4759 quae
1489 4709 1517 4746 e
1558 4691 1655 4744 Ni·
1711 4691 2167 4760 investigandam
2208 4691 2267 4744 et
2321 4689 2723 4743 inveniendam
2774 4688 2995 4759 (saltem

373 4762 497 4814 ceta
521 4762 792 4827 diximus,
820 4762 1101 4819 dissentit.
1711 4780 1778 4816 ex
1819 4765 2001 4834 parte)
2068 4760 2518 4832 intelligentiam
2572 4760 2995 4831 Scripturarum
