3505 5161
364 220 441 274 ’Π
1459 203 1511 257 S.
1540 202 1877 274 Cyprianus.

2915 222 2994 276 ‘78

362 389 735 465 superfluum
754 391 848 448 est
866 389 1118 448 indicem
1138 394 1355 462 texere,
1376 406 1512 448 cum
1528 391 1650 448 sole
1705 390 1988 457 collectio,
2022 390 2243 464 quibus
2275 389 2612 465 probentur
2641 390 2850 466 populi
2889 391 2993 466 Ju-

363 478 611 537 clariora
629 478 756 537 sint
778 479 910 554 ejus
931 497 1125 554 opera.
1160 478 1399 537 Maximi
1418 497 1652 553 semper
1706 478 1860 537 daici
1888 478 2242 553 reprobatio,
2266 478 2483 537 Christi
2502 479 2794 537 adventus
2812 482 2875 538 et
2893 499 2992 538 ex-

361 567 553 627 factus
604 569 701 626 est
744 568 806 625 in
854 567 1115 627 Ecclesia
1158 572 1222 627 et
1263 588 1299 626 a
1341 568 1650 645 theologis.
1707 568 1985 626 hibeatur
2016 567 2323 643 speculum
2370 568 2444 625 ad
2488 585 2683 626 mores
2717 568 2988 627 christia-

362 657 417 720 S.
451 656 955 733 Augustinus
1005 676 1142 715 eum
1188 658 1334 716 citat
1377 675 1512 715 cum
1546 675 1651 715 en·
1705 675 1815 715 nos
1847 656 2202 716 formandos.
2235 690 2321 700 —
2355 658 2591 716 Aureus
2623 660 2717 715 est
2748 658 2990 715 libellus

362 746 549 804 comio
583 745 840 804 doctoris
886 746 970 821 pii
1012 750 1074 805 et
1118 746 1373 817 humilis,
1408 746 1647 823 egregii,
1705 746 1775 803 de
1789 747 2077 805 Ecclesiae
2091 747 2402 805 catholicae
2415 748 2634 804 unitate
2656 741 2860 827 (etiam
2878 747 2992 804 sub

362 833 775 912 gloriosissimi
806 838 869 894 et
888 834 1232 907 dulcissimi,
1267 838 1328 894 et
1346 835 1525 894 etiam
1544 836 1653 894 ubi
1703 836 1885 894 titulo
1948 836 2020 894 de
2083 835 2459 911 simplicitate
2502 835 2909 912 praelatorum
2959 855 2993 893 a

360 925 432 982 ab
465 924 597 999 ejus
628 924 853 983 recedit
883 926 1196 999 sententia,
1230 925 1483 984 maxima
1515 944 1646 983 cum

359 1013 694 1071 reverentia
738 1013 811 1071 de
855 1031 923 1072 eo
983 1013 1270 1090 loquitur.
1333 1014 1562 1073 Lacte
1580 1033 1650 1071 n-

359 1102 522 1160 tius
554 1102 754 1161 instit.
785 1102 901 1162 div.
935 1101 1002 1173 V,
1047 1114 1069 1165 1
1111 1103 1200 1162 ita
1231 1105 1302 1161 de
1323 1122 1390 1161 eo
1411 1103 1647 1161 scribit:

362 1191 549 1259 ,Erat
610 1192 770 1249 enim
831 1192 1073 1269 ingenio
1136 1192 1311 1262 facili,
1390 1192 1647 1268 copiose,

360 1280 547 1350 suavi,
601 1286 663 1339 et
725 1299 878 1355 quae
928 1282 1217 1340 sermonis
1260 1282 1512 1340 maxima
1561 1285 1651 1339 est

358 1369 570 1440 virtus,
604 1372 828 1444 aper-tc,
861 1374 933 1428 ut
951 1370 1283 1429 discernere
1301 1389 1422 1429 non
1449 1389 1647 1446 queas,

358 1460 567 1517 utrum
598 1459 868 1530 ornatior
897 1459 962 1517 in
993 1460 1344 1535 eloquendo,
1385 1479 1463 1518 an
1508 1460 1649 1518 faci-

360 1547 475 1606 lior
502 1548 570 1606 in
603 1547 971 1623 explicando,
1002 1567 1078 1607 an
1111 1550 1412 1623 potentior
1429 1549 1493 1607 in
1511 1568 1645 1625 per-

359 1635 663 1695 suadendo
713 1637 909 1696 fuerit.
928 1645 954 1674 ⁴¹
1015 1638 1092 1695 Et
1121 1656 1325 1697 revera
1357 1639 1515 1697 inter
1545 1657 1649 1714 pa-

359 1727 480 1783 tres
532 1726 1054 1801 eloquentissimos
1103 1728 1403 1787 numerari
1439 1727 1646 1785 debet:

356 1814 718 1890 quandoque
751 1815 849 1874 vel
880 1815 1176 1874 Ciceronis
1227 1816 1479 1892 attingit
1528 1816 1647 1874 elo·

357 1904 685 1977 quentiam‚
736 1905 982 1979 ejusque
1027 1905 1248 1980 scripta
1297 1906 1456 1963 lectu
1504 1913 1650 1963 sunt

350 1992 811 2067 jucundissima,
876 2012 1027 2067 quae
1088 1994 1368 2052 lectorem
1430 1994 1648 2051 blande

358 2085 604 2139 movent
637 2084 700 2140 et
730 2083 1087 2140 accendunt:
1120 2083 1281 2141 unde
1314 2084 1528 2142 merito
1575 2082 1646 2140 de

359 2187 425 2227 eo
458 2170 676 2228 scribit
709 2189 753 2228 s.
787 2171 1312 2247 Hieronymus
1345 2192 1434 2248 ep.
1460 2181 1538 2234 58
1574 2171 1647 2229 ad

357 2259 680 2318 Paulinum
726 2278 773 2317 c.
833 2271 941 2322 10:
1008 2261 1270 2328 ,Beatus
1322 2261 1648 2336 Cyprianus

358 2347 553 2406 instar
582 2347 770 2406 fontis
801 2348 1106 2424 purissimi
1134 2349 1327 2408 dulcis
1347 2350 1570 2408 incedit
1589 2353 1650 2407 et

358 2436 643 2511 placidus.
658 2445 686 2476 ⁴¹
721 2438 846 2496 Imo
868 2437 1021 2496 idem
1044 2456 1090 2496 s.
1108 2438 1313 2498 doctor
1331 2439 1494 2497 inter
1522 2457 1648 2496 mo·

359 2525 484 2584 nita
514 2525 734 2586 Laetae
784 2526 1191 2587 nobilissimae
1242 2528 1491 2588 feminae
1542 2546 1648 2604 pro

358 2615 744 2675 institutione
788 2634 928 2675 snae
971 2617 1125 2675 filiae
1171 2636 1259 2693 ep.
1316 2628 1431 2680 107
1482 2635 1530 2675 c.
1573 2627 1646 2679 12

360 2704 514 2775 data,
549 2708 614 2764 et
645 2706 757 2763 hoc
785 2705 1080 2764 inculcat:
1116 2705 1436 2783 ,Cypriani
1470 2724 1649 2780 opus-

360 2794 493 2852 cula
523 2812 759 2869 semper
787 2795 851 2853 in
884 2814 1065 2853 manu
1092 2799 1356 2854 teneat.‘

452 2981 552 3034 35.
587 2972 748 3029 Haec
778 2972 1043 3046 ejusdem
1064 2973 1382 3048 opuscula:
1418 2971 1506 3029 De
1527 2972 1647 3030 ido-

1705 925 2023 1001 Fnlgentio
2074 924 2148 983 de
2196 925 2421 983 remiss,
2471 942 2624 1000 pecc.
2679 926 2716 982 1.
2758 934 2783 986 1
2826 943 2872 983 c.
2908 932 2984 986 21

1704 1008 2046 1095 allegatus),
2083 1014 2340 1089 scriptus
2373 1033 2422 1074 a.
2462 1024 2578 1076 251
2618 1032 2726 1089 per
2751 1013 2992 1073 modum

1704 1103 2131 1161 exhortationis
2194 1103 2444 1161 efficacis
2506 1103 2577 1160 ad
2629 1102 2992 1161 confessores

1703 1211 1979 1251 romanos
1993 1193 2296 1251 occasione
2309 1191 2646 1250 schismatis
2658 1192 2712 1250 N
2716 1192 2991 1253 ovatiani.

1704 1314 1794 1323 -
1842 1282 1930 1339 De
1978 1283 2159 1356 lapsis
2208 1282 2509 1340 occasione
2559 1281 2990 1357 persecutionis

1705 1370 1979 1428 decianae
2044 1365 2245 1451 (251),
2311 1371 2372 1428 in
2434 1388 2553 1444 quo
2609 1370 2872 1447 graviter
2920 1370 2991 1428 de

1704 1459 2070 1535 poenitentia
2101 1459 2228 1536 agit
2259 1462 2321 1516 et
2352 1459 2548 1533 lapsos
2580 1461 2650 1516 ad
2685 1478 2813 1517 eam
2854 1459 2991 1517 hor-

1703 1551 1871 1607 tatur
1885 1545 1950 1629 ι).
1985 1582 2070 1591 --
2102 1549 2402 1623 Eloquens
2447 1550 2509 1606 et
2556 1547 2768 1606 ardens
2813 1551 2907 1605 est
2952 1548 2991 1605 l.

1704 1639 1774 1696 de
1804 1639 2171 1708 mortalitate,
2207 1655 2325 1712 quo
2344 1637 2549 1694 fideles
2572 1637 2756 1711 pestis
2792 1639 2990 1712 strage

1704 1726 2022 1786 deterritos
2043 1726 2338 1796 hortatur,
2361 1718 2703 1784 ne'mortem
2721 1726 2988 1794 timeant,

1703 1834 1898 1890 neque
1931 1834 2178 1874 suorum
2209 1815 2585 1873 amissionem
2617 1831 2746 1872 esse
2781 1817 2990 1890 lugen-

1705 1904 1856 1973 dam,
1892 1923 2025 1963 cum
2052 1906 2177 1979 jam
2210 1904 2276 1962 in
2299 1903 2642 1962 beatissima
2672 1904 2991 1962 securitate

1705 1994 1831 2052 sint
1861 1994 2141 2052 mansuri.
2173 2027 2260 2036 —
2291 1992 2557 2068 Epistola
2588 1992 2661 2050 ad
2693 1992 2987 2050 Fortuna-

1704 2086 1836 2141 tum
1889 2078 2070 2161 (257)
2118 2083 2191 2140 de
2252 2083 2644 2140 exhortatione
2702 2083 2990 2157 martyrii.

1704 2171 2020 2229 Utilissimi
2051 2171 2232 2229 simul
2262 2175 2441 2245 atque
2487 2170 2818 2229 dulcissimi
2849 2172 2995 2229 sunt

1704 2260 1895 2319 libelli
1943 2261 2012 2317 dc
2060 2262 2317 2318 oratione
2360 2260 2667 2329 dominica,
2716 2260 2784 2316 dc
2829 2277 2993 2334 opere

1706 2344 1860 2432 (scil.
1910 2343 2371 2428 misericordiae)
2426 2357 2477 2407 et
2535 2350 2887 2423 elemosynis,
2925 2349 2993 2405 de

1704 2439 1846 2498 bono
1869 2433 2272 2519 patientiae2),
2320 2439 2390 2496 de
2435 2439 2554 2496 zelo
2601 2445 2650 2494 et
2695 2439 2888 2511 livore,
2923 2438 2993 2494 de

1704 2528 1902 2587 habitu
1933 2524 2242 2603 viryinum,
2278 2546 2396 2603 quo
2421 2546 2518 2586 eas
2546 2526 2617 2585 ad
2638 2526 2991 2586 modestiam

1704 2618 1767 2675 in
1800 2618 1970 2676 cultu
1992 2621 2325 2692 ornatuque
2350 2621 2411 2674 et
2430 2617 2502 2674 ad
2523 2617 2831 2675 honestam
2853 2635 2989 2674 cau-

1704 2711 1946 2781 tamque
1961 2706 2464 2765 conversationem
2481 2707 2771 2764 hortatur.
2786 2746 2852 2756 -
2870 2706 2990 2763 Du-

1706 2795 1805 2852 bia
1837 2791 2044 2876 sunt3)
2076 2795 2359 2870 opuscula
2391 2797 2460 2852 de
2479 2796 2812 2869 spectaculis
2844 2813 2987 2870 gen-

1704 2884 1905 2942 tilium
1938 2884 2063 2944 scil.
2095 2883 2370 2952 vitandiS,
2412 2885 2587 2958 juxta
2631 2883 2750 2939 We
2770 2901 2880 2958 ym
2901 2902 2989 2939 an

1704 2973 1971 3046 aliosque
2047 2972 2102 3028 N
2125 2991 2158 3030 o
2179 2972 2344 3029 vati
2365 2973 2508 3042 ani,
2585 2971 2756 3046 cujus
2835 2970 2988 3029 forte

362 3061 550 3119 lorum
584 3062 855 3138 vanitate,
907 3061 970 3119 in
1015 3080 1136 3136 quo
1179 3060 1340 3137 quod
1372 3061 1533 3119 idola
1564 3060 1648 3118 dii
1704 3061 1882 3118 etiam
1915 3063 2006 3118 est
2038 3060 2370 3117 exhortatio
2416 3061 2701 3133 eloquens
2747 3061 2817 3117 de
2848 3059 2989 3118 bono

358 3167 479 3207 non
510 3149 654 3221 sint,
688 3168 850 3224 ,qua
880 3150 1192 3223 brevitate,
1227 3170 1346 3226 qua
1374 3149 1648 3208 historia·
1695 3151 2050 3225 pudicitiae;
2081 3150 2160 3206 ad
2179 3149 2564 3206 Novalianum
2585 3152 2788 3206 contra
2806 3148 2986 3224 hujus

359 3257 495 3296 rum
525 3238 793 3297 omnium
829 3239 1094 3312 scientia,
1137 3258 1390 3315 quorum
1438 3238 1647 3297 verbo·
1702 3239 1960 3314 rigorem
2010 3239 2071 3295 in
2122 3238 2420 3313 lapsorum
2474 3255 2670 3306 causa,
2717 3255 2896 3311 quem
2945 3238 2985 3302 1,

357 3345 490 3385 rum
537 3330 604 3385 et
648 3345 930 3386 sensuum
982 3328 1297 3404 splendore
1358 3328 1646 3402 perstrin-
1704 3327 2064 3386 Harnack
2126 3345 2380 3385 asserere
2443 3325 2665 3384 nititur
2715 3325 2878 3383 Sixto
2928 3325 2986 3382 11

358 3411 609 3498 xit!¹).‘
641 3450 730 3460 -
750 3417 1299 3475 AdDemetrianum
1320 3417 1647 3491 sophistam
1703 3412 1766 3496 (†
1801 3426 1876 3479 25
1888 3412 1953 3499 8)
1985 3415 2533 3474 contradicentibus
2554 3418 2754 3473 tamen
2785 3414 2983 3472 Funk

359 3505 648 3581 gentilem
666 3500 939 3587 (zi-252),
975 3505 1646 3581 quiethnicorummore
1702 3506 1902 3568 Theol.
1954 3503 2208 3574 Qtlschr.
2268 3515 2431 3567 1896
2499 3523 2553 3579 p,
2605 3513 2983 3574 691—-6933

359 3594 677 3666 malorum,
739 3595 961 3669 quibus
1010 3594 1174 3653 orbis
1225 3612 1505 3653 romanus
1555 3594 1646 3652 in-
1704 3667 1778 3672 „-

360 3683 711 3752 festabatur‚
757 3701 998 3741 causam
1042 3683 1108 3742 in
1154 3683 1508 3742 christianos
1555 3702 1647 3740 re-

360 3768 731 3852 fundebatss).
778 3803 864 3816 -—-
914 3772 1087 3830 Libri
1132 3772 1252 3832 ΙΙΙ.
1298 3773 1646 3830 testimonio·
2106 3833 2116 3843 ,

364 3879 495 3918 rum
559 3861 845 3919 adversus
906 3860 1163 3920 Judaeos
1210 3860 1283 3919 ad
1329 3861 1644 3932 Quirinum
1706 3833 2298 3958 lig-hssssbooestniponte
2333 3841 2484 3958 189i1.
2513 3835 2600 3886 ed·
2631 3842 2720 3936 2...
2776 3926 2783 3934 ¹
2840 3905 2850 3914 .
2902 3909 2953 3957 t,

360 3952 504 4008 sunt
520 3949 717 4024 ampla
735 3950 1216 4010 testimoniorum
1237 3968 1282 4009 e.
1305 3949 1645 4024 Scripturae
1701 3922 2490 4046 Opflscfsacgsflssp‚⁰1}³rl}ffiss¹nff
2503 3923 2802 4038 [ᾗθέἷῗῖἰέ
2822 3923 2984 4029 ὃῗῃῗ

1701 4051 1877 4117 ponte
1928 4051 2063 4102 1879
2109 4049 2196 4100 ed.
2244 4056 2307 4106 2:
2366 4049 2481 4101 duo
2537 4047 2834 4113 sequentia
2893 4047 2983 4109 1V,

1700 4123 1928 4174 29-63,
1975 4118 2051 4169 ib.
2084 4126 2248 4176 1868:
2285 4127 2418 4174 1894
2444 4119 2530 4170 cd.
2558 4119 2753 4170 altera.

437 4195 473 4252 ¹)
502 4187 640 4241 Hie
658 4205 918 4258 ronyrn
936 4209 973 4244 u
992 4209 1016 4243 s
1056 4206 1144 4272 ep.
1172 4193 1242 4247 70
1267 4190 1341 4242 ad
1370 4190 1643 4257 Magnum
1772 4193 1814 4248 ⁸]
1845 4191 1926 4242 Cf.
1979 4189 2050 4240 W
2070 4207 2097 4242 e
2115 4208 2151 4257 y
2169 4206 2329 4242 man
2381 4190 2536 4243 hist„
2563 4190 2675 4258 pol.
2721 4188 2802 4239 Bl.
2831 4194 2985 4267 ,1899

358 4277 415 4312 n.
441 4268 492 4315 5.
550 4259 768 4314 Tamen
792 4261 962 4314 modo
990 4261 1106 4316 incl
1152 4260 1283 4314 iunt
1322 4260 1428 4314 viri
1460 4260 1645 4314 critici
1700 4253 1943 4324 CXXIII,
1962 4265 2064 4316 635
2099 4295 2112 4299 -
2141 4266 2260 4316 651.
2290 4260 2438 4313 Olim
2457 4259 2663 4312 Sixto
2692 4260 2752 4309 ΙΙ.
2773 4257 2983 4311 trlbue·

360 4329 428 4384 de
454 4332 583 4401 ejus
623 4330 983 4401 genuinitate
1023 4333 1103 4386 du
1146 4333 1308 4395 itare,
1351 4332 1468 4386 imo
1494 4332 1643 4385 illud
1700 4332 1913 4386 bantur
1989 4331 2303 4384 sententiae
2369 4331 2609 4383 morales
2682 4329 2981 4398 cujusdam

361 4401 613 4456 tribuere
667 4402 1117 4466 NovatianO,
1181 4406 1247 4457 ut
1310 4403 1643 4456 Hauslei-
1697 4402 1908 4456 Sexti
1988 4402 2321 4472 philosophi
2403 4400 2762 4471 pythagorei,
2840 4417 2985 4468 quas

361 4475 474 4526 ter
535 4473 715 4527 theol.
791 4473 1156 4528 Literaturbl.
1226 4479 1364 4529 1894
1426 4475 1512 4526 No
1576 4483 1637 4528 41
1700 4475 1801 4528 Ru
1819 4474 1847 4526 f
1857 4474 1985 4527 inu
2004 4492 2028 4525 s
2081 4473 2257 4527 latine
2321 4475 2585 4536 verterat,
2638 4477 2696 4525 et
2747 4471 2982 4539 quidam

358 4562 415 4613 p.
440 4551 543 4600 481
574 4561 647 4598 se.
1699 4544 2046 4598 christianus
2062 4544 2303 4614 scriptor
2311 4545 2482 4613 juxta
2499 4559 2658 4596 sensa
2670 4542 2984 4598 christiana

431 4619 475 4686 ²)
500 4614 697 4668 Habes
745 4615 783 4668 l.
832 4615 987 4669 hunc
1035 4615 1189 4671 inter
1227 4617 1503 4687 opuscula
1551 4617 1643 4669 SS.
1697 4619 2123 4669 retractaverat.
2198 4613 2280 4668 Cf.
2332 4615 2385 4667 J.
2436 4616 2482 4667 Gr
2501 4614 2602 4668 ild
2625 4631 2654 4666 e
2672 4634 2726 4667 m
2744 4613 2983 4667 eister

360 4684 467 4810 Ρὲ.
517 4687 560 4750 Ι,
612 4687 825 4743 35--67
889 4686 1210 4757 Oeniponte
1279 4692 1439 4743 1868:
1510 4695 1645 4743 1888
1698 4690 1848 4808 {exli
1871 4691 2269 4740 Sententiarum
2294 4690 2633 4749 recensione-s,
2663 4685 2892 4737 Bonnae
2907 4686 2980 4738 ad

359 4773 388 4809 e
432 4797 445 4809 .
474 4766 524 4812 4.
1741 4759 1804 4809 .h.
1837 4763 1973 4812 1873
2000 4756 2059 4810 in
2087 4765 2136 4810 8.

1784 3767 1818 3834 Ι)
1850 3763 2016 3814 Hunc
2057 3762 2093 3815 l.
2136 3762 2383 3833 reperies
2424 3763 2575 3816 inter
2616 3763 2891 3832 opuscula
2919 3763 2985 3817 V.
