3505 5161
1636 1496 1895 1594 xlv.

844 1676 1404 1813 Scriptores
1460 1676 2114 1786 ecclesiastici
2166 1675 2483 1787 seculi
2535 1675 2696 1785 IX.

1159 1873 1382 1971 Pars
1426 1875 1684 1992 prior
1729 1874 2341 1993 (Sol—850).

546 2281 689 2334 381.
741 2270 781 2328 J
784 2290 875 2328 am
927 2270 1191 2328 feliciora
1251 2270 1553 2346 incipiunt
1611 2272 1733 2327 tam
1793 2269 1979 2344 priori
1994 2270 2176 2345 hujus
2192 2269 2374 2328 seculi
2395 2269 2644 2328 dimidio
2676 2270 2934 2327 occurrit
2963 2287 3072 2327 no-

450 2378 556 2435 pro
586 2359 775 2418 literis
809 2360 871 2417 in
904 2377 1135 2435 genere,
1168 2378 1345 2434 quam
1392 2377 1497 2434 pro
1531 2358 1733 2417 studio
1790 2358 1881 2417 bis
1931 2377 1975 2417 s.
2021 2358 2137 2417 Leo
2169 2359 2273 2420 111.
2317 2361 2492 2416 antea
2529 2358 2841 2434 presbyter
2883 2357 3076 2416 cardi·-

451 2448 781 2525 theologico
826 2448 891 2506 in
938 2448 1129 2524 specie
1178 2452 1461 2523 tempora.
1524 2446 1735 2506 Studia
1789 2448 1941 2506 nalis
1972 2450 2035 2505 et
2063 2447 2383 2506 vestiarius
2417 2447 2626 2523 palatii
2660 2446 3077 2515 lateranensiS,

450 2538 608 2597 enim
629 2557 807 2613 quam
828 2537 1078 2596 maxime
1091 2537 1390 2614 promovit
1404 2537 1641 2596 Carolus
1657 2536 1742 2596 M..
1790 2537 1896 2613 qui
1926 2537 2022 2596 die
2053 2537 2329 2613 sequenti
2347 2538 2486 2614 post
2503 2536 2788 2596 Hadriani
2822 2539 3079 2596 mortem

451 2647 572 2686 non
602 2631 836 2686 tantum
878 2627 1056 2685 armis
1089 2627 1249 2697 felix,
1298 2626 1402 2686 sed
1433 2629 1494 2685 et
1524 2626 1597 2685 de
1629 2626 1731 2684 ad·
1792 2636 1892 2689 26.
1925 2627 2057 2689 Dec.
2093 2621 2274 2709 (795)
2323 2627 2550 2685 electus
2595 2629 2688 2686 est
2734 2645 2811 2696 ,a
2839 2626 3074 2684 cunctis

449 2717 861 2775 ministrandis
884 2717 1009 2775 suis
1029 2716 1234 2794 regnis
1254 2716 1318 2774 in
1352 2716 1729 2774 subditorum
1788 2715 2191 2775 sacerdotibus
2240 2735 2348 2774 seu
2394 2715 2740 2791 proceribus
2802 2718 2865 2773 et
2911 2715 3074 2774 omni

449 2806 820 2865 commodum
867 2805 1192 2867 studiosus.
1254 2804 1533 2880 Undique
1582 2805 1730 2862 acci·
1787 2806 1942 2863 clero
1974 2823 2083 2864 nec
2101 2822 2221 2862 non
2241 2807 2303 2864 et
2324 2804 2719 2880 optimatibus
2741 2805 2835 2863 vel
2855 2807 3072 2863 cuncto

448 2896 539 2953 vit
567 2895 729 2954 viros
762 2895 1148 2967 doctissimos,
1184 2894 1414 2953 scholas
1445 2893 1726 2963 condidit,
1787 2895 2008 2971 populo
2068 2912 2309 2953 romano
2371 2887 2524 2975 (Lib.
2585 2888 2840 2974 pont.).‘
2916 2894 3076 2952 Dum

450 2985 759 3043 literarum
802 2983 1003 3042 studia
1033 2984 1360 3042 liberaliter
1407 2983 1574 3053 fovit,
1609 2982 1729 3041 imo
1791 2993 1891 3046 25.
1922 2985 2064 3058 Apr.
2091 2992 2211 3045 799
2249 2983 2312 3040 in
2331 2983 2639 3042 ecclesiam
2666 2983 2721 3046 b.
2743 2983 3073 3056 Laurentii,

448 3074 545 3131 vel
576 3073 734 3131 inter
765 3092 927 3130 arma
958 3073 1333 3147 quaestiones
1363 3072 1728 3148 theologicas
1789 3091 1940 3147 quae
1984 3072 2243 3131 Lucinae
2292 3071 2648 3147 appellatur,
2691 3071 3075 3148 egrederetur

448 3164 511 3220 et
541 3162 614 3220 de
645 3162 759 3220 fide
792 3161 1223 3220 controversias
1243 3177 1365 3219 non
1383 3161 1645 3238 neglexit
1659 3155 1727 3243 ¹).
1787 3162 2061 3220 litaniam
2093 3163 2154 3219 et
2183 3160 2398 3219 missae
2419 3161 2708 3219 solemnia
2739 3161 3070 3219 celebratu-

447 3251 667 3309 Contra
713 3253 1080 3327 emergentes
1127 3269 1354 3309 errores
1404 3254 1465 3308 et
1496 3269 1604 3325 pro
1637 3268 1729 3308 re·
1787 3269 1909 3320 rus,
1944 3249 2251 3308 invaditur
2282 3270 2316 3308 a
2348 3249 2612 3308 Paschali
2643 3249 2977 3326 primicerio
3009 3253 3075 3308 et

447 3339 767 3398 stam-anda
810 3338 1124 3415 disciplina
1167 3339 1560 3398 ecclesiastica
1590 3358 1726 3414 pas·
1787 3339 2068 3415 Campulo
2082 3339 2382 3398 sacellario
2395 3337 3074 3414 Hadriani1.nepotibus

449 3429 564 3486 sim
584 3429 889 3505 episcopos
911 3429 974 3486 in
994 3430 1248 3504 synodos
1268 3428 1464 3504 coegit
1481 3431 1542 3485 et
1560 3428 1728 3487 theo·
1786 3447 2108 3503 eorumque
2124 3427 2317 3498 sociis,
2346 3428 2452 3504 qui
2470 3468 2497 3496 ,
2513 3447 2724 3504 papam
2755 3429 2820 3486 in
2849 3431 3073 3486 terram

450 3517 614 3592 logos
645 3517 717 3574 ad
750 3516 1181 3592 componendos
1214 3518 1278 3575 in
1308 3517 1562 3576 tutelam
1593 3517 1731 3575 fidei
1788 3518 2166 3592 projecerunt
2209 3519 2271 3575 et
2314 3517 2538 3592 absque
2583 3518 2709 3577 ulla
2738 3517 3074 3575 misericor·

449 3605 769 3662 catholicae
802 3605 986 3662 libros
1018 3605 1314 3667 excitavit.
1349 3604 1541 3674 Quare
1571 3606 1728 3665 mul·
1787 3606 1885 3665 dia
1916 3605 2236 3664 scindendo
2268 3607 2330 3663 et
2358 3605 2668 3681 spoliando
2688 3625 2826 3665 eum
2857 3605 3071 3665 crude·

446 3697 542 3751 tos
573 3693 683 3751 hac
732 3692 953 3768 epocha
1001 3694 1305 3753 nominare
1347 3694 1553 3753 licebit
1583 3695 1728 3754 scri·
1787 3696 1926 3754 liter
1956 3696 2159 3754 oculos
2192 3695 2246 3753 ei
2277 3694 2528 3752 evellere
2578 3697 2639 3752 et
2668 3696 2866 3771 ipsum
2900 3694 3072 3770 peni-

447 3784 648 3857 ptores
681 3782 1120 3852 ecclesiasticos,
1143 3782 1301 3842 inter
1317 3801 1467 3859 quos
1500 3784 1731 3859 aliquot
1788 3788 1886 3843 tus
1935 3803 2166 3843 coecare
2215 3783 2412 3842 conati
2460 3787 2620 3852 sunt,
2673 3804 2813 3843 nam
2861 3785 3073 3861 lingua

448 3871 735 3947 insignes.
799 3872 874 3928 Et
922 3871 1164 3947 quidem
1216 3873 1372 3931 inter
1420 3873 1729 3948 pontifices
1788 3875 1916 3948 ejus
1951 3873 2212 3949 praecisa
2230 3876 2335 3943 est,
2358 3877 2420 3931 et
2437 3874 2508 3931 ut
2527 3873 2641 3948 ipsi
2662 3874 2904 3932 omnino
2922 3875 3072 3931 tunc

1788 3962 2062 4021 arbitrati
2095 3967 2253 4031 sunt,
2287 3979 2524 4020 coecum
2570 3981 2704 4021 eum
2740 3966 2803 4021 et
2832 3964 3072 4020 mutum

529 4062 563 4130 ¹)
592 4059 678 4112 Ita,
705 4059 775 4113 de
802 4076 867 4113 eo
908 4059 1110 4114 scribit
1152 4059 1223 4112 W
1241 4061 1360 4113 ala
1379 4060 1531 4113 frid
1550 4079 1587 4113 u
1605 4078 1629 4113 s
1668 4060 1730 4113 in
1786 4053 1850 4109 in
1883 4051 2074 4110 media
2093 4052 2290 4127 platea
2304 4050 2664 4110 dimiserunt
2686 4046 2776 4134 (in
2795 4052 2924 4127 ejus
2945 4050 3075 4110 vita

488 4132 623 4185 raef.
670 4130 743 4183 ad
786 4130 1063 4184 Einhardi
1108 4131 1287 4184 vibam
1335 4131 1521 4186 03.ΥοῙὶ
1566 4132 1731 4202 (ιῘὶὶῘῩρ
1789 4142 1850 4199 in
1881 4140 1920 4197 l·
1953 4134 2305 4221 pontificali)
2321 4148 2367 4211 C,
2391 4139 2531 4199 dein
2551 4159 2689 4199 eum
2708 4140 3071 4200 monasterio

497 4202 842 4284 spl·.1V.⁹5⁰7)²
867 4201 1124 4284 „Quippe
1141 4203 1244 4272 qui
1260 4202 1515 4283 omnium
1530 4220 1729 4284 regum
1790 4248 1867 4290 ss.
1902 4229 2171 4289 Silvestri
2220 4232 2279 4287 et
2325 4229 2612 4305 Stephani
2660 4229 3070 4288 incluserunt:

446 4273 815 4327 avidissimus
855 4277 979 4327 erat
1005 4277 1290 4343 saplentes
1316 4274 1624 4344 diligenter
1650 4292 1730 4327 m·

449 4343 760 4411 quirem&
774 4347 840 4398 uf,
851 4363 977 4399 cum
990 4345 1146 4398 omni
1159 4345 1536 4398 deleoflatione
1548 4345 1731 4415 philo,
1788 4318 1949 4377 unde
1967 4318 2220 4376 feliciter
2240 4323 2483 4392 ereptus
2504 4319 2577 4376 ab
2596 4318 2839 4377 asseclis
2856 4318 2990 4377 fidis
3002 4318 3072 4376 in

447 4417 831 4485 sopharentur
869 4418 1140 4470 excolere.
1193 4417 1324 4470 Ideo
1364 4416 1529 4498 regni
1555 4433 1589 4468 a
1614 4416 1731 4470 Deo
1791 4407 2163 4466 Germaniam
2225 4406 2494 4483 confugit
2554 4406 2629 4464 ad
2675 4408 2947 4466 Carolum
2993 4407 3071 4470 Μ.

446 4484 558 4540 Blbi
585 4486 867 4541 commissi
895 4488 1227 4542 nebUlosam
1249 4489 1507 4552 Pt,uss11'a
1529 4487 1730 4552 dicam,
1789 4496 2060 4555 Miraculi
2089 4496 2279 4554 instar
2310 4496 2507 4554 visum
2538 4499 2643 4566 0312,
2678 4497 2731 4554 ei
2759 4515 2881 4556 non
2899 4496 3070 4571 peni-

450 4573 629 4626 paene
646 4574 871 4612 caecam
887 4558 1731 4614 latitudinemtotiusscientiae
1788 4589 1886 4643 tus
1919 4585 2172 4643 excisam
2204 4603 2333 4643 esse
2365 4585 2447 4641 lin
2498 4605 2630 4643 uam
2678 4585 3071 4644 exstinctum-

450 4645 597 4681 nova
626 4629 996 4682 irradiatione
1032 4632 1090 4684 et
1126 4630 1264 4683 huic
1290 4630 1571 4685 barbariei
1598 4633 1732 4683 ante.
2454 4605 2494 4661 g
2864 4674 2876 4686 .
2958 4673 2970 4685 .
3022 4674 3033 4685 .

448 4699 659 4767 partim
714 4699 1009 4768 incognita
1070 4701 1441 4755 luminosam·
1480 4701 1734 4755 reddidit
1788 4694 1904 4749 <1¹10
1935 4675 2137 4732 lumen
2171 4674 2494 4773 oculorum,
2530 4674 2623 4732 vel
2656 4675 2795 4732 *¹³00
2826 4693 2882 4732 0¹
2914 4673 3071 4732 ἀω-

450 4769 567 4822 Deo
596 4770 973 4823 illustrante“.
1424 4767 1439 4775 “
1758 4751 1762 4821 Ι
1789 4763 1954 4820 nitus
1987 4763 2152 4821 fuere
2184 4765 2483 4822 rest1tuta.
2534 4762 2617 4820 Ex
2651 4762 2906 4838 longiori
2936 4762 3072 4837 ejus
