3505 5161
1237 236 1614 302 Adelhardus,
1642 237 1968 294 Amalarius
1996 241 2232 312 Symph.

425 255 551 310 765
2919 261 3040 314 766

418 425 752 500 corbejensi
798 443 859 482 se
905 424 1273 483 consecravit
1305 420 1517 505 (773);
1564 424 1702 483 inde
1759 429 1926 488 Clara
1956 428 2093 487 inde
2115 426 2420 503 colligitur
2441 428 2688 486 celebris
2721 428 2903 505 hujus
2937 430 3042 487 ab·

416 517 490 574 ut
519 515 716 573 tutius
750 514 979 584 lateret,
1013 512 1512 572 Montecassinum
1538 517 1700 571 tran·
1757 518 1953 577 batiae
1985 517 2326 593 descriptio.
2387 516 2560 575 Tanti
2591 518 2783 576 factus
2831 522 2921 577 est
2968 520 3042 577 ab

420 604 555 662 siit:
591 604 694 662 sed
726 603 894 662 brevi
928 606 1063 678 post
1092 603 1158 662 in
1190 603 1437 661 Galliam
1466 620 1703 661 revoca·
1761 604 2111 683 aequalibus
2161 611 2233 664 ut
2289 606 2589 665 diceretur
2639 607 3038 683 ,Augustinus

415 697 521 751 tus
553 694 779 752 electus
812 695 905 751 est·
935 692 1116 750 abbas
1137 693 1494 768 corbejensis
1517 687 1701 774 (775)
1759 697 1855 755 sui
1887 688 2188 773 temporis,
2223 695 2524 754 Antonius
2555 700 2616 753 et
2634 695 2924 755 Jeremias
2946 699 3042 755 sui

413 786 480 841 et
510 802 544 841 a
574 782 779 842 Carolo
808 782 902 851 M„
935 781 1094 840 inter
1125 783 1297 855 eujus
1329 781 1703 841 consiliarios
1759 786 1980 845 seculi‘.

418 871 641 946 primos
674 872 903 947 primus
934 870 1067 942 fuit,
1114 872 1186 929 ad
1234 871 1405 948 regni
1445 871 1702 930 admini-

415 962 769 1020 strationem
817 965 1064 1019 voeatus
1125 963 1220 1019 est
1280 964 1394 1030 ,ut
1449 979 1702 1038 regnum

415 1050 642 1120 Italiae,
690 1067 841 1124 quae
889 1049 1004 1108 sibi
1036 1049 1354 1109 commissa
1384 1049 1595 1116 fuerat,
1643 1055 1704 1107 et
1852 1061 1996 1114 419.
2043 1053 2518 1122 Amalarius,
2590 1053 2763 1129 cujus
2825 1072 3041 1112 nomen

413 1140 547 1214 ejus
577 1156 779 1215 regem
828 1138 1110 1214 Pipinum
1137 1140 1440 1213 juniorem
1471 1140 1544 1198 ad
1582 1142 1702 1197 sta-
1757 1140 2073 1216 multiplici
2116 1142 2378 1199 occurrit
2422 1142 2636 1200 forma:
2685 1142 3039 1215 Amelariu8‚

417 1232 551 1287 tum
596 1228 958 1303 reipublicae
1008 1233 1070 1287 et
1116 1228 1426 1304 religionis
1477 1228 1701 1287 cultum
1758 1230 2081 1289 Amilarius
2103 1275 2116 1302 ,
2211 1230 2596 1290 Amulharius
2618 1274 2632 1301 ‚
2712 1232 3038 1301 Amalhart,

418 1318 669 1387 utiliter,
694 1318 863 1392 juste
895 1321 1073 1391 atque
1107 1318 1361 1377 discrete
1393 1318 1701 1376 honestius
1758 1320 2155 1391 AmalhariuS,
2177 1320 2496 1389 Hamalart,
2517 1320 2899 1379 Hamularius
2911 1325 3038 1391 etc,

415 1407 777 1465 informaret.
829 1405 941 1464 Ubi
962 1408 1189 1465 tantam
1210 1408 1541 1483 promeruit
1570 1407 1699 1466 lau·
1757 1414 1968 1468 auctor
1999 1413 2108 1479 est,
2142 1408 2216 1467 de
2249 1428 2366 1483 quo
2399 1409 2593 1467 multa
2623 1412 2769 1466 sunt
2798 1410 3040 1469 incerta.

410 1495 566 1565 dem,
601 1499 674 1555 ut
702 1495 1083 1571 quibusdam,
1123 1495 1207 1553 ita
1237 1499 1311 1553 ut
1342 1496 1545 1567 fertur,
1579 1515 1701 1555 non
1757 1498 1952 1556 Etiam
1972 1501 2179 1557 nostra
2198 1501 2390 1556 aetate
2410 1501 2555 1556 sunt
2586 1498 2690 1573 qui
2723 1515 2861 1556 eum
2891 1518 3039 1557 eun-

416 1586 608 1655 hom0,
657 1583 761 1643 sed
806 1603 913 1660 pro
947 1584 1193 1644 virtutis
1224 1603 1418 1645 amore
1449 1586 1699 1663 angelus
1756 1586 1891 1645 dem
1923 1605 2053 1647 esse
2084 1591 2332 1646 censent
2362 1604 2497 1645 cum
2528 1587 2826 1646 Amalario
2859 1589 3038 1646 trevi-

420 1674 923 1750 praedicaretur‘,
945 1674 1145 1749 inquit
1164 1674 1312 1733 Bad
1332 1676 1369 1732 b
1387 1678 1604 1734 ertus
1635 1670 1698 1758 ¹).
1752 1676 1927 1743 rensi‚
1962 1680 2034 1734 ut
2049 1677 2174 1753 jam
2213 1694 2394 1751 supra
2430 1675 2810 1734 meminimus
2831 1695 2887 1751 p.
2916 1685 3034 1740 755

416 1764 725 1822 Praeterea
784 1764 1026 1822 Romam
1078 1783 1112 1821 a
1163 1764 1364 1823 Carolo
1426 1766 1698 1841 Augusto
1752 1785 1817 1836 εις
1866 1766 1988 1835 alii,
2036 1769 2107 1824 ut-
2151 1765 2355 1824 omnia
2384 1767 2753 1840 componant,
2789 1766 3037 1824 tertium

413 1853 634 1913 missus
667 1855 761 1911 est
804 1852 877 1911 ad
909 1854 1163 1911 Leonem
1196 1853 1299 1911 111.
1333 1873 1381 1912 a.
1418 1864 1542 1918 809
1579 1874 1699 1913 una
1751 1854 2099 1925 admittunt,
2114 1855 2388 1913 abbatem
2406 1853 2884 1913 hornbacensem.
2918 1855 3037 1912 No·

407 1960 551 2000 cum
602 1942 907 2000 Bernardo
941 1942 1341 2001 wormatiensi
1405 1946 1465 2001 et
1526 1943 1697 2002 Jesse
1752 1948 1878 2003 ster
1909 1944 2263 2013 Amalarius,
2311 1947 2491 2001 natus
2537 1961 2583 2001 c.
2631 1963 2682 2003 a.
2733 1954 2876 2013 780,
2931 1944 3037 2001 Al-

405 2031 783 2090 ambianensi
815 2031 1123 2107 episcopis,
1175 2033 1246 2090 ut
1290 2032 1591 2100 contentio
1626 2034 1696 2092 de
1751 2034 1915 2092 cuini
1959 2033 2307 2109 discipulae,
2369 2032 2490 2091 fuit
2532 2032 2814 2091 diaconus
2860 2028 3037 2114 (forte

413 2119 673 2195 Spiritus
706 2140 749 2179 s.
795 2120 1169 2196 processione
1200 2124 1439 2180 auctore
1471 2121 1696 2180 Joanne
1752 2123 1932 2182 abbas
1968 2116 2429 2202 hornbacensis)‚
2480 2126 2553 2180 ut
2582 2121 3036 2199 chorepiscopus

413 2209 698 2267 monacho
744 2209 1267 2285 hierosolymitano
1312 2214 1515 2269 exorta
1560 2211 1693 2268 fini·
1749 2212 2035 2271 metensis
2055 2213 2357 2287 comparet
2387 2212 2451 2268 in
2483 2212 3039 2288 conc.aquisgransi

412 2301 597 2357 retur.
647 2297 869 2357 Verum
901 2298 1182 2356 defuncto
1203 2299 1404 2357 Carolo
1428 2301 1502 2362 M.
1520 2300 1695 2359 bonis
1754 2301 1818 2376 (8
1837 2313 1856 2363 l
1875 2296 2427 2382 7).chorepiscopus
2440 2300 2578 2358 dein
2599 2301 3036 2376 835·8381ug·

413 2387 707 2461 spoliatus
731 2391 792 2446 et
813 2406 919 2464 per
938 2387 1318 2463 septennium
1338 2388 1401 2446 in
1423 2389 1696 2448 exsilium
1748 2390 2038 2449 dunensis
2052 2389 2349 2461 ecclesiae,
2372 2388 2516 2447 dum
2533 2389 2883 2466 Agobardus
2898 2390 3036 2449 sede

407 2478 507 2533 est
536 2475 764 2552 pulsus,
829 2476 971 2534 Fuit
1002 2476 1182 2534 abbas
1216 2477 1533 2554 utriusque
1558 2478 1694 2536 Cor·
1751 2479 1948 2538 fuerat
1975 2480 2190 2554 pulsus
2224 2473 2323 2560 (cf.
2355 2496 2536 2554 supra
2574 2497 2631 2554 p.
2666 2475 2836 2561 712).
2894 2480 3038 2538 Post

412 2564 597 2641 bejae,
646 2566 925 2642 antiquae
959 2565 1084 2629 scil.
1118 2565 1181 2624 in
1214 2566 1404 2626 Gallia
1435 2562 1695 2649 (Corbie)
1751 2569 2059 2628 Claudium
2072 2563 2240 2651 (etp.
2268 2561 2421 2651 715)
2442 2567 2845 2644 praefuitipse
2865 2568 3034 2629 scho-

412 2657 476 2712 et
526 2672 711 2713 novae
761 2655 825 2713 in
876 2655 1126 2714 Saxonis
1177 2652 1472 2738 (Corvey),
1523 2658 1694 2732 cujus
1749 2659 1841 2718 lae
1854 2657 2465 2734 palatinae.1nterfuit
2480 2656 2708 2734 synodo
2723 2659 3032 2732 parisiensi

409 2743 767 2819 praecipuus
817 2748 1026 2804 auctor
1073 2746 1303 2803 exstitit
1353 2765 1488 2804 cum
1535 2746 1697 2804 Wala
1748 2767 1798 2806 a.
1835 2756 1956 2811 825
1994 2748 2057 2806 in
2090 2766 2270 2805 causa
2300 2765 2378 2805 ss.
2411 2747 2757 2824 imaginum,
2806 2747 2869 2805 in
2915 2767 3032 2823 qua

408 2832 592 2891 fratre
640 2851 766 2892 suo.
842 2833 1009 2892 Obiit
1057 2843 1111 2895 2.
1159 2834 1292 2893 Jan.
1342 2845 1485 2898 826.
1548 2835 1693 2911 Ejus
1747 2854 1871 2894 non
1917 2836 2190 2895 minimas
2233 2836 2472 2894 videtur
2503 2835 2781 2893 habuisse
2815 2839 3031 2910 partes,

398 2920 631 2998 scripta
662 2921 985 2997 perierunt,
1036 2923 1193 2981 sicut
1232 2924 1293 2981 et
1323 2924 1454 2998 ejus
1487 2926 1693 2997 episto·
1748 2926 1913 2984 Inter
1941 2926 2209 2984 eruditos
2241 2925 2336 2983 sui
2365 2924 2492 2982 aevi
2528 2926 2564 2981 S
2581 2923 3035 3000 ymphosius

407 3007 514 3069 lae.
577 3011 639 3068 L.
685 3010 856 3069 valde
905 3012 1232 3086 pretiosum
1264 3013 1597 3088 composuit
1627 3013 1695 3070 de
1750 3018 1843 3072 est
1874 3014 2346 3091 cognominatus,
2388 3013 2632 3082 Quando
2666 3013 2883 3071 obierit.
2913 3031 3035 3073 non

398 3101 613 3158 ordine
632 3100 868 3175 palatii,
920 3102 1090 3176 cujus
1136 3101 1398 3159 medulla
1427 3102 1693 3160 contine·
1750 3123 1869 3162 una
1901 3106 1994 3161 est
2023 3107 2335 3162 auctorum
2369 3102 2684 3160 sententia.
2737 3101 2893 3159 Sunt
2924 3103 3031 3178 qui

406 3191 514 3246 tur
543 3189 607 3246 in
639 3189 1037 3247 Hincmari
1084 3190 1120 3252 l.
1159 3210 1275 3264 pro
1321 3192 1695 3249 instructione
1748 3194 2092 3267 opinentur,
2146 3211 2279 3250 eum
2334 3209 2453 3249 non
2503 3191 2717 3249 vixisse
2769 3191 2931 3249 ultra
2981 3213 3030 3251 a.

411 3275 739 3337 carlomani
784 3278 974 3355 regis:
1027 3279 1426 3354 capitulorum
1474 3281 1542 3337 de
1587 3281 1691 3338 ad-
1751 3291 1874 3344 837
1897 3302 1911 3351 3
1959 3281 2063 3340 alii
2109 3282 2239 3356 ejus
2274 3281 2457 3338 vitam
2492 3280 2846 3356 protrahunt
2877 3281 2950 3338 ad
2982 3302 3032 3343 a.

408 3367 821 3426 monitionibus
851 3368 914 3425 in
946 3368 1402 3445 congregatione
1428 3371 1565 3447 (52)
1598 3369 1692 3427 in·
1751 3380 1897 3439 847,
1946 3374 2008 3428 et
2051 3371 2242 3429 adhuc
2287 3370 2450 3427 ultra
2486 3369 2559 3427 ad
2591 3389 2642 3432 a.
2674 3387 2867 3443 usque
2904 3378 3026 3432 850

404 3455 764 3532 scriptiones
784 3460 1022 3515 tantum
1051 3457 1323 3533 vulgavit
1344 3457 1692 3517 Mabillon
1746 3460 1842 3517 vel
1879 3469 2024 3531 851,
2061 3462 2132 3518 ut
2162 3461 2391 3534 partem
2424 3458 2636 3516 habere
2669 3459 2935 3533 potuerit
2968 3459 3030 3518 in

407 3541 474 3603 in
507 3545 673 3604 Actis
707 3545 804 3604 SS.
839 3545 918 3605 IV
957 3566 1013 3621 p.
1053 3558 1077 3608 1
1134 3547 1209 3605 ad
1254 3547 1488 3606 calcem.
1556 3548 1689 3605 Sta·
1747 3549 2151 3607 controversia
2168 3548 2241 3606 de
2261 3548 2817 3623 praedestinatione.
2860 3548 3030 3606 Prae-

407 3640 530 3692 tuta
575 3636 823 3711 antiqua
866 3635 1134 3694 abbatiae
1184 3654 1229 3694 S.
1278 3636 1439 3694 Petri
1491 3637 1691 3695 corbe-

390 3723 605 3798 jensis,
639 3743 791 3799 quae
810 3724 1113 3783 monachis
1147 3726 1274 3783 suis
1307 3726 1693 3801 praescripsit

404 3811 588 3871 habes
619 3813 683 3872 in
714 3814 969 3890 Migne
1001 3814 1064 3874 P.
1090 3814 1284 3884 L.CV‚
1325 3824 1688 3887 535—550‚

409 3900 513 3959 sed
583 3901 757 3976 juxta
831 3903 1090 3961 codicem
1155 3903 1325 3962 valde
1389 3903 1690 3967 vitiosum.

484 4163 518 4230 Ι)
547 4159 613 4212 In
640 4161 765 4229 ejus
790 4160 913 4215 vita
940 4162 1221 4216 rhetorice
1258 4166 1317 4216 et
1341 4162 1577 4219 consilio
1604 4181 1691 4217 ae-

400 4229 712 4301 nigmatice
739 4233 1060 4301 conscripta
1085 4233 1147 4286 in
1176 4236 1298 4288 Act.
1322 4235 1413 4289 SS.
1439 4243 1484 4290 2.
1504 4235 1631 4288 Jan.
1648 4236 1691 4299 1,

396 4307 685 4361 96-111:
737 4303 1111 4358 Mabillon
1153 4305 1215 4358 in
1244 4307 1368 4360 Act.
1396 4306 1691 4371 SS.1V,1‚

401 4376 716 4434 308—3443
757 4375 844 4427 ed.
874 4392 997 4430 ven.
1025 4395 1081 4445 p.
1108 4381 1423 4436 291-34sz
1464 4378 1691 4448 Migne

394 4443 566 4508 CXX,
600 4449 966 4502 1507-1556.
1020 4448 1102 4502 Cf.
1131 4447 1174 4500 P
1191 4465 1222 4501 o
1242 4451 1359 4503 tth
1376 4467 1410 4501 a
1428 4468 1452 4502 s
1469 4453 1494 4503 t
1526 4457 1656 4506 1131
1680 4470 1691 4506 ;

402 4514 548 4568 Hist.
578 4516 665 4570 lit.
687 4516 782 4578 IV,
809 4523 1126 4576 484-4eoz
1153 4519 1262 4576 KL.
1298 4530 1343 4582 1,
1373 4526 1469 4577 201
1496 4542 1507 4580 ;
1537 4521 1634 4574 En
1652 4521 1691 4573 k

396 4586 471 4638 de
498 4603 540 4643 s.
568 4587 899 4642 Adalhardo
926 4592 1015 4643 ab.
1045 4591 1312 4660 Corbejae
1340 4592 1614 4660 antiquae
1636 4597 1693 4646 et

402 4672 583 4711 novae
634 4659 767 4712 diss.
819 4659 950 4718 hist.
1003 4661 1338 4715 Monasterii
1383 4663 1474 4716 W.
1525 4669 1690 4723 1873:

1746 3637 1985 3712 cipuum
2031 3638 2293 3713 ejusdem
2344 3656 2494 3712 opus
2546 3641 2639 3695 est
2689 3638 2777 3694 De
2825 3639 3034 3712 officiis

1747 3729 2135 3785 ecclesiasticis
2166 3744 2272 3785 seu
2306 3727 2523 3785 divinis
2557 3727 2935 3784 sacramentis
2968 3727 3029 3790 11.

1746 3815 1827 3874 IV
1873 3817 1945 3873 ad
1991 3816 2353 3874 Ludovicum
2385 3817 2557 3874 Pium
2604 3816 2777 3891 imp.:
2830 3835 2863 3873 a
2911 3833 3030 3890 quo

1748 3906 1990 3963 Romam
2022 3906 2243 3963 missus
2277 3901 2462 3986 (827)
2505 3905 2813 3962 ministros
2846 3905 3029 3964 eccle·

1745 3994 1865 4052 siae
1898 4012 1941 4051 s,
1976 3993 2138 4052 Petri
2173 3994 2491 4062 consuluit,
2541 3997 2600 4051 et
2631 3994 2822 4051 multa
2853 3995 3031 4052 utilia

1745 4103 1814 4142 ex
1848 4101 2053 4142 eorum
2072 4083 2374 4157 responsis
2408 4081 2693 4157 colligens
2727 4084 2889 4157 operi
2921 4100 3028 4141 suo

1745 4173 2020 4231 ultimam
2052 4172 2334 4247 apposuit
2377 4189 2615 4228 manum
2664 4171 3028 4246 alteramque

1746 4261 2070 4321 editionem
2116 4262 2180 4320 in
2226 4261 2415 4318 lucem
2449 4260 2650 4316 emisit
2680 4253 2763 4340 (p.
2786 4255 3026 4341 a.832).

1748 4352 1899 4409 Hinc
1916 4350 2245 4425 explicatur
2261 4348 2572 4407 diversitas
2586 4348 2743 4406 inter
2753 4349 2913 4407 varia
2929 4368 3026 4408 ex-

1745 4441 2044 4517 emplaria:
2060 4441 2382 4515 supersunt
2391 4437 2543 4496 enim
2556 4438 2907 4512 exemplaria
2920 4439 3027 4496 ali-

1745 4534 1896 4604 quot
1925 4529 2013 4588 ed.
2035 4529 2277 4604 primae.
2327 4528 2396 4585 In
2438 4538 2485 4588 1.
2518 4528 2557 4584 l.
2591 4527 2716 4603 agit
2748 4527 2817 4585 de
2850 4526 3027 4585 litur-

1746 4620 1843 4695 gia
1877 4638 1984 4677 seu
2015 4619 2086 4677 de
2118 4617 2339 4676 ritibus
2382 4616 2454 4674 ab
2486 4616 2750 4675 Ecclesia
2780 4616 3028 4674 servatis

398 4726 907 4784 wattenbach
952 4733 1104 4802 Aug.
1156 4733 1209 4786 d.
1262 4733 1451 4804 Biogr.
1500 4744 1545 4796 ι,
1592 4738 1690 4794 74;
1745 4728 1780 4765 ¹³
1828 4707 2275 4785 Septuagesima
2319 4706 2663 4782 praesertim
2710 4724 2902 4782 usque
2952 4705 3027 4763 ad

398 4797 474 4849 W
492 4816 521 4852 e
536 4819 566 4852 r
582 4818 619 4853 n
638 4816 666 4854 e
684 4819 711 4853 r
737 4801 1168 4874 Realencyclop.
1201 4813 1273 4870 1³,
1308 4808 1600 4862 157-159.

1746 4798 2169 4865 Pentecosten;
2217 4797 2280 4854 in
2317 4805 2370 4860 2.
2406 4795 2476 4855 de
2508 4795 2688 4854 variis
2721 4795 3028 4854 ministro-
