3505 5161
472 220 597 274 435

925 210 1023 259 431
1040 236 1083 243 —
1105 209 1224 258 500.
1253 201 1516 272 Liturgia
1545 204 1603 255 et
1625 201 1849 257 ascesis.
1877 202 2160 265 MusaeuS,
2186 202 2218 254 J
2224 216 2437 256 oannes
2462 199 2625 263 diac..

2964 219 3089 273 436

470 390 829 450 Kalendario
863 408 1026 449 sacro
1059 391 1119 448 et
1152 389 1398 464 profano
1427 389 1603 466 plura
1622 388 1751 459 alia,
1808 389 1893 448 ill.
1943 407 1991 447 c.
2053 397 2148 458 13,
2206 405 2315 447 nec
2364 387 2539 463 plura
2590 386 2810 446 scimus
2859 386 2935 445 de
2984 388 3094 447 hoc

470 483 540 540 ut
571 480 782 539 seriem
827 498 1038 556 regum
1084 480 1146 537 et
1192 481 1600 555 tyrannorum,
1646 478 1754 554 qui
1810 479 2114 554 scriptore.
2181 476 2309 546 Quo
2365 479 2630 552 tempore
2674 476 2909 546 vixerit,
2971 495 3091 536 non

470 571 885 647 regnaverant,
919 567 1359 644 provinciarum
1393 567 1628 644 imperii
1657 584 1752 626 ro-

468 657 646 729 mani,
698 660 1062 733 computum,
1110 656 1472 716 breviarium
1525 660 1754 732 tempo-

469 767 604 806 rum
635 749 761 817 etc„
797 764 946 822 quae
978 745 1152 805 modo
1173 745 1595 808 desiderantur.
1638 745 1750 804 De-

469 836 768 895 dicaverat
816 835 977 894 hunc
1025 835 1287 894 laborem
1350 852 1395 896 s.
1445 834 1751 905 Eucheri0,

471 944 549 995 ,a
580 943 698 1000 quo
731 924 945 995 omnia,
977 927 1051 982 ut
1081 924 1210 1000 ipse
1242 923 1452 983 scribit
1483 922 1546 981 in
1579 923 1754 982 litera

470 1014 847 1082 dedicatoria,
890 1031 997 1088 pro
1030 1014 1159 1088 ejus
1192 1013 1299 1088 qui
1330 1011 1490 1071 inter
1520 1030 1628 1071 nos
1660 1015 1755 1072 est

469 1102 685 1162 amoris
708 1101 926 1173 studio,
960 1102 1480 1178 comprobantur.‘
1524 1102 1752 1160 Euche-

466 1193 592 1250 rius
623 1208 762 1251 vero
795 1191 909 1266 ipsi
933 1190 1228 1249 dedicavit
1249 1207 1417 1250 suam
1438 1190 1751 1250 historiam

465 1280 761 1357 passionis
801 1298 875 1339 ss.
907 1279 1175 1339 Mauritii
1206 1279 1282 1343 M.
1299 1279 1536 1338 Floruit
1568 1279 1751 1355 priori

467 1371 648 1445 hujus
700 1387 814 1428 sec.
864 1368 1127 1428 dimidio.
1179 1400 1266 1412 -
1317 1370 1749 1438 ,Musaeu8,

467 1457 861 1517 massiliensis
893 1458 1172 1517 ecclesiae
1202 1457 1533 1534 presbyter,
1566 1457 1659 1517 vir
1686 1457 1752 1517 in

468 1546 691 1606 divinis
724 1547 1048 1623 Scripturis
1080 1547 1290 1606 doctus
1334 1550 1397 1605 et
1440 1547 1503 1605 in
1547 1566 1750 1606 earum

469 1636 747 1695 sensibus
781 1636 1180 1696 subtilissima
1209 1635 1629 1695 exercitatione
1674 1636 1749 1695 li-

467 1729 682 1795 matus,
705 1725 912 1801 lingua
929 1743 1168 1801 quoque
1184 1725 1590 1795 scholasticus,
1612 1726 1746 1785 hor·

467 1817 602 1873 tatu
634 1833 678 1873 s.
701 1812 939 1873 Venerii
970 1832 1060 1889 ep.
1093 1814 1385 1889 excerpsit
1416 1832 1486 1873 ex
1519 1832 1564 1873 s.
1596 1813 1748 1873 Scri·

469 1903 663 1979 pturis
721 1903 1005 1961 lectiones
1067 1902 1256 1961 totius
1317 1903 1458 1961 anni
1520 1902 1751 1962 festivis

470 1996 637 2068 aptas
682 1991 914 2062 diebus,
962 1992 1339 2068 responsoria
1383 1992 1562 2050 etiam
1594 1992 1748 2069 psal-

469 2099 722 2151 morum,
755 2080 1015 2156 capitula
1031 2081 1284 2156 tempori
1316 2084 1374 2139 et
1394 2080 1749 2141 lectionibus

471 2170 876 2247 congruentia.
941 2168 1112 2239 Quod
1143 2187 1294 2245 opus
1326 2172 1450 2228 tam
1481 2187 1748 2229 necessa·

470 2258 626 2317 rium
671 2278 706 2316 a
749 2258 1070 2317 lectoribus
1108 2257 1174 2316 in
1205 2257 1454 2319 ecclesia
1484 2276 1749 2336 compro-

468 2347 665 2417 batur,
713 2349 785 2405 ut
828 2349 1153 2423 expetitum
1187 2350 1248 2406 et
1278 2347 1745 2408 sollicitudinem

468 2436 641 2495 tollat
660 2439 721 2494 et
739 2454 981 2506 moram,
1004 2436 1284 2513 plebique
1301 2437 1540 2514 ingerat
1557 2437 1748 2497 scien-

469 2525 631 2596 tiam,
679 2525 1011 2604 celebritati
1057 2525 1344 2586 decorem.
1411 2526 1525 2586 Sed
1569 2529 1632 2586 et
1675 2526 1745 2585 ad

469 2632 777 2690 personam
811 2633 856 2673 s.
891 2615 1198 2674 Eustachii
1229 2635 1339 2692 ep.,
1393 2617 1747 2675 successoris

469 2722 650 2779 supra
698 2703 844 2762 dicti
895 2704 1153 2764 hominis
1203 2705 1341 2776 Dei,
1413 2706 1748 2782 composuit

469 2796 967 2852 sacramentorum
1000 2794 1307 2871 egregium
1349 2796 1412 2852 et
1452 2812 1576 2853 non
1612 2813 1748 2870 par-

466 2901 609 2941 vum
640 2882 938 2954 volumen,
973 2900 1079 2959 per
1097 2882 1364 2942 membra
1382 2882 1621 2959 quidem
1643 2900 1747 2959 pro

466 2970 915 3046 opportunitate
940 2971 1268 3030 officiorum
1300 2974 1363 3031 et
1390 2975 1745 3048 temporum,

466 3078 571 3136 pro
626 3059 951 3119 lectionum
1027 3063 1196 3119 textu
1263 3062 1747 3137 psalmorumque

467 3150 618 3208 serie
650 3152 712 3207 et
741 3149 1076 3208 cantatione
1095 3148 1437 3221 discretum,
1472 3149 1575 3209 sed
1606 3167 1747 3225 sup-

465 3237 724 3314 plicandi
758 3237 1010 3298 Domino
1057 3241 1119 3298 et
1162 3238 1535 3299 contestandi
1570 3239 1747 3298 bene-

466 3327 734 3385 ficiorum
770 3327 901 3402 eJus
947 3327 1252 3387 soliditate
1297 3328 1394 3387 sui
1440 3330 1747 3387 consenta-

467 3434 663 3478 neum.
713 3413 840 3483 Quo
874 3434 1048 3492 opere
1068 3416 1407 3493 gravissimi
1440 3434 1653 3476 sensus
1686 3420 1748 3475 et

467 3504 789 3580 castigatae
838 3505 1215 3579 eloquentiae
1260 3506 1612 3582 agnovimus
1656 3506 1743 3564 vi·

466 3610 618 3651 rum.
688 3592 978 3652 Homilias
1040 3594 1220 3652 etiam
1283 3594 1503 3654 dicitur
1551 3594 1745 3654 decla-

467 3689 699 3739 masse‘
764 3684 874 3743 etc.
952 3684 1046 3742 Ita
1107 3683 1555 3742 Gennadius
1616 3685 1746 3760 ejus

466 3769 730 3844 aequalis
764 3770 858 3828 vel
892 3788 1113 3848 suppar
1143 3789 1189 3834 c.
1228 3781 1327 3834 79.
1394 3772 1560 3831 Obiit
1588 3772 1749 3832 inter

469 3867 546 3921 45
559 3866 833 3921 7—-461,
899 3859 1092 3936 Opera
1128 3861 1259 3937 ipsa
1290 3861 1745 3932 interciderunt,

467 3946 569 4007 sed
589 3947 839 4007 dubium
858 3967 978 4008 non
1009 3952 1102 4008 est
1132 3967 1202 4008 ex
1234 3949 1593 4009 lectionibus
1622 3949 1746 4009 illis

467 4042 648 4112 atque
679 4038 1077 4112 responsoriis
1122 4041 1303 4114 atque
1350 4041 1744 4098 sacramento·

468 4146 600 4186 rum
633 4127 670 4187 l.
702 4127 878 4202 plura
908 4127 1083 4186 hodie
1116 4145 1426 4202 superesse
1470 4128 1532 4185 in
1576 4126 1747 4185 libris

467 4215 760 4293 liturgicis
778 4211 843 4297 ¹).
867 4240 936 4249 -
953 4216 1254 4285 ,Petrus
1292 4215 1605 4275 ilerdensis
1637 4216 1742 4274 Hi-

469 4305 807 4379 spaniarum
825 4305 1102 4365 ecclesiae
1121 4305 1434 4381 episcopus
1455 4304 1645 4364 edidit
1659 4305 1746 4363 di-

467 4393 652 4451 versis
682 4393 1162 4453 solemnitatibus
1196 4396 1589 4471 congruentes
1619 4413 1747 4452 ora-

467 4482 659 4540 tiones
677 4484 738 4540 et
756 4481 972 4541 missas
993 4483 1252 4561 eleganti
1268 4501 1448 4542 sensu
1464 4486 1526 4541 et
1542 4486 1745 4559 aperto

469 4577 798 4629 sermone.‘
830 4572 921 4630 Ita
951 4571 1310 4631 Isidorus
1342 4572 1497 4648 hisp.
1512 4572 1585 4630 de
1600 4572 1747 4631 viris

550 4761 584 4812 ¹5
613 4756 695 4809 Of.
723 4756 867 4810 Hist.
893 4757 963 4810 de
991 4757 1047 4810 la
1074 4756 1163 4809 Fr.
1193 4757 1259 4820 II,
1287 4765 1586 4814 340—:342.

1809 567 1984 643 plane
2004 566 2363 643 assignat-ur.
2392 564 2578 623 Juxta
2597 565 2646 623 G
2661 584 2696 622 a
2710 585 2768 624 m
2785 584 2812 624 s
2829 565 2953 641 jam
2975 583 3021 629 c.
3042 585 3094 624 a.

1810 666 1935 720 400
1957 677 1970 726 3
2015 656 2190 732 juxta
2238 654 2381 713 alios
2430 654 2673 712 nonnisi
2722 671 2835 714 sec.
2877 653 2973 712 VI.
3006 688 3094 697 -

1808 745 1982 804 Forte
2015 745 2130 803 huc
2176 746 2407 820 spectat
2436 743 2475 801 J
2492 760 2525 801 o
2542 743 2765 801 annis
2812 761 2858 802 s.
2902 762 3091 802 roma-

1809 852 1919 892 nae
1952 832 2246 893 Ecclesiae
2294 831 2526 891 diaconi
2572 831 2825 909 epistola
2869 832 2943 890 ad
2990 831 3092 891 Se-

1809 923 2043 982 narium
2076 922 2274 981 virum
2305 918 2608 980 illustrem
2645 922 2716 979 de
2746 923 2928 980 variis
2957 922 3091 979 riti-

1808 1012 1914 1071 bus
1937 1013 2009 1071 ad
2032 1011 2396 1087 baptismum
2418 1010 2860 1085 pertinentibus
2880 1014 2941 1069 et
2959 1010 3093 1073 aliis

1808 1100 2221 1161 observatione
2240 1099 2440 1176 dignis
2463 1094 2582 1180 (Mi
2599 1118 2641 1177 g
2654 1118 2693 1158 n
2712 1118 2743 1157 e
2763 1099 2910 1169 LIX,
2935 1107 3090 1167 399-

1814 1192 2000 1270 408):
2047 1190 2119 1248 de
2151 1206 2271 1265 quo
2303 1189 2532 1248 Joanne
2564 1188 2680 1247 viri
2712 1187 2936 1247 eruditi
2967 1188 3090 1253 dis-

1809 1281 2044 1355 putant,
2064 1277 2304 1354 quando
2322 1277 2568 1337 vixerit:
2603 1276 2754 1335 Gall
2768 1296 2851 1335 an
2864 1276 2932 1335 di
2957 1294 3093 1337 cum

1808 1369 2060 1426 Murat
2080 1367 2195 1425 ori
2230 1370 2437 1425 contra
2466 1365 2880 1437 Mabillon‚
2914 1367 3091 1424 Mar-

1808 1460 1836 1515 t
1850 1475 1883 1516 e
1898 1476 1939 1515 n
1955 1474 1988 1515 e
2034 1459 2141 1518 etc.
2188 1456 2443 1532 conjicit,
2491 1474 2628 1514 eum
2674 1454 2947 1514 floruisse
2990 1472 3090 1513 ex—

1807 1549 1991 1605 eunte
2023 1563 2134 1608 sec.
2167 1543 2234 1604 V.

1903 1732 2047 1787 245.
2067 1722 2160 1780 Ad
2192 1740 2270 1781 aa
2286 1740 2363 1781 ce
2380 1740 2407 1781 s
2424 1721 2445 1779 i
2463 1741 2519 1779 m
2548 1721 2753 1781 referri
2772 1716 3091 1801 possunt1)

1806 1815 2041 1888 praeter
2083 1816 2176 1870 tot
2224 1811 2542 1887 scriptores
2580 1811 2707 1886 jam
2748 1828 2931 1888 supra
2961 1811 3089 1869 lau-

1885 1985 1922 2051 1)
1949 1980 2469 2035 Praetermittimus
2513 1979 2550 2032 Z
2568 1996 2600 2033 ο
2618 1979 2679 2034 si
2695 1998 2752 2033 m
2768 1997 2807 2034 u
2824 1998 2880 2033 m
2925 1978 3093 2051 (Zosi-

1807 2056 1947 2125 mas)
1973 2053 2240 2106 abbatem
2268 2050 2328 2104 in
2356 2051 2683 2105 Palaestina
2708 2068 2758 2104 a.
2785 2058 2908 2115 432,
2928 2051 3093 2120 cujus

1806 2128 2130 2197 Azata-(zonat
2155 2125 2384 2176 exstant
2419 2122 2481 2176 in
2517 2122 2806 2177 Thesauro
2848 2121 3091 2176 ascetico

1808 2194 2078 2249 Possini
2112 2193 2345 2248 Parisiis
2364 2199 2517 2256 1684,
2535 2192 2763 2275 Migne
2793 2193 3091 2256 LXXVHI,

1810 2268 2178 2324 1679—1702.
2242 2298 2307 2307 ·—
2372 2265 2655 2320 Antonini
2717 2264 2769 2317 H
2787 2282 2819 2319 o
2836 2282 2875 2316 ιι
2890 2280 2923 2318 0
2939 2281 2966 2317 r
2981 2280 3015 2317 a
3030 2263 3093 2318 ti

1805 2337 2062 2408 episcopi
2076 2336 2660 2392 constantinianensis
2675 2335 2977 2417 (cirtensis)
3004 2352 3092 2389 ex-

1806 2412 1921 2464 stat
1944 2412 2162 2478 epistola
2204 2408 2510 2479 apostolici
2554 2407 2793 2478 spiritus
2834 2408 3093 2461 exhorta-

1806 2479 1953 2535 toria
1969 2479 2040 2533 ad
2068 2479 2294 2535 labores
2320 2496 2423 2550 pro
2452 2477 2676 2534 Christo
2721 2478 2984 2532 ferendos
3008 2478 3090 2531 in-

1804 2552 2017 2623 scripta
2068 2551 2241 2614 (intra
2291 2567 2323 2604 a
2364 2554 2632 2623 435—49)
2675 2549 2938 2613 Arcadio,
2990 2549 3093 2618 qui

1842 2627 2039 2694 ropter
2066 2623 2233 2676 fidem
2275 2640 2310 2676 a
2359 2621 2661 2677 Genserico
2711 2622 2774 2675 in
2826 2621 3091 2677 exsilium

1805 2644 1995 2749 fuerat
2043 2695 2259 2764 ejectus
2297 2694 2568 2765 (Migne
2607 2693 2670 2756 L,
2711 2694 2996 2764 567—70).
3024 2726 3090 2732 ——

1805 2769 1854 2818 A
1869 2784 1939 2819 rs
1956 2781 1986 2820 e
2005 2764 2114 2819 nii
2159 2765 2427 2820 eremitae
2472 2763 2734 2836 aegyptii
2778 2768 2825 2836 (†
2867 2772 2975 2818 444
2999 2763 3092 2816 vel

1805 2842 1929 2910 449)
1947 2838 2174 2891 exstant
2192 2840 2300 2891 duo
2313 2855 2577 2892 sermones
2603 2835 2716 2907 (Mi
2787 2854 2826 2889 n
2842 2852 2871 2889 e
2896 2834 3091 2898 LXVI,

1811 2915 1945 2966 1615
1962 2911 2200 2979 -—162·.²).
2227 2907 2400 2962 Tanti
2426 2924 2556 2964 eum
2583 2906 2722 2961 fecit
2829 2906 3092 2961 eodosius

1805 2979 2057 3105 karpau
2082 2978 2464 3104 euml-&derit
2490 2979 2606 3103 mdo
2624 2994 2728 3059 suo
2746 2976 2992 3104 Arga'ldff
3008 2978 3093 3030 in·

1805 3070 1831 3105 s
1907 3070 1945 3105 u
2014 3066 2147 3105 rem.
2226 3068 2249 3104 1
2313 3069 2368 3104 ιιι
2395 3067 2528 3120 ejus
2585 3065 2819 3120 ascripsi
2992 3064 3092 3101 eo·

1804 3122 1989 3176 doru
2007 3140 2034 3176 s
2073 3121 2305 3176 Studita
2341 3121 2403 3179 in
2430 3123 2555 3177 Act.
2582 3120 2678 3175 SS.
2704 3120 2819 3174 Jul.
2848 3121 2943 3185 IV,
2971 3122 3093 3176 617.

1805 3193 1888 3248 Cf.
1940 3193 2204 3247 Hefele
2266 3191 2380 3246 ΚΒ.
2450 3193 2600 3248 1447.
2670 3225 2727 3234 -
2796 3191 3091 3245 Simeon

1804 3263 2037 3333 Stylites
2053 3264 2217 3332 iuxta
2245 3264 2289 3317 T
2304 3264 2345 3316 h
2361 3280 2391 3318 e
2406 3281 2439 3319 o
2457 3264 2494 3317 d
2511 3280 2544 3318 0
2560 3281 2589 3316 r
2604 3279 2634 3317 e
2649 3265 2675 3316 t
2691 3281 2727 3316 ιι
2745 3282 2818 3325 ιιι,
2846 3261 2949 3331 qui
2969 3262 3092 3330 ejus

1804 3337 1982 3390 vitam
2009 3334 2326 3407 descripsit,
2364 3334 2569 3389 mundi
2594 3334 2942 3389 miraculum
2967 3349 3091 3403 pro·

1803 3411 1931 3478 pter
1955 3406 2158 3462 miram
2199 3406 2377 3462 vitam
2418 3422 2521 3477 per
2559 3422 2613 3461 a.
2651 3405 2767 3460 fere
2794 3412 2864 3461 50
2902 3404 2965 3458 in
3004 3420 3092 3457 co-

1804 3480 2004 3533 lumna
2045 3477 2219 3549 (unde
2260 3478 2383 3548 ejus
2424 3492 2759 3548 cognomen,
2803 3487 2831 3539 †
2860 3483 2908 3531 2.
2935 3475 3092 3545 Sept..

1805 3554 1948 3621 459),
1972 3549 2212 3618 reliquit
2250 3548 2528 3618 quasdam
2579 3546 2775 3601 literas
2816 3563 2851 3600 a
2890 3546 3093 3600 Nice·

1803 3621 1898 3692 ph
1918 3636 2045 3675 oro
2073 3620 2141 3674 H.
2169 3619 2232 3673 E.
2260 3621 2407 3684 XIV,
2436 3627 2499 3675 51
2522 3641 2534 3678 z
2561 3618 2683 3684 XV,
2714 3625 2797 3675 13.
2829 3624 2895 3674 19
2919 3633 3090 3671 asser-

1804 3695 1983 3756 vatas,
2010 3691 2071 3745 in
2093 3691 2299 3774 primis
2326 3710 2412 3762 ep.
2439 3695 2505 3745 de
2527 3700 2699 3745 mor-te
2722 3692 2932 3744 assidue
2955 3695 3092 3757 coyt·-

1803 3768 1985 3818 tanda.
2038 3762 2178 3831 Ejus
2223 3772 2359 3827 acta,
2409 3760 2688 3815 miracula
2738 3759 3092 3832 praesertim,

1805 3833 2130 3905 conscripta
2173 3835 2334 3888 fuere
2378 3832 2612 3902 syriace.
2658 3834 2728 3886 ut
2768 3832 3014 3895 videtur,
3057 3847 3093 3883 a

1805 3905 1950 3960 Sim
1967 3922 1996 3960 e
2015 3923 2046 3959 ο
2065 3924 2104 3958 ιι
2122 3923 2151 3960 e
2196 3904 2314 3959 filio
2345 3903 2640 3974 Apollonii
2669 3905 2730 3957 et
2752 3919 2786 3955 a
2812 3903 3093 3956 Barhatar

1805 3976 1923 4030 filio
1964 3975 2193 4030 Oudani
2233 3993 2279 4029 c.
2306 3992 2357 4029 a.
2385 3979 2508 4039 472,
2548 3974 2707 4028 edita
2731 3990 2765 4027 a
2807 3973 2985 4044 Bedj
3002 3990 3035 4025 a
3052 3991 3090 4025 n

1803 4047 1954 4101 inter
1995 4049 2139 4101 Acta
2177 4047 2313 4100 MM.
2347 4045 2438 4110 lV,
2482 4049 2587 4102 507
2613 4064 2715 4105 ss.;
2754 4050 2920 4100 vitam
2968 4045 3093 4114 ejus

1803 4118 2107 4200 descripsit
2129 4121 2178 4171 A
2197 4138 2234 4172 n
2253 4122 2277 4171 t
2291 4136 2323 4173 o
2341 4117 2416 4171 ni
2435 4136 2469 4171 u
2489 4136 2530 4176 s.
2577 4116 2892 4172 monachus
2918 4118 3093 4184 atque

1805 4191 1929 4260 ejus
1955 4190 2289 4260 discipulus,
2317 4206 2489 4258 quam
2505 4188 2685 4242 latine
2713 4191 2794 4260 (et
2818 4189 2964 4241 sorte
2989 4186 3092 4240 im-

1803 4264 2109 4333 mutatam)
2133 4262 2312 4315 habes
2339 4260 2400 4314 in
2428 4258 2587 4314 Actis
2615 4260 2710 4313 SS.
2736 4259 2809 4313 ad
2839 4268 2887 4314 5.
2903 4258 3030 4311 Jan.
3048 4258 3093 4322 I,

1804 4338 2103 4389 264—268.
2169 4333 2251 4386 Of.
2305 4332 2341 4384 Z
2360 4330 2381 4384 i
2398 4350 2435 4384 n
2453 4351 2491 4401 g
2508 4348 2537 4384 e
2553 4330 2619 4384 rl
2636 4348 2664 4384 e
2728 4330 2917 4384 Leben
2971 4328 3089 4384 und

1803 4403 2046 4458 Wirken
2059 4403 2157 4456 des
2169 4404 2226 4456 h.
2243 4404 2487 4471 Symeon
2501 4402 2755 4471 stylites,
2775 4399 3094 4455 Innsbruck

1809 4482 1961 4539 1885,
1988 4479 2048 4527 et
2070 4474 2184 4527 KL.
2212 4475 2306 4538 XI,
2338 4476 2721 4534 1071-1073;
2750 4473 2796 4526 D
2814 4490 2852 4527 u
2872 4473 2990 4525 val
3014 4470 3096 4524 La

1806 4545 2001 4599 Litter.
2017 4562 2127 4615 syr.
2143 4566 2198 4617 p.
2220 4553 2350 4607 16ος
2378 4553 2499 4609 352,
2513 4545 2686 4614 juxta
2707 4559 2878 4613 quem
2903 4558 3096 4597 mono·

1802 4617 2068 4688 physitae
2095 4634 2226 4671 eum
2265 4616 2380 4670 sibi
2418 4615 2720 4671 vindicant
2754 4615 2827 4670 ob
2865 4614 3096 4681 aliquot

1804 4704 1948 4756 quas
1975 4688 2264 4758 scripsisse
2292 4687 2474 4741 fertur
2513 4686 2730 4742 literas.
2780 4686 2888 4741 Sed
2929 4684 3095 4739 dubi·

1804 4762 1925 4812 tare
1952 4759 2101 4822 licet,
2131 4778 2267 4813 num
2296 4758 2411 4812 sint
2438 4757 2742 4829 genuinae.
2793 4756 2925 4813 Alia
2949 4757 3095 4826 ejus-
