3505 5161
558 228 682 280 959
1219 215 1346 265 1001
1370 218 1583 266 -11150,
1612 210 1885 264 Historia.
1917 212 2233 273 Aimonius,
2265 210 2518 281 Heriger,
3047 229 3164 281 960

552 395 784 471 aliaque
816 394 889 453 ad
923 398 1267 470 computum
1303 396 1647 471 spectantia,
1682 414 1833 470 quae
1889 398 1986 457 cit.
2018 417 2075 473 p.
2115 405 2391 461 797-871
2419 418 2432 467 ;
2476 399 2538 455 et
2568 396 2748 456 etiam
2780 396 2843 454 in
2877 396 2958 454 du
2990 396 3167 455 Bois

554 484 732 542 habes
765 484 826 543 in
859 483 1056 560 Migne
1089 484 1149 547 P.
1185 485 1244 542 L.
1278 484 1569 554 CXXXIX,
1612 494 1831 546 417-
1885 485 2025 544 bibl.
2059 487 2180 549 flor.
2213 506 2269 561 p.
2295 496 2620 550 79—148.
2650 520 2720 529 —
2750 485 2924 544 Liber
2955 487 3025 543 de
3053 494 3166 543 vita

552 584 585 637 5
601 584 697 635 78.
1886 583 1937 633 et
1967 575 2187 633 actibus
2206 576 2486 633 abbatum
2508 574 2959 643 floriacensium,
2994 575 3168 649 cujus

1886 664 2161 723 meminit
2210 664 2274 723 in
2325 684 2430 722 sua
2479 665 2602 722 vita
2647 663 2918 722 Abbonis
2965 682 3014 721 c.
3074 674 3168 727 16.

644 761 784 814 532.
820 752 1015 810 Vitam
1036 752 1225 827 ipsius
1242 750 1288 831 ¹)
1309 752 1457 810 bene
1478 756 1538 811 et
1559 756 1831 811 accurate
1886 754 2134 828 periisse
2167 754 2423 816 videtur,

548 841 864 917 descripsit
894 841 1033 899 stilo
1065 860 1214 916 puro
1260 844 1321 898 et
1367 840 1555 916 polito
1594 845 1831 916 praeter

549 930 714 988 illius
748 931 876 989 aevi
909 949 1127 988 morem
1161 930 1565 989 Aimonius
1600 926 1827 1009 (Anon-
1979 942 2122 993 533.
2173 932 2345 989 Gesta
2378 932 2720 1003 pontificum
2760 931 3166 1005 tunyrensium

549 1020 701 1088 niue,
752 1015 1005 1099 Haymo)
1037 1040 1094 1080 n.
1128 1022 1190 1076 in
1223 1019 1436 1095 oppido
1470 1020 1543 1077 ad
1574 1019 1828 1078 Francos
1884 1028 1932 1079 et
1975 1020 2347 1078 leodiensium
2392 1040 2426 1078 a
2471 1021 2527 1077 b.
2574 1020 2926 1078 Materno
2974 1020 3171 1094 primo

546 1103 997 1189 (villefranche)
1034 1108 1096 1168 O.
1119 1108 1173 1169 S.
1193 1109 1334 1165 Ben.
1355 1108 1620 1167 Abbonis
1649 1108 1828 1167 disci·
1885 1109 2169 1169 leodiensi
2201 1108 2478 1184 episcopo
2511 1127 2704 1184 usque
2752 1108 2825 1167 ad
2869 1110 2926 1169 b.
2961 1107 3172 1166 Rema-

546 1193 789 1277 pulus²)
867 1202 925 1255 et
1000 1197 1269 1271 martyrii
1330 1197 1596 1272 ejusdem
1656 1198 1829 1256 testis
1883 1200 2039 1257 clum
2074 1217 2163 1273 ep.
2196 1198 2410 1255 XXVII
2441 1195 2511 1273 (c.
2551 1197 2702 1274 667)
2745 1200 2991 1255 narrant
3024 1197 3173 1254 He·

545 1280 607 1367 (†
638 1282 846 1366 1008).
895 1285 1033 1343 Eam
1070 1286 1248 1343 habes
1280 1287 1340 1344 in
1365 1285 1457 1345 Jo.
1479 1286 1552 1344 de
1583 1287 1826 1345 Bosco
1884 1288 2099 1363 riget
2148 1292 2208 1344 et
2258 1287 2701 1356 AnselmuS,
2755 1305 3016 1361 quorum
3071 1284 3172 1343 ille

545 1375 688 1432 bibl.
711 1375 1058 1443 floriacensi,
1093 1375 1365 1451 Lugduni
1395 1386 1558 1438 1605
1587 1395 1640 1451 p.
1667 1385 1824 1438 299-
1882 1376 2058 1435 etiam
2082 1376 2336 1452 Hariger
2351 1375 2565 1444 dictus,
2583 1374 3175 1434 unusedoctioribus

550 1474 707 1534 3483
744 1464 804 1521 in
839 1464 1287 1522 Mabillonii
1322 1468 1448 1523 Act.
1485 1464 1578 1533 VI,
1622 1476 1672 1534 l,
1711 1474 1823 1528 37-
1883 1465 2109 1540 periodi
2141 1465 2319 1540 huius
2364 1464 2527 1535 viris,
2575 1465 2886 1541 ingressus
2921 1466 3020 1522 est
3052 1482 3174 1522 mo-

551 1562 663 1623 583
711 1554 773 1610 in
821 1553 911 1610 Mi
930 1571 1073 1631 gne
1121 1554 1182 1610 P.
1216 1554 1276 1612 L.
1309 1557 1352 1611 t.
1385 1554 1481 1615 cit.
1513 1573 1573 1628 p.
1610 1563 1822 1617 387—
1881 1554 2210 1613 nasterium
2241 1554 2507 1613 lobiense
2542 1553 2863 1631 (hanbach,
2906 1549 3175 1631 Lobbes)

547 1652 692 1703 414.
771 1642 1160 1717 Praecipuum
1224 1647 1423 1701 tamen
1474 1644 1603 1717 ejus
1654 1661 1821 1718 opus,
1882 1643 1945 1703 Ο.
1980 1642 2035 1700 S.
2067 1643 2209 1701 Ben.
2257 1662 2302 1702 c.
2350 1662 2398 1700 a.
2450 1653 2593 1712 955,
2643 1642 2707 1700 in
2751 1660 2870 1718 quo
2917 1659 3175 1699 munere

543 1749 663 1790 non
713 1731 868 1788 tanti
917 1733 1113 1790 tamen
1165 1732 1361 1807 pretii,
1420 1736 1509 1790 est
1561 1731 1826 1790 Historia
1880 1732 2212 1790 scholastici
2260 1732 2410 1790 rexit
2456 1731 2686 1789 scholas
2720 1750 2936 1808 magna
2968 1730 3177 1789 erudi-

544 1819 910 1878 Francorum
955 1839 1061 1879 seu
1106 1820 1167 1878 ll.
1201 1820 1280 1879 IV
1319 1820 1390 1878 de
1421 1821 1611 1897 gestis
1642 1821 1823 1878 Fran·
1879 1821 2063 1879 tionis
2097 1821 2263 1881 fama.
2326 1819 2554 1897 Notger
2584 1819 2903 1879 leodiensis
2936 1820 3173 1895 episco-

542 1927 746 1968 corum
780 1910 851 1966 ab
885 1929 933 1968 a.
970 1918 1115 1979 252,
1166 1928 1316 1984 quae
1347 1910 1628 1985 prosequi
1660 1910 1819 1985 cogi·
1880 1929 1991 1986 pus
2022 1910 2277 1985 negotiis
2311 1912 2505 1967 status
2541 1910 2654 1967 sub
2689 1909 2906 1968 Ottone
2939 1908 3023 1966 II.
3059 1908 3171 1965 im·

542 2000 710 2056 tabat
741 1998 813 2056 ad
846 2017 893 2059 a.
935 2008 1077 2067 752,
1127 1998 1231 2055 sed
1278 1999 1559 2057 substitit
1589 1998 1652 2056 in
1683 1999 1821 2056 fun·
1879 1999 2124 2074 plicitus
2147 1999 2275 2072 ejus
2295 2016 2471 2073 opera
2491 1998 2651 2056 haud
2671 2017 2882 2074 parum
2914 1998 2994 2056 ob
3029 2015 3173 2072 pru·

542 2087 784 2145 datione
835 2087 1174 2145 monasterii
1235 2087 1599 2147 floriacensis
1660 2106 1707 2144 c.
1772 2107 1822 2148 a.
1877 2087 2136 2146 dentiam
2169 2089 2229 2145 et
2249 2086 2659 2145 dexteritatem
2681 2105 2827 2146 usus
2849 2090 2962 2156 est,
3000 2103 3171 2144 eum·

547 2185 689 2238 654.
767 2176 973 2234 Cetera
1017 2176 1208 2252 igitur
1251 2196 1285 2233 a
1328 2178 1365 2237 l.
1412 2176 1491 2234 IV
1538 2194 1582 2234 c.
1633 2186 1711 2237 42
1763 2179 1824 2234 et
1879 2195 1994 2251 que
2055 2177 2283 2234 romani
2344 2176 2580 2234 itineris
2642 2175 2869 2235 socium
2947 2174 3171 2233 habere

542 2265 581 2321 l.
601 2263 667 2322 V.
688 2283 879 2339 usque
910 2264 982 2321 ad
1013 2284 1062 2322 a.
1095 2275 1278 2337 1165,
1310 2284 1463 2340 quae
1482 2268 1823 2340 comparent
1876 2264 2085 2324 voluit.
2148 2264 2384 2323 Electus
2431 2266 2521 2323 est
2560 2264 2833 2323 unanimi
2868 2263 3171 2322 sodalium

540 2354 604 2411 in
624 2353 979 2428 quibusdam
1014 2353 1177 2411 codd.
1210 2360 1272 2411 et
1303 2354 1682 2423 editionibus,
1717 2354 1820 2411 ad-
1877 2353 2161 2430 suffragio
2192 2352 2270 2427 inv
2289 2354 2564 2412 abbatem
2597 2372 2646 2416 a.
2671 2364 2796 2416 990
2824 2348 2888 2434 (†
2911 2362 3017 2414 31.
3041 2353 3167 2412 Oct.

541 2441 664 2500 dita
684 2445 827 2500 sunt
847 2462 881 2500 a
900 2444 1181 2501 monacho
1201 2444 1453 2517 quodam
1477 2462 1522 2500 s.
1545 2442 1821 2501 Germani
1888 2441 2096 2523 1007).
2162 2443 2325 2500 Inter
2356 2444 2655 2517 sapientes
2689 2442 3030 2500 habebatur
3075 2458 3168 2499 ce·

541 2530 810 2607 aliisque,
850 2531 954 2608 qui
988 2536 1050 2590 et
1080 2531 1341 2592 Aimonii
1372 2535 1601 2591 textum
1635 2532 1819 2591 inter·
1875 2531 2248 2600 leberrimus‚
2291 2550 2467 2608 quem
2501 2530 2755 2591 maximo
2789 2549 2925 2590 cum
2960 2531 3170 2590 fructu

540 2621 837 2697 polarunt.
909 2621 1071 2697 Opus
1117 2625 1209 2679 est
1255 2623 1396 2680 stilo
1440 2621 1626 2680 latino
1673 2621 1819 2680 satis
1874 2621 2067 2680 literis
2087 2621 2363 2679 docendis
2382 2639 2623 2680 navasse
2643 2639 2885 2697 operam
2903 2621 3168 2696 probant

538 2711 711 2780 bono,
755 2710 856 2768 sed
890 2728 1008 2768 non
1040 2714 1210 2769 tanta
1239 2729 1394 2781 cura,
1442 2713 1513 2768 ut
1556 2729 1665 2785 par
1708 2713 1816 2779 est,
1874 2709 2323 2785 discipulorum,
2357 2728 2506 2784 quos
2527 2709 2805 2779 erudivit,
2827 2709 3171 2768 clarissima

540 2799 974 2858 concinnatum.
1050 2799 1283 2858 Prodiit
1332 2799 1570 2857 Parisiis
1634 2806 1817 2869 1514,
1874 2799 2129 2857 nomina.
2199 2798 2449 2867 ,Raram
2483 2799 2603 2856 illis
2635 2799 3039 2874 temporibus,
3067 2801 3170 2874 ju·

539 2888 961 2957 ed.mendosa;
995 2889 1194 2947 studio
1214 2887 1269 2946 J.
1292 2889 1584 2947 Nicolii
1618 2907 1818 2946 emen·
1874 2887 2001 2945 dice
2034 2888 2372 2962 Koepke,
2424 2906 2493 2945 ex
2525 2891 2796 2946 veterum
2830 2890 2893 2946 et
2921 2893 3170 2963 patrum

538 2978 694 3046 data,
729 2978 806 3036 ib.
838 2995 883 3035 s.
903 2997 952 3034 a.
975 2974 1234 3056 (1567);
1268 2979 1424 3052 apud
1451 2976 1818 3035 Duchesne
1873 2976 2409 3035 ecclesiasticorum
2431 2977 2669 3051 scriptis
2704 2977 2823 3034 sibi
2856 2995 3170 3052 compara·

538 3066 693 3123 Hist.
737 3066 829 3127 Fr.
872 3066 1079 3140 Script.
1110 3066 1216 3134 111,
1272 3078 1322 3134 l,
1379 3076 1518 3134 120,
1567 3063 1819 3146 (absque
1875 3065 1964 3124 vit
1995 3065 2422 3135 eruditionem3
2456 3066 2650 3124 multa
2683 3066 2835 3141 legit
2866 3069 2929 3124 et
2960 3085 3170 3125 secum

538 3154 1103 3229 interpolationibus
1127 3154 1655 3229 additionibusque
1675 3154 1816 3212 alie·
1873 3154 2234 3230 cogitavitz‘
2268 3171 2546 3228 unusque
2580 3172 2647 3211 ex
2673 3153 2878 3229 paucis
2898 3154 3040 3224 fuit,
3062 3154 3170 3230 qui

538 3239 676 3324 nis),
729 3244 1087 3317 Bouquet
1138 3243 1267 3300 Rec.
1319 3241 1424 3310 III,
1480 3253 1816 3311 21-143;
1865 3242 2094 3317 judicio
2128 3243 2338 3301 saltem
2371 3242 2751 3317 aliquantum
2786 3243 2996 3302 critico
3033 3248 3168 3301 ute·

538 3333 635 3403 XI,
673 3341 989 3401 274-2763
1038 3332 1290 3407 Migne
1323 3331 1618 3401 CXXXIX,
1662 3341 1817 3393 627-
1873 3326 2122 3412 retur¹)‚
2157 3334 2228 3389 ut
2261 3332 2452 3405 liquet
2482 3350 2553 3388 ex
2584 3332 2716 3406 ejus
2747 3332 2823 3390 ad
2846 3331 3169 3409 Hugonem

545 3432 665 3484 798
702 3419 941 3500 (11.1V).
971 3454 1059 3462 —
1092 3421 1371 3495 Ejusdem
1404 3438 1642 3496 quoque
1675 3423 1820 3478 sunt
1873 3420 2167 3494 quendam
2213 3420 2565 3478 monachum
2612 3438 2728 3494 ep.,
2782 3421 2846 3478 in
2897 3440 3021 3495 qua
3073 3440 3169 3478 re-

545 3511 873 3568 Translata'o
908 3511 969 3568 P.
1005 3509 1299 3567 Benedicti
1309 3530 1334 3581 ,·
1365 3509 1427 3567 ll.
1464 3520 1498 3570 2
1533 3510 1603 3565 de
1633 3511 1816 3565 mira·
1873 3508 2125 3582 spondet
2153 3508 2603 3584 quaestionibus
2636 3509 2755 3567 sibi
2788 3511 2862 3568 ab
2910 3529 2979 3568 eo
3030 3528 3170 3585 pro-

536 3601 681 3656 culis
724 3618 768 3657 s.
810 3598 1097 3656 Benedicti
1142 3599 1205 3655 in
1251 3599 1378 3658 Act.
1413 3597 1508 3660 SS.
1543 3597 1816 3655 Mabil·
1871 3597 2084 3671 positis
2118 3597 2190 3656 de
2221 3597 2584 3666 diversitate,
2617 3617 2772 3672 quae
2804 3598 3169 3674 Dionysium

539 3686 736 3745 lonii
788 3686 885 3757 IV,
948 3696 1005 3758 2,
1071 3697 1193 3748 356
1266 3704 1398 3743 cum
1448 3704 1704 3744 sermone
1751 3686 1817 3743 in
1873 3680 2222 3768 (Exiguum)
2282 3686 2439 3743 inter
2483 3687 2545 3744 et
2594 3686 2822 3745 Bedam
2884 3687 3167 3748 occurrit.

538 3776 869 3833 festivitate
903 3794 947 3833 s.
984 3776 1046 3835 P.
1086 3774 1410 3843 Benedicti,
1444 3775 1539 3832 cui
1571 3774 1812 3849 adjunc·
1874 3773 2024 3831 circa
2056 3774 2284 3850 cyclum
2307 3774 2660 3850 paschalem,
2694 3776 2967 3850 aliasque
3003 3773 3166 3857 (Vll)

535 3868 665 3922 tum
699 3868 788 3922 est
819 3882 1069 3934 carmen,
1119 3864 1317 3923 omnia
1364 3863 1425 3920 in
1472 3863 1725 3939 Migne
1774 3867 1815 3923 t.
1871 3861 1998 3936 ipse
2058 3862 2149 3919 illi
2211 3862 2471 3921 vicissim
2531 3865 2819 3940 proponit
2898 3865 3169 3923 enodan-

1872 3953 1976 4008 das
2021 3950 2404 4010 difficultates
2459 3952 2910 4030 chronologicas
2975 3950 3168 4035 (apud

618 4057 652 4122 ¹)
681 4051 763 4106 Cf.
792 4051 936 4104 Hist.
964 4051 1051 4104 lit.
1077 4051 1199 4114 Vll,
1230 4055 1487 4108 159·183;
1524 4048 1816 4102 Pardiac
1873 4041 2221 4098 Martene
2254 4039 2419 4099 Thes.
2459 4041 2678 4099 Anecd.
2731 4053 2780 4109 l,
2825 4041 3167 4120 112-118).

537 4123 786 4177 Histoire
813 4122 881 4175 de
910 4140 951 4175 S.
979 4122 1184 4177 Abbon
1213 4160 1225 4173 .
1255 4160 1269 4175 .
1298 4161 1309 4172 .
1349 4136 1486 4173 avec
1523 4137 1602 4173 un
1643 4119 1817 4174 intro·
1872 4128 2250 4204 Cogitavergt
2325 4129 2566 4204 qudem
2658 4135 2831 4205 gesta
2917 4131 3164 4189 illorum

537 4194 771 4249 duction
816 4211 913 4273 sur
952 4193 1003 4246 le
1044 4193 1122 4273 Xe·
1158 4191 1345 4255 siecle,
1384 4189 1619 4275 Parisiis
1663 4195 1816 4271 1872.
1914 4217 2216 4274 ontificum
2282 4217 2354 4276 ad
2431 4238 2540 4276 sua
2617 4237 2690 4277 us
2738 4239 2813 4278 ue
2892 4223 3016 4278 tem
3103 4238 3167 4276 ra

537 4283 681 4335 opus
707 4265 999 4319 eruditum
1024 4264 1274 4331 quidem,
1317 4262 1412 4315 sed
1455 4263 1598 4314 torte
1626 4279 1817 4316 minus
1871 4237 1908 4291 p
2696 4239 2733 4293 q
3020 4238 3098 4296 Po

536 4334 831 4390 criticum:
883 4334 955 4384 W
973 4350 1001 4386 e
1018 4351 1045 4385 r
1064 4352 1095 4384 n
1115 4350 1144 4386 e
1160 4351 1189 4386 r
1229 4334 1468 4387 Gerbert
1512 4331 1722 4402 passim
1751 4336 1819 4386 ut

536 4423 668 4476 pag.
702 4414 801 4462 124
827 4424 928 4464 ss.;
957 4412 1059 4460 205
1087 4422 1186 4463 ss.;
1214 4409 1319 4462 266
1346 4421 1413 4458 ss.
1952 4407 1986 4474 ¹)
2016 4403 2096 4459 cf.
2151 4403 2456 4457 Werner
2505 4403 2748 4459 Gerbert
2795 4421 2853 4474 p.
2908 4411 3014 4460 202
3067 4422 3165 4458 ss.:

613 4481 653 4547 2)
681 4477 760 4531 Cf.
807 4476 953 4530 Hist.
1001 4475 1083 4528 lit.
1129 4474 1254 4539 VII,
1306 4478 1589 4530 216-228
1659 4475 1815 4545 apud
1872 4479 1978 4530 208
2003 4493 2074 4536 s.;
2103 4481 2208 4530 224
2232 4492 2290 4530 e..
2333 4474 2432 4529 ubi
2476 4475 2545 4528 de
2573 4492 2639 4530 eo
2667 4474 2846 4530 dicit:
2887 4475 3004 4529 Dae
3049 4492 3164 4528 ver-

537 4547 685 4617 Mig
704 4564 785 4600 ne
826 4548 859 4601 1.
903 4567 947 4601 c.
991 4565 1045 4614 p.
1075 4550 1407 4612 617-628);
1460 4544 1501 4596 Ρ
1520 4547 1632 4597 ott
1702 4548 1819 4598 ast
1872 4545 2064 4599 diente
2112 4545 2244 4608 Lob,
2295 4546 2451 4598 einer
2501 4546 2602 4598 der
2646 4545 2822 4601 fleissi
2867 4550 2995 4600 sten
3043 4547 3164 4601 und

538 4635 594 4684 p.
635 4625 732 4673 28:
784 4618 1018 4673 Schiiz
1059 4634 1114 4684 p.
1156 4625 1381 4672 49—51.
1435 4615 1513 4667 De
1554 4615 1667 4669 alio
1709 4616 1817 4669 Ai·
1871 4618 2252 4670 achtsamsten
2317 4618 2594 4671 Sammler
2656 4617 2777 4670 und
2950 4619 3166 4673 rbeiter

540 4706 594 4738 m
612 4706 643 4740 o
661 4705 697 4739 n
716 4689 733 4739 i
752 4706 801 4742 o.
830 4688 1076 4755 quicum
1097 4688 1203 4741 hoc
1220 4704 1383 4757 saepe
1402 4685 1515 4739 fuit
1529 4688 1816 4746 confusus,
1873 4687 2359 4809 {eschichtlichen
2384 4688 2588 4742 Stoffes
2627 4704 2894 4758 gewesen
2922 4708 2995 4743 zu
3021 4689 3163 4744 sein.

540 4774 713 4823 supra
741 4758 962 4825 egimus
988 4777 1043 4826 p.
1070 4766 1189 4810 852.
1915 4775 2027 4810 ann
2057 4760 2175 4813 ihm
2201 4759 2367 4812 nicht
2392 4761 2620 4830 versagt
2645 4759 2896 4814 werden.
