3505 5161
405 267 523 321 241

1317 251 1370 305 S.
1397 250 1430 305 J
1435 267 1645 305 oannes
1673 249 2118 321 ChrysostomnS.

2896 266 3018 320 242

400 456 542 496 nere
575 436 912 513 episcopali.
975 436 1367 496 concionibus
1417 436 1543 495 suis
1576 456 1678 513 ag-
1738 438 2155 513 chrysostomo
2177 435 2444 510 alioquin
2466 435 2773 505 offensum,
2797 439 2859 494 et
2879 437 3020 512 qnia

399 544 643 604 gressus
670 528 767 583 est
797 525 1158 585 adversarios
1208 526 1398 585 omnis
1448 527 1682 602 generis
1737 531 1945 586 contra
1990 527 2119 601 ejus
2165 526 2536 584 voluntatem
2568 525 2793 583 electus
2825 525 3021 583 fuerat

398 615 541 675 fidei
585 614 924 686 catholicae,
970 614 1009 673 J
1014 615 1249 686 udaeos,
1295 615 1680 684 Manichae08‚

401 705 655 763 Arianos
686 707 813 775 etc.‚
847 705 1027 778 atque
1051 705 1327 763 libertate
1361 704 1683 779 apostolica

1735 768 1864 804 rum
1890 749 2312 820 scripturarum
2333 746 2676 802 testimoniis
2697 764 2944 817 arguens
2964 752 3023 802 et

400 795 467 853 in
516 793 661 852 Vitia
708 797 1137 869 corruptosque
1200 793 1682 851 antioehenorum
1737 822 2079 877 convincens
2120 820 2386 877 ostendit,
2428 818 2608 872 Deum
2650 819 2793 872 etin
2830 836 3020 889 corpo·

399 882 634 942 invexit
662 900 853 940 mores
898 901 1112 959 mgna
1152 882 1493 941 audit-orum
1524 900 1682 941 Gom·
1735 910 1899 946 reum
1917 894 2089 962 juxta
2115 895 2347 960 patrum
2373 890 2541 944 fidem
2563 890 2906 944 credendum
2929 908 3020 943 ne-

399 971 663 1030 mofione
681 972 741 1029 et
755 971 973 1033 fructu,
1004 971 1470 1030 praestantiores
1490 971 1682 1046 ipsius
1738 982 1850 1032 que
1877 964 2010 1019 ullis
2031 964 2263 1017 omnino
2304 962 2687 1015 membrorum
2713 962 3021 1017 lineamen-

401 1059 679 1120 homiliae
705 1060 886 1135 hujus
908 1060 1051 1119 sunt
1070 1059 1298 1136 periodi
1320 1055 1682 1141 (387-397).

399 1150 584 1208 Initio
646 1150 889 1225 quidem
949 1150 1150 1225 potius
1211 1152 1503 1208 oratorem
1560 1149 1685 1226 egit

401 1258 582 1313 quam
601 1238 1011 1313 interpretem.
1044 1240 1216 1297 Anno
1230 1238 1410 1297 tertio
1433 1235 1510 1320 (a.
1531 1235 1682 1319 388)

399 1330 666 1404 integros
698 1345 742 1387 s.
777 1326 1119 1402 Scripturae
1164 1328 1347 1386 libros
1393 1345 1683 1402 exponere

399 1416 617 1492 coepit,
652 1416 736 1473 ita
767 1417 839 1473 nt
870 1416 1124 1492 singulis
1153 1417 1276 1475 fere
1306 1416 1474 1474 annis
1495 1434 1683 1474 unum

397 1508 598 1564 totum
631 1505 962 1581 explicaret.

502 1693 524 1744 1
542 1692 576 1745 3
588 1691 644 1744 2.
675 1682 926 1741 Interim
944 1684 1203 1742 moritur
1220 1684 1537 1743 Nectarius
1557 1684 1683 1760 epi-

400 1790 620 1847 scopus
651 1772 1328 1849 constantinopolitanus
1364 1769 1494 1855 (27.
1526 1773 1684 1848 Sept.

403 1858 590 1942 397):
642 1861 707 1919 in
737 1862 867 1936 ejus
898 1861 1091 1920 locum
1122 1880 1154 1919 a
1185 1862 1342 1921 clero
1372 1864 1435 1920 et
1462 1863 1686 1938 populo

400 1950 812 2009 consentiente
873 1951 1143 2021 Arcadio,
1221 1951 1446 2010 frustra
1506 1970 1683 2026 repu-

399 2041 628 2116 gnante
647 2039 972 2115 Theophilo
996 2040 1392 2110 alexandrinO,
1425 2040 1464 2097 J
1467 2058 1686 2099 oannes

402 2130 497 2187 est
528 2128 774 2198 electus,
808 2131 989 2203 atque
1018 2129 1079 2187 vi
1115 2133 1176 2188 et
1208 2129 1345 2188 dolo
1376 2129 1688 2188 Antiochia

1737 1037 1812 1089 tis
1854 1035 2251 1106 compositum,
2292 1036 2349 1085 et
2419 1034 2489 1086 ob
2541 1033 2598 1086 id
2659 1032 2809 1088 nihil
2858 1033 2911 1087 ei
2961 1033 3022 1086 in

1738 1107 2013 1161 creaturis
2083 1106 2266 1160 simile
2311 1121 2412 1174 per
2457 1106 2858 1167 substantiam,
2919 1122 3024 1159 nec

1737 1178 2009 1246 cuiquam
2085 1175 2690 1246 incorruptibilitatem
2774 1175 2860 1228 vel
2921 1175 3022 1229 irn-

1738 1249 2184 1304 mutabilitatem
2210 1254 2314 1301 aut
2331 1246 2856 1317 incorporalitatem
2888 1264 3022 1300 suae

1737 1320 1957 1374 dedisse
1985 1324 2242 1383 naturae,
2271 1319 2366 1371 sed
2407 1335 2524 1371 esse
2553 1334 2745 1371 omnes
2771 1317 3024 1373 intellec·

1738 1393 1923 1445 tuales
1949 1396 2185 1445 naturas
2211 1406 2526 1459 corporeas,
2567 1406 2760 1443 omnes
2795 1406 3024 1460 corrup-

1738 1464 1946 1527 tibiles,
1968 1480 2162 1516 omnes
2182 1461 2504 1515 mutabiles.
2529 1462 2596 1513 nt
2615 1460 2715 1515 ille
2736 1462 2888 1515 solus
2908 1478 3023 1514 cor-

1737 1533 2224 1658 ruptiibffipatilet
2265 1531 2650 1657 fftsstazbilitati
2688 1534 3023 1657 {icintsglbja-

1803 1624 1833 1658 a
1869 1647 1880 1669 ‚
1964 1624 2025 1658 ιιι
2069 1623 2129 1658 so
2159 1623 2224 1657 us
2305 1620 2338 1656 a
2382 1620 2410 1657 e
2482 1620 2683 1657 immor
2714 1620 2744 1654 a
2770 1620 2788 1654 1
2883 1617 3018 1660 em.“

1738 1622 2061 1745 iitrunilque
2082 1693 2224 1747 opus
2284 1675 2433 1727 eriit.
2459 1676 2780 1744 Supersunt
2797 1673 3026 1742 aliquot

1738 1751 1984 1818 epistolae
2027 1694 2339 1816 paschales,
2385 1762 2630 1814 quarum
2669 1748 2784 1798 tres
2822 1762 2874 1798 a.
2901 1753 3024 1802 301.

1740 1827 1844 1875 302
1871 1822 1931 1873 et
1955 1827 2060 1875 304
2087 1820 2138 1872 H
2155 1818 2175 1871 i
2192 1836 2220 1872 e
2238 1836 2266 1870 r
2281 1835 2312 1872 o
2330 1836 2368 1870 n
2384 1836 2420 1885 y
2438 1837 2494 1870 m
2513 1835 2548 1870 u
2566 1836 2590 1870 s
2628 1817 2806 1871 latine
2837 1817 3024 1879 vertit,

1739 1891 1966 1958 aliquot
1991 1909 2216 1945 canones
2241 1894 2366 1952 etc„
2412 1906 2557 1957 quac
2603 1889 2843 1942 collecti
2869 1905 3024 1958 repe-

1740 1962 1851 2015 ries
1878 1961 1940 2014 in
1969 1961 2014 2014 G
2032 1978 2065 2013 a
2081 1962 2132 2016 ll
2148 1979 2181 2014 a
2200 1979 2233 2012 n
2253 1961 2324 2013 di
2356 1959 2489 2015 bibl.
2519 1959 2626 2015 PP.
2653 1959 2773 2019 VII,
2797 1966 3023 2015 601-52:

1740 2033 1798 2086 M
1816 2033 1835 2086 i
1852 2053 1890 2101 g
1911 2051 1948 2084 ιι
1965 2050 1993 2086 e
2019 2033 2227 2086 Patrol.
2254 2049 2336 2102 gr.
2359 2031 2525 2093 LXV,
2554 2036 2782 2087 33—68.
2812 2030 2893 2084 Cf.
2912 2030 2952 2082 F
2969 2048 3024 2083 a·

1745 2104 2037 2158 bricius
2064 2103 2210 2157 Bibl.
2240 2121 2322 2172 gr.
2353 2103 2473 2166 vlt,
2508 2110 2609 2158 108
2639 2120 2736 2163 sm
2772 2102 3024 2172 Czapla

1740 2176 1802 2229 in
1829 2178 2129 2231 comment.
2157 2176 2229 2227 ad
2259 2174 2545 2227 Gennadii
2572 2192 2617 2228 c.
2641 2180 2725 2234 33;
2753 2173 2802 2225 K
2820 2192 2858 2226 n
2876 2180 2906 2227 ὃ
2924 2193 2960 2243 p
2981 2176 3021 2226 f-

402 2217 981 2293 Constantinopolim
1031 2217 1325 2277 abductus
1375 2218 1685 2293 episcopus
1739 2246 2274 2309 lerffl..x1‚1579.
2303 2245 2662 2299 „Sociosin
2680 2246 3023 2314 haetragoe-

403 2306 717 2365 ordinatus
764 2326 816 2364 a.
852 2316 951 2368 26.
985 2307 1152 2365 Febr.
1190 2315 1333 2371 398.
1399 2307 1687 2366 Omnibus

400 2395 604 2453 omnia
634 2394 826 2453 factus
859 2395 1194 2454 incredibili
1228 2414 1422 2455 amore
1455 2402 1514 2456 et
1547 2416 1688 2456 cura

403 2483 710 2542 ferebatur
739 2484 805 2542 in
836 2502 976 2543 oves
996 2485 1380 2555 concreditae,
1416 2504 1565 2559 quae
1598 2485 1686 2543 vi-

404 2573 609 2632 cissim
640 2572 810 2632 filiali
857 2573 912 2632 ei
957 2573 1349 2634 adhaeserunt
1380 2575 1596 2634 affectu
1628 2578 1687 2634 et

402 2663 646 2739 pietate.
697 2664 833 2722 Non
865 2662 1102 2723 destitit
1122 2665 1473 2741 depravatos
1495 2683 1686 2723 mores

400 2755 465 2810 et
497 2751 862 2811 nobiliorum
895 2753 1202 2812 hominnm
1231 2753 1471 2812 vivendi
1504 2754 1686 2812 licen-

401 2841 550 2899 tiam
582 2840 990 2900 vehementius
1024 2843 1339 2919 objurgare
1356 2840 1420 2925 ¹).
1460 2842 1587 2910 Qua
1618 2862 1687 2900 ex

404 2930 684 2988 libertate
715 2950 988 3008 magnam
1019 2931 1176 2989 hand
1210 2949 1535 3007 paucorum
1587 2950 1687 2989 su-

403 3019 525 3077 biit
613 3017 899 3078 invidiam
986 3019 1254 3096 iramque
1340 3021 1688 3095 praesertim

1740 2318 1836 2371 <lia
1865 2317 2028 2371 ferali
2054 2317 2262 2371 habuit
2288 2316 2641 2387 Theophilus
2671 2318 2714 2367 A
2734 2334 2762 2368 c
2781 2334 2812 2368 a
2831 2334 2858 2369 c
2877 2316 2895 2368 i
2913 2335 2949 2368 u
2969 2336 3025 2369 m

1743 2391 2103 2443 beroeensem
2144 2389 2479 2458 episcopum
2521 2398 2566 2457 st
2594 2395 2775 2443 4321».
2820 2387 3026 2441 aetatis

1743 2470 1845 2517 100
1896 2462 1989 2516 vel
2042 2463 2181 2530 110),
2231 2461 2395 2528 cujus
2446 2462 2752 2529 supersunt
2799 2461 3025 2512 tautum

1739 2535 1988 2601 epistolae
2015 2534 2126 2585 tres
2154 2534 2211 2585 et
2247 2536 2501 2600 confessio
2526 2531 2658 2585 fidei
2685 2530 2744 2585 in
2775 2530 2830 2583 M
2853 2531 2871 2582 i
2887 2550 2925 2600 g
2942 2549 2978 2584 ιι
2997 2548 3025 2584 e

1742 2606 1800 2657 P.
1821 2604 1886 2658 G.
1905 2604 2176 2666 LXXVII,
2198 2605 2617 2660 1445—48.-A
2637 2622 2672 2654 11
2691 2602 2797 2656 tio
2816 2621 2842 2656 c
2859 2604 2896 2655 h
2915 2622 2952 2655 u
2971 2622 3025 2655 ιιι

1741 2677 2076 2745 episcopum
2103 2673 2492 2736 Ptolomaidis‚
2539 2675 2641 2740 qui
2686 2677 2827 2727 teste
2857 2676 2900 2725 G
2921 2690 2948 2726 e
2967 2692 3026 2725 n-

1746 2766 1780 2798 n
1797 2765 1830 2799 a
1847 2747 1971 2800 dio
1999 2765 2045 2800 c.
2074 2754 2141 2802 20
2171 2745 2444 2815 „Scripsit
2468 2750 2723 2799 adversus
2738 2750 3026 2800 ararite'am

1744 2837 1923 2873 unum
1952 2821 2011 2870 et
2035 2818 2251 2886 grande
2281 2817 2565 2876 volumen,
2595 2821 2653 2869 et
2679 2821 2730 2870 iu
2758 2821 3031 2869 curatione

1742 2894 1890 2948 coeci.
1946 2888 2048 2957 qui
2093 2905 2127 2941 a
2172 2888 2466 2942 Salvatore
2517 2887 2875 2940 illuminatus
2927 2891 3028 2948 est,

1743 2959 2043 3015 homiliam
2064 2959 2387 3030 composuit
2406 2958 2845 3028 compunctione
2868 2957 3029 3010 timo-

1745 3032 1822 3085 ris
1863 3031 1967 3084 Dei
2019 3034 2077 3083 ct
2125 3030 2454 3083 humilitate
2495 3030 2740 3099 plenam.
2787 3028 3030 3082 Moritur

403 3107 709 3166 Eudoxiae
758 3108 1153 3183 imperatricis
1199 3109 1470 3179 incurrit,
1540 3127 1691 3184 quae
1745 3102 1978 3156 Arcadii
2007 3101 2146 3171 imp.
2175 3105 2220 3166 (†
2239 3105 2362 3172 408)
2393 3105 2695 3170 tempore.“
2728 3100 2878 3152 Haec
2902 3099 3030 3152 scri-

403 3196 797 3272 Theophilum
819 3197 1163 3272 episcopum
1179 3198 1624 3257 alexandrinum
1637 3194 1689 3280 2)

494 3387 525 3438 ’ὃ
555 3382 637 3437 cf.
664 3383 738 3435 M.
766 3388 833 3436 A.
876 3384 919 3437 P
938 3401 973 3436 u
992 3401 1020 3437 e
1038 3385 1119 3438 ch
1168 3385 1252 3438 Un
1301 3384 1696 3440 Reformateur

409 3454 480 3507 de
508 3454 564 3507 la
594 3455 803 3511 societe
830 3472 904 3508 au
931 3456 1035 3508 IVe
1063 3456 1233 3510 siecle
1275 3457 1328 3512 S.
1353 3456 1403 3508 J.
1433 3456 1696 3524 Chrysos-

1744 3177 1848 3245 pta
1868 3173 2103 3244 periere.
2132 3171 2215 3227 Cf.
2242 3172 2290 3223 Κ
2309 3190 2334 3223 r
2352 3177 2388 3224 u
2405 3191 2442 3241 g
2458 3189 2486 3224 e
2506 3190 2532 3223 r
2559 3171 3029 3239 Real-Encyclop.

1750 3248 1816 3309 1³,
1849 3251 1966 3300 124.
1993 3278 2061 3286 —-
2089 3246 2364 3298 Aemulus
2386 3243 2659 3295 subdolus
2679 3260 2718 3300 s,
2753 3243 3032 3312 praesulis
3059 3300 3066 3307 ,

1748 3315 1929 3370 nostri
1992 3314 2108 3368 fnit
2169 3316 2204 3367 S
2220 3330 2248 3367 e
2268 3333 2302 3367 v
2319 3331 2347 3367 e
2366 3332 2392 3365 r
2408 3313 2427 3365 i
2446 3331 2478 3366 a
2495 3332 2533 3367 n
2551 3332 2588 3366 ιι
2607 3333 2630 3366 s
2706 3333 2778 3382 ga
2788 3313 3032 3368 balensis

1771 3404 1925 3458 irope
1954 3386 2292 3441 Laodiceam
2321 3385 2376 3438 in
2410 3385 2574 3453 Syria
2600 3384 2920 3455 episcopus,
2970 3385 3030 3437 in

1748 3409 2023 3522 homiliis,
2044 3460 2214 3528 juxta
2242 3459 2287 3510 G
2306 3474 2335 3510 e
2353 3476 2390 3510 ιι
2409 3476 2444 3510 ιι
2461 3473 2494 3509 a
2511 3457 2547 3508 d
2565 3455 2586 3509 i
2601 3475 2638 3510 u
2657 3476 2712 3509 m
2739 3473 2784 3509 c.
2815 3464 2876 3512 21
2911 3457 3033 3516 „de-

406 3531 561 3580 tome
600 3529 658 3579 et
682 3527 763 3580 les
790 3543 1016 3581 moeurs
1058 3528 1129 3581 de
1169 3545 1271 3582 son
1310 3531 1510 3598 temps,
1540 3528 1696 3581 Paris
1750 3533 2025 3586 clamator
2051 3528 2426 3584 admirabilis.
2479 3527 2642 3581 Unde
2670 3531 2729 3581 et
2771 3530 3032 3595 frequen-

413 3603 569 3661 1891,
597 3596 743 3651 liber
775 3600 969 3651 bonus.

1751 3605 1838 3655 ter
1863 3604 1937 3655 ab
1963 3602 2226 3671 episcopo
2254 3601 2282 3653 J
2292 3615 2474 3653 oanne
2515 3602 2573 3652 et
2610 3599 2748 3669 imp.
2791 3600 3032 3654 Arcadio

485 3675 525 3726 ²)
580 3668 625 3722 Τ
640 3668 681 3720 h
698 3685 727 3722 e
746 3685 777 3721 o
796 3688 833 3739 p
849 3670 888 3722 h
907 3669 928 3722 i
945 3670 963 3723 l
980 3688 1018 3722 u
1036 3687 1060 3722 s
1111 3669 1412 3740 episcopus
1474 3671 1697 3723 alexan·
1750 3673 1822 3726 ad
1852 3673 2177 3727 faciendum
2218 3687 2535 3725 sermonem
2563 3670 3034 3741 Constantinopo-

410 3738 612 3793 drinus
663 3744 819 3808 (385;
862 3750 890 3802 †
939 3746 1019 3796 15.
1061 3740 1183 3794 Oct.
1222 3745 1347 3811 412)
1388 3742 1478 3794 vir
1516 3742 1697 3795 tristis

408 3812 583 3881 plane
610 3809 934 3875 memoriae,
962 3815 1253 3881 promotor
1268 3813 1460 3866 feralis
1481 3815 1699 3882 tragoe-

410 3883 541 3936 diae
567 3881 630 3936 in
656 3882 851 3936 virum
877 3882 1300 3937 sanctissimum
1327 3884 1413 3937 Jo.
1436 3884 1699 3951 Chrysos-

411 3959 652 4017 tomum,
667 3952 910 4022 reliquit
923 3955 1123 4023 aliqua
1141 3954 1369 4025 scripta,
1398 3956 1466 4008 de
1489 3956 1699 4023 quibus

411 4023 857 4078 Gennadius
885 4024 969 4078 ita
995 4026 1170 4079 refert
1198 4026 1266 4079 de
1286 4025 1699 4082 virisiu.c.33:

415 4094 569 4154 ..Scri
615 4095 692 4148 sit
733 4095 1007 4150 adversus
1053 4098 1358 4168 Origenem
1417 4116 1599 4150 unum
1644 4101 1702 4150 et

411 4183 553 4235 gran
598 4183 628 4220 e
646 4168 933 4233 volumen,
960 4169 1019 4221 in
1042 4169 1363 4242 qu0,omnia
1380 4185 1560 4239 paene
1578 4169 1701 4238 ejus

410 4237 567 4291 dicta
617 4241 676 4291 et
724 4239 915 4308 ipsum
966 4241 1183 4310 pariter
1231 4239 1483 4303 damnat,
1527 4240 1701 4293 simul

413 4309 672 4374 edocens,
701 4327 816 4364 non
837 4327 871 4363 a
899 4326 955 4364 se
1000 4328 1130 4365 eum
1177 4311 1443 4382 primum,
1486 4311 1581 4364 sed
1627 4312 1702 4364 ab

411 4381 671 4449 antiquis
723 4381 986 4451 patribus
1048 4387 1105 4436 et
1152 4383 1399 4436 maxime
1458 4382 1508 4434 H
1514 4383 1699 4435 eracla

414 4452 626 4513 (verius
672 4451 981 4526 Demetrio)
1028 4454 1202 4507 fuisse
1247 4457 1305 4507 et
1348 4452 1699 4524 presbyterio

413 4523 698 4592 dejectum
725 4529 784 4577 et
802 4524 1038 4579 ecclesia
1058 4526 1291 4594 pulsum
1309 4529 1365 4578 et
1381 4526 1449 4578 de
1467 4524 1699 4578 civitate

414 4594 713 4662 fugatum3
742 4594 837 4648 sed
861 4599 919 4648 et
938 4596 1240 4649 adversum
1267 4597 1699 4666 anthropomor-

417 4666 610 4736 phitas
636 4666 971 4732 haereticos,
1014 4667 1111 4734 qui
1141 4666 1359 4730 dicunt,
1388 4666 1568 4720 Deum
1598 4668 1698 4721 hu·

417 4754 585 4791 mana
612 4737 796 4808 figura
823 4741 881 4791 et
906 4737 1173 4792 membris
1202 4741 1479 4803 constare,
1507 4738 1698 4808 ‹lispu-

417 4810 634 4863 tatione
673 4808 1007 4879 longissima
1047 4810 1353 4864 confutans
1378 4813 1438 4862 et
1481 4810 1697 4863 divina-

1752 3744 1854 3798 lim
1867 3743 2261 3796 evocabatur.“
2293 3744 2410 3796 Imo
2433 3743 2865 3809 Chrysostomus
2885 3743 3036 3795 tanti

1752 3832 1883 3867 eum
1900 3814 2052 3878 fecit,
2080 3818 2147 3866 ut
2164 3813 2523 3884 proficiscens
2545 3813 2835 3880 qnondam
2853 3812 3035 3884 Ephe-

1755 3904 1877 3938 sum
1930 3886 1978 3937 ei
2031 3901 2263 3955 gregem
2314 3903 2480 3938 suum
2534 3883 2895 3938 commendat
2912 3884 3034 3940 erit.

1755 3958 1964 4008 Verum
1992 3957 2329 4009 Severianus
2355 3957 2597 4008 abutens
2644 3954 2827 4007 sancti
2875 3957 3034 4008 bene-

1756 4028 2007 4080 volentia
2046 4026 2196 4079 nihil
2237 4045 2350 4081 ιιοιι
2377 4027 2512 4093 egit,
2554 4028 2620 4077 ut
2660 4026 2938 4095 populum
2963 4028 3036 4078 ab

1754 4115 1819 4152 eo
1847 4102 2144 4160 averteret,
2171 4100 2345 4164 atque
2375 4101 2440 4149 nt
2468 4098 2800 4165 putabatur,
2822 4095 2983 4151 illum
3001 4111 3036 4147 a

1756 4170 1884 4221 sede
1912 4185 2012 4220 sua·
2041 4169 2376 4221 deturbaret
2400 4184 2571 4234 seque
2600 4167 2659 4218 in
2683 4168 2804 4233 ejus
2832 4166 3034 4218 substi-

1757 4243 1941 4293 tueret
1984 4241 2172 4292 locum
2213 4243 2259 4310 (τ
2287 4259 2339 4308 p.
2369 4242 2510 4306 408).
2576 4237 2898 4305 Supersunt
2935 4237 3036 4290 ali·

1757 4314 1898 4378 quot
1937 4311 2188 4378 ejusdem
2229 4312 2477 4363 homiliae
2516 4307 2665 4361 inter
2704 4326 2834 4378 opp.
2863 4307 3037 4376 Chry·

1755 4381 1988 4436 sostomi
2015 4381 2215 4443 editae,
2243 4382 2310 4432 ut
2337 4377 2622 4432 orationes
2667 4395 2761 4431 sex
2805 4383 2869 4432 de
2893 4398 3035 4434 crea·

1755 4459 1891 4507 tione
1917 4457 2134 4519 mundi;
2175 4451 2289 4522 (Mi
2311 4471 2349 4520 g
2366 4469 2401 4503 n
2422 4469 2450 4503 e
2476 4450 2616 4513 Lvl,
2645 4455 2950 4514 429-500)
2980 4454 3039 4502 et

1754 4525 1982 4594 aliquot
2019 4523 2180 4586 aliae,
2237 4539 2379 4591 quas
2432 4525 2683 4575 recenset
2729 4520 2959 4573 Barde
2981 4539 3036 4572 n-

1756 4596 2002 4650 hewer
2027 4605 2053 4660 ξ
2079 4598 2148 4650 74
2174 4613 2230 4648 ιι.
2262 4592 3039 4656 17;K1..X1‚215:h0n1.de

1747 4686 1881 4736 pace
1919 4684 2046 4718 cum
2088 4665 2485 4733 Chrysostomo
2540 4680 2590 4716 a.
2631 4669 2732 4718 401
2775 4662 2919 4717 inita
2974 4671 3041 4715 ut

1754 4742 1946 4791 censet
2004 4736 2046 4788 P
2063 4754 2095 4790 a
2114 4755 2151 4807 p
2166 4754 2199 4790 a
2216 4736 2253 4789 d
2271 4754 2301 4790 ο
2320 4754 2356 4806 p
2375 4755 2412 4789 u
2429 4738 2448 4791 l
2466 4753 2497 4790 0
2517 4754 2558 4799 s,
2619 4734 2682 4788 in
2755 4736 3041 4789 ἈνάΛειιτα

1757 4809 2099 4879 Petersburg
2133 4815 2260 4865 1891
2290 4828 2345 4879 p.
2379 4814 2617 4864 15—26:
2645 4809 2913 4862 Homile‘as
2935 4807 3050 4860 XV
