3505 5161
500 204 577 258 27
589 205 621 257 5
1412 190 1709 242 401—431.
1736 186 1788 241 S.
1816 183 2192 255 Augustinus.
2993 200 3114 255 276

497 373 613 432 ciet
632 372 968 431 nominasse
994 372 1056 430 ll.
1077 372 1164 429 111
1194 379 1394 432 contra
1423 374 1780 432 academicos
1834 372 2066 431 minum
2097 372 2468 450 magistrum,
2511 389 2629 446 quo
2664 370 2830 430 intus
2863 370 3110 430 docente

500 458 574 542 (a.
626 471 749 525 386
797 461 1052 537 Migne
1100 460 1333 532 XXXII,
1398 460 1776 544 905—958)
1831 480 2032 521 rerum
2064 462 2311 521 scientia
2342 462 2703 523 obtineatur.

498 569 603 609 seu
634 554 839 610 contra
870 550 1179 626 scepticos,
1228 552 1333 626 qui
1378 551 1530 609 nihil
1567 552 1639 610 ab
1672 552 1777 610 ho·

495 641 657 698 mine
690 640 824 698 sciri
857 657 1031 715 posse
1064 639 1449 711 contendunt,
1504 660 1608 716 per
1654 660 1776 700 mo·
1929 648 2068 702 151.
2103 639 2293 715 Opera
2323 638 2763 716 dogmatica
2790 638 2963 696 sunt:
2985 639 3110 697 En-

497 730 643 787 dnm
673 728 895 804 dialogi
926 746 1032 787 seu
1052 729 1334 805 colloquii
1365 733 1426 787 et
1457 730 1776 790 discussio·
1829 729 2116 787 chiridion
2135 730 2208 788 ad
2230 729 2613 788 Laurentium
2648 727 2719 787 de
2752 726 2882 796 fide,
2916 745 3020 803 spe
3052 733 3113 787 et

496 818 591 876 nis
623 818 783 876 inter
812 819 1219 894 Augustinum
1265 820 1513 894 ejusque
1558 820 1775 880 amicos
1831 818 2076 876 caritate
2127 817 2354 899 (Migne
2404 818 2528 888 XL,
2584 826 2701 880 231
2739 850 2778 858 -
2807 812 2980 897 289),
3048 818 3113 876 in

500 905 806 966 Cassiciaci
840 907 1075 965 habitae
1105 907 1277 966 valde
1310 910 1593 968 concinne
1637 927 1774 969 con·
1830 911 2054 983 qu0‚ut
2077 907 2377 967 Laurentii
2398 906 2692 965 desiderio
2724 904 3108 973 satisfaceret,

498 996 667 1065 fecti3
715 995 982 1071 ejusdem
1028 996 1314 1072 temporis
1364 1002 1425 1056 et
1473 998 1587 1057 loci
1632 1002 1777 1059 sunt
1830 997 1904 1054 ad
1947 996 2066 1054 tria
2109 997 2301 1071 capita
2343 1001 2583 1055 revocat
2611 994 2921 1072 religionis
2955 995 3109 1053 cbri-

497 1086 535 1147 l.
583 1104 689 1144 seu
720 1084 991 1161 dialogus
1022 1086 1338 1145 triduanus
1368 1089 1437 1145 de
1467 1089 1630 1146 beata
1660 1091 1777 1147 vita
1832 1086 2058 1143 stianae
2080 1105 2386 1145 summam.
2431 1085 2585 1155 ‚Ubi
2605 1085 2748 1143 satis
2768 1084 3107 1161 diligenter,

498 1171 604 1254 (ib.
640 1169 1035 1255 959-976),
1075 1194 1251 1250 quam
1283 1176 1347 1233 in
1378 1178 1638 1251 perfecta
1671 1178 1777 1236 Dei
1832 1174 2033 1249 inquit
2064 1175 2188 1249 ipse
2221 1175 2599 1251 Augustinus
2621 1175 2872 1234 Retract.
2904 1171 2980 1243 11,
3007 1184 3107 1243 63,

496 1263 831 1338 cognitione
859 1264 1182 1322 consistere
1213 1264 1509 1335 ostendit;
1541 1267 1684 1325 item
1715 1269 1778 1326 et
1830 1264 1977 1322 mihi
2008 1263 2215 1323 videor
2245 1283 2373 1323 esse
2406 1264 2761 1339 complexus,
2810 1262 3105 1336 quomodo

495 1353 558 1410 ll.
590 1352 646 1409 11
694 1352 1136 1428 Solitoquiorum
1171 1349 1274 1436 (ib.
1308 1374 1363 1430 p.
1400 1357 1776 1435 867—904)
1832 1354 1913 1411 sit
1960 1354 2242 1412 colendus
2291 1353 2469 1423 Deus,
2534 1371 2714 1427 quam
2759 1350 3110 1426 sapientiam

496 1442 561 1498 in
605 1440 791 1499 forma
836 1441 1056 1516 dialogi
1091 1460 1290 1500 secum
1321 1444 1469 1519 ip30,
1517 1445 1581 1504 in
1628 1465 1775 1521 quo-
1831 1460 1960 1501 esse
1993 1442 2247 1502 hominis
2281 1442 2490 1518 utique
2509 1460 2707 1500 veram
2727 1439 2932 1498 divina
2952 1439 3106 1499 Scri-

495 1549 629 1590 rnm
660 1530 698 1587 1.
730 1541 749 1592 l
791 1548 850 1588 se
883 1531 1007 1605 ipse
1038 1531 1112 1588 ad
1144 1531 1346 1590 vivum
1367 1533 1639 1610 depingit
1670 1534 1774 1592 do·
1834 1535 2007 1608 ptura
2039 1531 2259 1591 definit.
2278 1539 2304 1568 ‘
2368 1530 2598 1590 Prodiit
2635 1548 2807 1606 saepe
2841 1530 3107 1600 seorsim,

497 1622 722 1693 cetque,
750 1620 1041 1693 quomodo
1060 1639 1199 1678 eum
1217 1639 1346 1679 esse
1366 1627 1774 1698 comparatum
1830 1624 1901 1679 ut
1962 1639 2067 1696 per
2126 1621 2324 1683 Lamb.
2389 1621 2768 1678 Danaeum
2837 1619 3109 1677 Genevae

495 1711 748 1784 oportet,
795 1708 902 1782 qui
945 1708 1054 1766 Dei
1098 1714 1160 1767 et
1203 1711 1432 1769 animae
1464 1713 1772 1771 scientiam
1841 1720 2022 1773 1575.
2083 1720 2280 1781 1579;
2343 1709 2581 1784 Lipsiae
2641 1718 2838 1778 17053
2909 1716 3107 1776 1838ς

498 1796 680 1873 cupit.
724 1797 894 1855 Alter
923 1797 1308 1869 demonstrat,
1342 1819 1647 1875 nunquam
1681 1802 1770 1859 in·
1830 1816 1964 1857 cum
1995 1798 2156 1857 notis
2188 1801 2250 1857 et
2285 1797 2712 1858 assertionibus
2746 1796 3108 1855 doctissimis

496 1886 941 1944 termorituram
960 1905 1089 1945 esse
1109 1888 1439 1959 veritatem,
1475 1890 1614 1949 hinc
1646 1892 1773 1949 ani-
1830 1892 1891 1946 et
1933 1888 2273 1946 utilissimis
2318 1887 2391 1945 ad
2438 1906 2482 1945 s.
2515 1886 2844 1963 Augustini
2883 1885 3109 1944 intelli-

497 1995 624 2034 mae
649 1976 1156 2035 immortalitatem
1175 1977 1421 2054 colligit.
1467 1979 1594 2039 Hoc
1624 1998 1774 2054 opu·
1829 1977 2091 2054 gentiam
2100 1978 2425 2052 juvandam
2446 1975 2697 2035 ed.aJo.
2735 1977 2800 2033 B.
2831 1975 3075 2033 Faure
3094 2019 3107 2041 ,

499 2065 733 2122 sculum
778 2064 1074 2142 distingui
1119 2065 1296 2124 debet
1340 2068 1415 2125 ab
1459 2069 1575 2127 alio
1622 2070 1771 2127 Sola·-
1831 2067 2043 2125 Romae
2088 2076 2280 2135 17553
2335 2066 2584 2141 Neapoli
2625 2074 2809 2134 1847,
2858 2083 2926 2123 ex
2972 2063 3108 2139 qui-

496 2154 821 2229 loquiorum
870 2171 1063 2227 opere,
1116 2154 1278 2229 quod
1329 2156 1568 2232 incipit:
1625 2158 1772 2226 ‚Co-
1827 2156 1942 2214 bus
1975 2155 2177 2229 aliqua
2195 2154 2592 2214 derivavimus
2626 2155 2689 2213 in
2719 2156 2984 2212 nostram
3017 2152 3107 2210 ed.

496 2259 772 2318 gnoscam
821 2244 882 2299 te
927 2243 1192 2313 Domine,
1244 2246 1513 2321 cognitor
1560 2255 1771 2305 meus·¹

497 2333 624 2401 etc„
657 2330 879 2406 passim
899 2349 1035 2389 cum
1066 2335 1528 2393 meditationibus
1559 2342 1619 2393 et
1650 2355 1774 2393 ma-

497 2421 665 2477 nuali
708 2420 821 2478 sub
868 2439 910 2477 s.
945 2422 1270 2497 Augustini
1318 2424 1555 2482 nomine
1592 2425 1775 2484 Duaci

507 2518 706 2579 1614;
757 2527 878 2570 cur.
928 2509 993 2570 E.
1042 2511 1130 2569 W.
1183 2512 1535 2572 Westhof
1578 2515 1773 2573 Mona-

498 2598 665 2656 sterii
720 2607 883 2660 1854
922 2601 1030 2657 etc.
1082 2603 1143 2659 et
1192 2602 1255 2659 in
1302 2602 1556 2679 Migne
1602 2605 1663 2667 P.
1709 2604 1774 2662 L.

496 2687 613 2758 XL,
667 2695 1045 2758 sca—8983
1110 2701 1488 2762 901-9423
1558 2703 1770 2756 951-

500 2784 623 2839 968
647 2776 837 2835 edito:
871 2796 1022 2852 quae
1042 2781 1344 2853 opuscula,
1377 2783 1646 2855 quamvis
1677 2783 1776 2859 pia

499 2871 559 2923 et
604 2865 780 2924 utilia
825 2868 984 2936 sunt,
1031 2869 1347 2927 recentiori
1379 2871 1558 2929 aetati
1591 2872 1773 2948 origi-

495 2973 632 3014 nem
663 2953 899 3017 debent.
928 2989 1016 2998 —
1042 2957 1219 3016 Liber
1248 2959 1317 3016 de
1346 2961 1778 3019 immortalitate

495 3046 726 3101 animae
801 3043 1118 3103 Mediolani
1192 3057 1315 3109 387
1397 3051 1775 3124 conscriptus

497 3131 773 3212 (Migne
822 3133 1054 3209 xxxn,
1132 3137 1587 3217 1021—1056)
1637 3158 1776 3198 con-

1829 2244 1987 2303 inter
2017 2245 2305 2320 opuscula
2348 2243 2448 2301 SS.
2480 2244 2589 2302 ΡΡ.
2638 2243 2855 2302 selecta
2899 2248 2944 2300 t.
2976 2242 3110 2299 XVI

1831 2333 2160 2409 Oeniponte
2214 2343 2411 2402 18-713
2477 2341 2671 2402 18953
2718 2331 2923 2390 critice
2968 2349 3110 2388 cura

1830 2423 2295 2500 Krabinger‚
2330 2422 2645 2499 Tiibingen
2684 2430 2869 2484 1861.
2902 2454 2989 2462 -
3022 2420 3110 2478 De

1829 2530 2006 2591 ayone
2026 2514 2342 2570 christiano
2355 2508 2425 2594 (c.
2443 2520 2588 2582 396,
2611 2510 2690 2574 ib.
2706 2519 2829 2572 289
2844 2506 3101 2588 -309),

1830 2620 1948 2678 quo
1980 2602 2044 2660 in
2092 2604 2127 2663 l.
2162 2603 2372 2661 humili
2406 2602 2647 2676 quidem
2679 2600 2818 2658 stilo
2851 2600 3109 2658 conscri-

1832 2697 1951 2767 pt0,
1986 2692 2091 2749 sed
2121 2693 2259 2750 utili
2291 2695 2352 2749 et
2371 2690 2617 2765 pulchro
2637 2688 3000 2748 Christianos
3033 2688 3109 2745 ad

1829 2781 2222 2857 pugnandum
2252 2799 2382 2839 cum
2418 2779 2653 2837 diabolo
2684 2778 2950 2847 instruit,
2985 2778 3108 2834 sin·

1829 2871 1973 2947 gula
2033 2870 2170 2928 fidei
2231 2869 2422 2944 capita
2471 2867 2735 2944 symbolo
2784 2866 3108 2942 apostolico

1830 2959 2251 3035 comprehensa
2310 2957 2564 3033 explicat
2611 2955 2920 3030 variasque
2971 2956 3108 3013 hae-

1829 3066 1988 3106 reses
2022 3048 2250 3124 detegit
2280 3049 2460 3122 atque
2491 3046 2681 3103 vitare
2705 3045 2899 3120 jubet.
2928 3077 2996 3088 —
3022 3043 3106 3100 Ex

1831 3137 2106 3195 mandato
2155 3137 2557 3211 episcoporum
2577 3178 2590 3204 ,
2657 3133 2761 3209 qui
2818 3129 2895 3214 (a.
2951 3130 3106 3212 393)

495 3222 687 3297 geries
709 3225 803 3280 est
820 3221 1017 3281 brevis
1039 3224 1341 3284 rationum
1372 3247 1480 3302 pro
1514 3228 1620 3285 hac
1652 3230 1773 3286 sta·
1832 3226 2167 3300 plenarium
2233 3226 2421 3283 totius
2484 3223 2715 3281 Africae
2790 3222 3108 3280 concilium

496 3310 760 3369 bilienda
789 3330 1019 3370 necnon
1050 3313 1575 3375 intercurrentium
1618 3316 1775 3374 diffi-
1832 3315 2298 3390 Hippone-regio
2320 3312 2632 3382 habebant,
2664 3313 2732 3370 de
2750 3312 2862 3385 fide
2880 3319 2930 3369 et
2950 3329 3105 3386 sym-

495 3399 787 3457 cultatum
843 3400 1091 3460 solutio:
1157 3404 1261 3476 qui
1313 3404 1349 3460 l.
1399 3405 1532 3479 ipso
1581 3406 1774 3464 invito
1830 3404 1950 3462 bolo
1995 3403 2302 3480 presbyter
2334 3403 2685 3477 disputavit.
2751 3399 2938 3469 Quam
2985 3399 3107 3457 dis·

495 3488 641 3544 exiit
675 3488 739 3545 in
771 3507 979 3547 manus
1011 3490 1346 3551 hominum:
1401 3494 1549 3568 ,qui
1580 3494 1773 3569 primo
1831 3493 2200 3568 putationem
2231 3492 2536 3550 nonnullis
2569 3508 2791 3559 eorum,
2831 3489 2940 3565 qni
2968 3507 3106 3547 eum

494 3577 1011 3636 ratiocinationum
1031 3580 1398 3640 contorsione
1432 3585 1611 3658 atque
1639 3584 1773 3642 bre·
1829 3581 2176 3644 familiarius
2190 3581 2534 3657 diligebant,
2549 3579 2989 3638 studiosissime
3010 3578 3102 3635 in-

494 3666 679 3722 vitate
712 3665 798 3723 sic
816 3665 1106 3726 obscurus
1126 3673 1235 3740 est,
1271 3673 1341 3728 ut
1371 3671 1600 3747 fatiget,
1636 3692 1772 3731 cum
1828 3671 2129 3729 stantibus
2185 3672 2249 3730 in
2280 3671 2498 3729 librum
2534 3668 2790 3728 contulit
2820 3664 3104 3749 (Retract.

494 3754 735 3830 legitur,
787 3755 967 3813 etiam
999 3757 1389 3817 intentionem
1421 3779 1613 3818 meam
1644 3762 1772 3820 vix·
1835 3771 1886 3829 l,
1929 3755 2053 3841 17).
2117 3759 2187 3818 In
2231 3779 2300 3819 eo
2346 3760 2618 3837 singulos
2664 3756 2924 3834 symboli
2959 3756 3106 3813 arti-

494 3862 610 3917 que
632 3843 1008 3920 intelligatur
1039 3865 1072 3903 a
1104 3865 1197 3904 me
1230 3847 1423 3922 ips0,‘
1458 3854 1527 3907 ut
1561 3851 1774 3909 scribit
1828 3849 1991 3907 culos
2025 3852 2294 3908 accurate
2339 3850 2632 3925 explanat,
2678 3848 2765 3905 ita
2807 3848 2880 3905 ut
2924 3844 3105 3905 simul

495 3933 746 3993 Retract.
802 3945 853 4003 1,
905 3944 936 3996 5
974 3952 1030 3996 n.
1074 3946 1123 3998 1.
1157 3970 1244 3979 —-
1275 3937 1449 3996 Liber
1495 3957 1602 3997 seu
1646 3939 1768 3997 dia·
1826 3938 2273 4008 haereticorum,
2295 3939 2360 3997 in
2379 3938 2590 4014 primis
2612 3935 3102 4016 Manichaeorum,

492 4023 666 4097 logus
711 4022 924 4081 Romae
974 4034 1096 4088 388
1145 4043 1283 4084 cum
1313 4027 1537 4087 Evodio
1585 4029 1772 4087 amico
1826 4046 2052 4087 errores
2074 4028 2414 4088 insectetur.
2447 4025 2640 4085 Habes
2668 4025 2840 4083 illum
2871 4023 3106 4100 Migne

493 4111 736 4170 habitus
769 4112 837 4170 de
867 4116 1186 4188 quantitate
1216 4117 1447 4174 animae
1475 4117 1602 4193 agit
1632 4137 1771 4192 prae
1827 4116 1903 4174 ib.
1923 4136 1979 4193 p.
2012 4127 2369 4186 181—1973
2402 4117 2563 4175 inter
2582 4114 2866 4190 opuscula
2895 4116 3104 4171 nostra

492 4200 700 4274 primis
746 4200 817 4258 de
863 4203 1091 4261 animae
1128 4204 1632 4264 immaterialitate
1665 4204 1770 4286 (ib.
1827 4205 1923 4263 SS.
1945 4207 2057 4268 ΡΡ.
2080 4207 2175 4277 VI,
2207 4218 2228 4269 1
2254 4215 2523 4274 18—64,
2548 4203 2879 4279 Oeniponte
2905 4211 3103 4269 18693

491 4308 546 4363 p.
578 4289 1152 4373 1035-1080);in1.
1178 4295 1246 4351 de
1278 4297 1556 4372 mayistro
1588 4291 1769 4376 (388)
1837 4303 2020 4364 1887,
2069 4295 2166 4353 cui
2213 4294 2405 4353 affinis
2451 4296 2544 4353 est
2577 4289 2820 4374 (sermo)
2854 4291 2922 4349 de
2951 4309 3103 4365 sym-

493 4397 599 4436 seu
650 4378 885 4456 dialogo
935 4399 1069 4439 cum
1121 4381 1242 4441 filio
1294 4383 1613 4454 Adeodato,
1666 4384 1769 4442 ad·
1826 4383 1946 4441 bolo
1978 4386 2057 4442 ad
2088 4385 2509 4442 catechumenos
2544 4379 2771 4464 (Migne
2795 4381 2908 4444 XL.
2947 4390 3104 4442 (327-

492 4467 781 4526 mirabilis
814 4469 1041 4544 ingenii
1072 4470 1459 4542 adolescente,
1507 4473 1773 4531 ostendit
1829 4472 2010 4549 638);
2064 4477 2389 4548 supersunt
2436 4476 2499 4531 et
2542 4473 2646 4530 ulii
2697 4488 2985 4529 sermones
3016 4468 3103 4526 III

491 4556 709 4614 Christi
766 4558 959 4615 verbis
1014 4560 1219 4620 Matth.
1276 4570 1376 4631 ⁶23,
1440 4573 1548 4624 10:
1611 4562 1772 4619 Unus
1828 4557 1931 4641 (ib.
1973 4562 2346 4639 637—669)
2395 4563 2466 4620 de
2512 4560 2781 4636 symbolo
2826 4559 2900 4617 ad
2946 4567 3103 4618 catc-

492 4653 568 4701 est
600 4648 872 4721 mayister
918 4656 1094 4706 vestet·
1141 4647 1245 4730 (ib.
1296 4648 1766 4730 1193-1220),
1826 4651 2161 4720 chumenoe,
2209 4669 2463 4726 quorum
2495 4649 2835 4728 genuinitas
2868 4650 2960 4706 est
2992 4648 3104 4705 du-

491 4732 788 4791 Christum
813 4736 916 4792 Dei
940 4736 1198 4796 Verbum
1229 4740 1471 4798 unicum
1502 4757 1631 4797 esse
1664 4739 1769 4797 ho·
1824 4739 1951 4809 bia3
1987 4740 2142 4797 sicut
2174 4742 2234 4799 et
2266 4740 2517 4798 aliorum
2551 4739 2688 4799 VIII
2720 4738 2794 4796 ad
2826 4736 3104 4796 catechu-
