3505 5161
827 231 1081 286 Historia
1107 232 1239 287 eccl.
1268 232 1540 298 Socrates,
1569 232 1929 296 sozomenus,
1956 230 2198 295 Idacius,
2227 231 2503 286 Gelasius.

372 249 492 301 417
2867 248 2993 303 418

371 421 695 493 apostatae,
738 419 977 477 demum
1008 418 1174 493 apud.
1198 420 1485 478 Bernates
1518 436 1652 494 pro·
1709 418 1902 478 doctis
1936 417 2423 477 annotationibus
2466 419 2528 475 et
2558 417 2995 478 dissertationi-

371 507 619 566 fessoris
647 507 1012 583 theologiam
1061 526 1211 583 quae
1255 512 1349 566 est
1386 508 1651 576 obscura,
1709 504 1884 590 bus);
1948 512 2009 566 et
2078 508 2482 566 Mommsen
2534 506 2691 565 inter
2723 508 2997 567 chronica

374 598 702 667 salebrosa,
779 596 1061 655 lacunosa
1135 599 1316 672 atque
1375 596 1652 655 infidelis.
1708 597 1941 655 minora
1978 614 2085 655 sec.
2118 595 2199 654 IV
2246 596 2310 653 in
2343 597 2600 659 Monam.
2634 597 2823 659 Germ.
2857 597 2996 661 hist.

373 685 574 744 Tertia
631 686 727 746 Jo.
791 685 1499 761 Christophorsoni
1562 688 1656 743 est
1712 690 1870 745 auct.
1903 685 2131 759 antiqu.
2162 684 2428 744 Berolini
2470 693 2654 748 1894.
2686 685 2785 755 XI,
2824 695 2995 748 13—-

373 774 602 833 fidelior
646 777 708 834 et
755 774 1064 841 disertior;
1116 775 1329 834 melior
1377 794 1517 834 vero
1563 776 1657 833 est
1716 785 1818 845 36,
1852 774 2033 850 quit.
2058 773 2159 843 IX,
2198 782 2542 837 205—247
2573 774 2697 849 jam
2729 774 2996 833 ediderat

372 867 587 939 quarta
630 864 810 922 Henr.
859 862 1186 933 valesii,
1243 865 1347 940 qui
1394 868 1456 923 et
1499 863 1655 939 opti·
1716 861 2075 922 Consularia
2129 862 2770 938 Constantinopolitanae
2819 863 2892 921 ad
2942 884 2994 927 a.

373 972 527 1011 mam
568 953 802 1011 curavit
848 952 1184 1021 editionem,
1234 972 1388 1029 quae
1433 952 1655 1030 passim
1717 960 1839 1015 395
1862 970 1996 1011 cum
2012 952 2416 1011 additamento
2432 946 2933 1034 (dubio)Hydatii
2948 950 2993 1034 ¹)

373 1060 507 1100 cum
547 1041 787 1101 Eusebii
835 1041 1084 1100 historia
1117 1042 1341 1117 prodiit
1393 1038 1490 1125 (cf.
1522 1060 1656 1117 pag.
1712 1041 1786 1100 ad
1818 1061 1868 1103 a.
1888 1050 2014 1105 468
2035 1036 2218 1121 (apud
2250 1041 2501 1116 Migne
2531 1041 2627 1113 LI,
2664 1045 2996 1117 891-914).

377 1124 554 1214 212),
601 1129 847 1190 seorsim
892 1140 1087 1199 18443
1138 1132 1392 1209 Migne
1424 1128 1654 1205 LXVII,
1715 1130 1881 1190 Obiit
1912 1130 2604 1194 intraa469-474,-·
2634 1130 2996 1190 Gelasius

377 1229 715 1290 29-—8423
750 1219 960 1279 Oxonii
1000 1229 1166 1283 1853
1200 1238 1343 1279 cura
1376 1221 1438 1282 R.
1466 1220 1656 1278 Hus-
1714 1220 2051 1297 Cyzicenus,
2116 1219 2178 1278 in
2241 1218 2520 1295 pluribus
2583 1218 2749 1278 codd.
2801 1219 2997 1278 dictus

373 1328 504 1385 sey
536 1314 581 1366 t.
618 1320 654 1372 3
687 1309 752 1367 in
787 1318 843 1372 8.
887 1341 959 1354 —-
997 1308 1304 1367 Inferioris
1350 1310 1531 1386 pretii
1567 1311 1659 1367 est
1712 1309 2030 1385 episcopus
2086 1308 2477 1367 caesareensis
2526 1308 2592 1366 in
2641 1308 2994 1378 Palaestina,

371 1400 620 1456 historia
671 1398 1046 1457 ecclesiastica
1110 1398 1384 1457 Hermiae
1430 1400 1658 1457 Sozo·
1714 1397 2050 1473 composuit
2080 1415 2129 1458 c.
2166 1406 2288 1460 475
2331 1397 2469 1455 stilo
2501 1396 2760 1473 simplici
2793 1400 2854 1455 et
2885 1399 2997 1456 hu·

371 1488 576 1545 meni
606 1488 803 1563 patria
833 1492 903 1546 ut
933 1486 1176 1546 videtur
1194 1484 1520 1557 Salaminii,
1555 1506 1658 1563 pa·
1715 1486 1846 1545 mili
1895 1487 2198 1545 historiam
2242 1487 2469 1549 concilii
2512 1487 2736 1544 nicaeni
2780 1487 2835 1544 ll.
2871 1485 2992 1561 HI,

373 1577 521 1633 riter
552 1576 833 1635 causidici
852 1576 1383 1652 Constantinopoli,
1415 1594 1568 1652 quae
1598 1575 1658 1637 ll.
1713 1594 1834 1651 quo
1878 1576 1944 1634 in
1989 1594 2083 1651 op.
2131 1574 2459 1651 plurimum
2496 1574 2697 1633 utitur
2727 1574 2995 1633 historiis

373 1666 453 1723 IX
483 1666 559 1723 ab
589 1685 640 1723 a.
676 1674 1021 1728 323—425
1053 1665 1363 1742 pertingit.
1410 1665 1662 1739 Reliqua
1715 1664 1976 1734 Eusebii,
2029 1664 2305 1735 Socratis,
2359 1663 2680 1734 Sozomeni,
2738 1663 2995 1723 Theodo-

373 1754 446 1812 ad
482 1765 534 1816 a.
569 1763 693 1817 439
741 1754 994 1829 periisse
1037 1754 1321 1813 videntur
1335 1750 1398 1835 ¹).
1464 1754 1658 1829 Conji·
1714 1755 1856 1825 reti,
1909 1753 2012 1813 sed
2058 1756 2123 1812 et
2172 1753 2368 1813 codice
2417 1751 2697 1828 antique,
2748 1755 2821 1811 ut
2867 1752 2996 1828 ipse

373 1844 545 1902 ciunt
583 1843 795 1918 plures
842 1843 1063 1901 eruditi
1113 1863 1252 1902 eum
1305 1862 1483 1903 usum
1532 1861 1659 1902 esse
1716 1846 1994 1912 testatur,
2028 1842 2134 1918 qui
2166 1841 2353 1901 fuerit
2396 1842 2606 1900 Dalm
2623 1841 2771 1899 atii
2815 1841 2994 1918 cyzici

375 1931 686 1990 laboribus
719 1931 977 1991 Socratis
1013 1928 1217 2015 (quem
1260 1938 1461 1991 tamen
1504 1951 1661 1990 nun·
1715 1931 2136 2008 archiepiscopi
2167 1924 2241 2013 (c.
2275 1951 2326 1989 a.
2360 1934 2531 2005 431).
2598 1931 2846 2006 Scripsit
2889 1948 2994 1989 au·

377 2040 554 2096 quam
575 2019 888 2097 nominat),
921 2039 1041 2080 non
1061 2021 1305 2097 quidem
1330 2020 1658 2090 serviliter3
1714 2027 1838 2080 tem
1883 2022 2033 2080 hanc
2078 2019 2389 2079 historiam
2434 2021 2642 2078 contra
2670 2019 2997 2096 monophy-

372 2110 754 2186 refragantur
791 2158 794 2161 .
821 2129 962 2169 vero
1029 2110 1149 2168 alii.
1233 2109 1660 2186 Compendium
1717 2110 1865 2169 sitas
1908 2112 2201 2185 jactantes
2266 2127 2328 2167 se
2388 2108 2708 2185 genuinam
2758 2111 2998 2185 patrum

375 2199 661 2258 historiae
693 2199 768 2256 ab
798 2199 1137 2258 ascensione
1170 2199 1390 2257 Christi
1423 2198 1661 2258 Domini
1715 2199 2095 2258 nicaenorum
2128 2197 2306 2256 fidem
2337 2199 2557 2259 tenere.
2608 2197 2721 2257 Ubi
2745 2198 2997 2257 aliorum

378 2288 449 2346 ad
481 2307 532 2346 a.
569 2296 717 2358 323,
766 2287 927 2363 quod
958 2288 1301 2359 elaboravit,
1338 2287 1660 2348 intercidit.
1715 2288 1967 2346 testium
2007 2305 2298 2346 consensu
2344 2285 2700 2345 destituitur
2742 2305 2861 2346 non
2909 2291 2999 2345 est

381 2377 696 2454 Egregiam
727 2375 817 2435 ed.
863 2376 1095 2435 curavit
1124 2377 1524 2447 Valesius,
1569 2395 1662 2435 re·
1717 2377 1862 2436 adeo
1892 2376 2008 2435 fide
2039 2375 2232 2452 digna.
2282 2375 2366 2434 Ea
2402 2379 2601 2433 autem
2633 2375 2874 2450 proprie
2903 2375 2997 2432 in·

379 2469 608 2542 ceptam
640 2485 675 2524 a
707 2466 1206 2542 MigneLXVII,
1234 2475 1661 2535 843—106303
1718 2466 2002 2525 scribitur
2047 2467 2327 2524 Actorum
2369 2482 2518 2525 conc.
2564 2465 2791 2522 nicaeni
2847 2482 2999 2522 com·

378 2555 686 2631 Hussey
720 2554 934 2615 Oxonii
973 2564 1137 2619 1860
1173 2558 1214 2614 t.
1251 2564 1285 2619 3
1322 2556 1386 2614 in
1421 2564 1476 2620 8.
1719 2556 2055 2614 meritorius.
2122 2553 2288 2612 Libri
2334 2554 2436 2614 III.
2484 2556 2718 2612 exstant
2764 2555 3001 2612 tantum

1717 2649 1840 2703 tres
1880 2642 2260 2703 Constantini
2304 2643 2447 2717 imp.
2495 2643 2791 2718 epistolae.
2858 2643 3001 2700 Pro·

1717 2734 1833 2792 diit
1856 2733 2116 2808 primum
2148 2750 2292 2790 cura
2322 2732 2370 2791 Β
2389 2730 2506 2789 alf
2514 2749 2547 2789 o
2563 2731 2673 2789 rei
2699 2725 3000 2812 (Balfour)

1720 2823 1871 2881 scoti
1904 2821 2151 2880 Parisiis
2181 2829 2367 2890 1599,
2402 2820 2541 2878 dein
2574 2819 2639 2877 in
2671 2819 2849 2877 variis
2882 2820 3001 2877 col·

489 2743 634 2797 234.
683 2734 1033 2803 Idacius,
1085 2733 1307 2792 rectius
1343 2733 1660 2810 Hydatius,

319 2818 328 2825 ’
379 2823 642 2881 Lemicae
690 2817 887 2902 (Jinzo
949 2822 1021 2880 de
1068 2818 1259 2904 Lima)
1324 2822 1662 2898 provinciae

378 2911 683 2970 Galaeciae
702 2914 898 2982 natue,
932 2910 1249 2987 episcopus
1271 2911 1662 2987 probabiliter

378 3003 584 3075 Aquae
617 3000 851 3058 Flaviae
885 2996 1159 3081 (Chaves)
1210 3000 1585 3059 continuavit
1616 3017 1661 3058 s.

379 3089 754 3165 Hieronymi,
819 3106 1075 3163 quocum
1137 3089 1508 3164 aliquamdiu
1568 3091 1664 3146 est

378 3181 781 3248 conversatus,
816 3179 1122 3236 chronicon
1153 3178 1227 3236 ab
1260 3197 1309 3235 a.
1345 3187 1468 3240 427
1506 3177 1580 3236 ad
1610 3195 1661 3234 a.

379 3277 508 3328 467
531 3270 834 3342 tamquam
854 3267 1143 3325 factorum
1166 3284 1341 3342 saepe
1372 3267 1562 3335 testis,
1598 3266 1661 3323 in

378 3375 496 3431 quo
530 3368 729 3415 rerum
765 3355 1086 3431 Hispaniae
1131 3373 1271 3430 prae
1316 3355 1527 3430 primis
1566 3374 1659 3412 ra-

377 3447 603 3503 tionem
635 3443 830 3506 habet.
886 3444 1067 3520 Saepe
1099 3443 1325 3519 prodiit
1352 3445 1461 3502 hoc
1493 3443 1661 3502 chro-

378 3534 556 3592 nicon
617 3532 966 3608 pretiosum,
1035 3534 1340 3609 integrum
1401 3533 1662 3609 primum

377 3641 520 3682 cura
552 3622 674 3686 Jac.
708 3621 1132 3692 Sirmondi,
1167 3620 1414 3679 Parisiis
1461 3631 1659 3690 1619;
1717 3637 1735 3644 ⁶

377 3717 435 3770 et
468 3712 628 3769 inter
659 3712 789 3787 ejus
835 3729 1028 3786 opera,
1076 3711 1155 3770 ib.
1216 3720 1380 3772 1696
1418 3710 1493 3780 ΙΙ,
1532 3710 1653 3772 291

377 3820 483 3870 ss.;
508 3798 963 3868 GallandiX,
985 3808 1144 3869 3233
1178 3799 1659 3868 Venetiis17293

378 3908 473 3960 ss.,
507 3890 563 3948 J.
597 3890 670 3949 M.
706 3889 998 3947 Garzon
1031 3891 1092 3946 et
1123 3888 1219 3945 Tr.
1252 3888 1321 3946 X.
1351 3887 1423 3945 de
1456 3888 1657 3955 Ram,

377 3979 673 4038 Bruxellis
702 3987 901 4042 1845:
937 3977 1072 4035 hinc
1104 3977 1359 4053 Migne
1391 3976 1453 4038 P.
1486 3976 1547 4038 L.
1569 3974 1658 4042 LI,

380 4076 726 4131 873—890
751 4069 812 4125 et
831 4065 1081 4136 LXXIV,
1119 4076 1469 4128 675—844
1497 4061 1654 4145 (cum

454 4296 490 4363 ¹)
516 4291 601 4346 Cf.
643 4291 880 4345 Schiiz
923 4306 1015 4358 op.
1051 4290 1144 4343 cit.
1187 4308 1315 4360 pag.
1361 4296 1662 4350 430-435‚

1716 2910 2076 2969 lectionibus
2138 2928 2329 2979 conc.,
2395 2908 2456 2966 in
2518 2908 2612 2965 Mi
2629 2926 2772 2985 gne
2823 2908 2883 2966 P.
2937 2908 3007 2969 G.

1718 2998 1990 3067 LXXXV,
2033 3006 2487 3061 1179—1360.

1814 3222 1955 3275 235.
1989 3211 2080 3269 Ad
2125 3210 2435 3269 historiam
2482 3209 2761 3268 ecclesiae
2806 3209 2956 3267 afri
2973 3241 2998 3253 -

1719 3320 1748 3359 c
1765 3320 1798 3359 a
1812 3320 1852 3358 n
1871 3320 1903 3358 a
1920 3320 1950 3359 e
1982 3298 2400 3359 illustrandam
2419 3301 2645 3374 spectat
2668 3298 3000 3374 pulcherri-

1719 3409 1879 3448 mum
1903 3388 2161 3447 Victoris
2182 3388 2431 3446 vitensis
2453 3387 2715 3463 episcopi
2748 3405 3001 3463 opuscu-

1717 3479 1844 3537 lum
1877 3479 1945 3536 de
1956 3480 2355 3551 persecutione
2378 3473 2740 3557 vandala-ff)
2761 3476 3001 3534 illarum

1794 3723 1834 3782 ¹)
1866 3717 1952 3770 Ab
1980 3718 2086 3772 hoc
2113 3716 2395 3786 distingui
2424 3717 2638 3771 debent
2662 3717 2727 3769 It
2742 3716 2780 3769 h
2795 3731 2829 3768 a
2845 3733 2875 3768 c
2892 3716 2958 3769 iu
2977 3733 3002 3768 s

1718 3789 2117 3843 ossonobensis
2134 3810 2146 3848 ;
2204 3789 2226 3840 Ι
2242 3788 2276 3840 d
2295 3804 2329 3839 a
2346 3807 2375 3841 c
2394 3788 2467 3841 iu
2484 3807 2509 3840 s
2554 3786 2909 3841 emeritensis
2947 3788 3008 3841 et

1720 3859 1945 3913 idacius
1972 3859 2013 3913 C
2027 3860 2049 3913 l
2063 3876 2097 3912 a
2110 3878 2141 3912 ι’
2156 3878 2193 3913 ιι
2211 3877 2236 3912 s
2258 3859 2691 3929 Neapolitanus,
2708 3858 2778 3911 de
2796 3857 3007 3925 quibus

1718 3947 1893 4001 supra
1935 3949 1990 4000 p.
2018 3936 2123 3986 319
2163 3947 2213 3982 a.
2254 3929 2496 3999 egimus.
2526 3963 2583 3970 —
2618 3929 3004 3998 Scriptoribus

1716 4001 2127 4055 historicis
2189 4017 2483 4054 accensere
2546 4002 2682 4054 licet
2746 4000 3001 4054 Candi-

1719 4073 1754 4126 d
1774 4093 1811 4127 ιι
1828 4093 1883 4126 m
1929 4075 2202 4135 isaurum,
2230 4072 2609 4125 christianum
2651 4069 3002 4140 scriptorem,

1718 4143 1962 4199 concilio
1989 4143 2424 4199 chalcedonensi
2445 4145 2750 4204 faventem,
2778 4142 2881 4209 qui
2896 4141 3003 4193 sub

1720 4215 2023 4269 Anastasio
2062 4215 2201 4284 imp.
2243 4219 2290 4282 (†
2320 4220 2460 4282 518).
2507 4217 2575 4266 ut
2600 4213 2845 4275 videtur,
2873 4211 3005 4265 scri-

1718 4288 1838 4357 psit
1862 4289 2145 4350 affectata‚
2186 4286 2254 4339 ut
2277 4285 2473 4355 arguit
2498 4284 2591 4337 Ph
2609 4301 2640 4337 o
2659 4283 2772 4336 tiu
2790 4302 2814 4337 s
2842 4300 2886 4336 c.
2915 4286 3001 4346 79,

379 4363 479 4418 ubi
521 4363 738 4435 pariter
779 4362 947 4432 plura
988 4361 1211 4425 menda,
1257 4377 1403 4429 quae
1450 4361 1510 4414 in
1556 4361 1662 4413 hac
1718 4359 1972 4413 dictione
2032 4362 2389 4412 histor-farum
2449 4359 2501 4413 u.
2546 4359 2639 4410 ΙΙΙ
2698 4356 2773 4408 ab
2815 4353 3004 4407 initiis

377 4434 616 4489 historia
661 4432 1043 4504 reperiuntur,
1089 4435 1269 4485 notat.
1311 4434 1362 4485 S.
1403 4431 1662 4500 Grego-
1719 4431 1923 4484 Leonis
1939 4424 2769 4498 Thracisadimperiumevecti
2788 4442 2838 4478 a.
2858 4428 3002 4496 (457)

378 4506 537 4560 rius
565 4506 639 4559 M.
684 4505 744 4559 in
791 4521 880 4573 ep.
925 4502 999 4555 ad
1041 4503 1352 4573 Eulogium
1391 4505 1536 4557 alex.
1565 4502 1663 4558 ‹Vl
1718 4518 1901 4570 usque
1928 4501 2001 4554 ad
2029 4500 2251 4554 obitum
2293 4498 2497 4552 Leonis
2538 4496 2776 4551 Isaurici
2801 4513 2852 4578 a.
2879 4502 3000 4576 49).

377 4573 1663 4719 ἓξ’τῗέοὲἒῗΐωρῧέζὲἱῖῖιΐὲρὲῖὧῗὲἓῖῗὲιῗ
1720 4574 1879 4714 {32¹
1884 4592 1965 4697 ,¹1¹2
1993 4571 2187 4696 {mim
2177 4571 2609 4706 fisstsxffissz
2617 4583 2890 4696 3ιὲῗέῗὸ
2939 4584 3002 4619 ¹¹²

377 4720 479 4773 dat
502 4723 562 4774 et
585 4736 766 4787 usque
792 4718 865 4771 ad
892 4720 1043 4773 diem
1065 4719 1258 4772 obitus
1279 4717 1369 4771 sui
1390 4733 1663 4786 magnum

379 4790 666 4846 doctorem
696 4791 869 4845 fuisse
897 4790 1212 4861 perhibet-⁶

592 4890 778 4944 Hurtcr,
809 4890 1137 4936 Nonicnclator
1165 4889 1181 4933 l
1209 4889 1283 4933 cd.
1313 4886 1393 4931 111.

1795 4721 1835 4784 ἲ)
1864 4714 2182 4783 Subjicitur
2207 4715 2266 4768 in
2288 4712 2449 4766 codd.
2472 4716 2649 4781 passio
2675 4719 2867 4779 septem
2893 4728 3003 4763 mo-

1718 4791 2011 4842 nachorum
2041 4786 2341 4849 sodalium,
2369 4800 2516 4852 quae
2543 4799 2577 4835 a
2604 4782 2743 4836 viris
2762 4780 3004 4835 eruditis

2616 4879 2680 4927 14
