<?xml version="1.0" encoding="UTF-8"?>
<!DOCTYPE html PUBLIC "-//W3C//DTD XHTML 1.0 Transitional//EN"
    "http://www.w3.org/TR/xhtml1/DTD/xhtml1-transitional.dtd">
<html xmlns="http://www.w3.org/1999/xhtml" xml:lang="en" lang="en">
 <head>
  <title>
</title>
<meta http-equiv="Content-Type" content="text/html;charset=utf-8" />
  <meta name='ocr-system' content='tesseract 3.04.00' />
  <meta name='ocr-capabilities' content='ocr_page ocr_carea ocr_par ocr_line ocrx_word'/>
</head>
<body>
  <div class='ocr_page' id='page_1' title='image "./nomenclatorlite09hurtgoog_0250.png"; bbox 0 0 3505 5161; ppageno 0'>
   <div class='ocr_carea' id='block_1_1' title="bbox 1374 226 3098 296">
    <p class='ocr_par' dir='ltr' id='par_1_1' title="bbox 1374 226 3098 296">
     <span class='ocr_line' id='line_1_1' title="bbox 1374 226 3098 296; baseline 0.008 -13"><span class='ocrx_word' id='word_1_1' title='bbox 1374 232 1671 285; x_wconf 75' lang='lat' dir='ltr'>sol—550.</span> <span class='ocrx_word' id='word_1_2' title='bbox 1697 226 1990 284; x_wconf 70' lang='lat' dir='ltr'>Boethius.</span> <span class='ocrx_word' id='word_1_3' title='bbox 2973 243 3098 296; x_wconf 88' lang='grc'>460</span> 
     </span>
    </p>
   </div>
   <div class='ocr_carea' id='block_1_2' title="bbox 461 242 3103 3322">
    <p class='ocr_par' dir='ltr' id='par_1_2' title="bbox 461 242 3103 3322">
     <span class='ocr_line' id='line_1_2' title="bbox 483 242 608 300; baseline -0.016 0"><span class='ocrx_word' id='word_1_4' title='bbox 483 242 608 300; x_wconf 75' lang='lat'>459</span> 
     </span>
     <span class='ocr_line' id='line_1_3' title="bbox 479 412 3099 492; baseline -0.001 -19"><span class='ocrx_word' id='word_1_5' title='bbox 479 433 684 475; x_wconf 84' lang='lat' dir='ltr'>revera</span> <span class='ocrx_word' id='word_1_6' title='bbox 731 414 990 492; x_wconf 75' lang='lat' dir='ltr'>theologi</span> <span class='ocrx_word' id='word_1_7' title='bbox 1052 414 1282 473; x_wconf 86' lang='lat' dir='ltr'>scholae</span> <span class='ocrx_word' id='word_1_8' title='bbox 1346 415 1409 472; x_wconf 90' lang='lat' dir='ltr'>in</span> <span class='ocrx_word' id='word_1_9' title='bbox 1454 413 1759 472; x_wconf 90' lang='lat' dir='ltr'>meliorem</span> <span class='ocrx_word' id='word_1_10' title='bbox 1814 417 1996 490; x_wconf 89' lang='lat' dir='ltr'>ponat</span> <span class='ocrx_word' id='word_1_11' title='bbox 2026 413 2449 473; x_wconf 77' lang='lat' dir='ltr'>consolationis</span> <span class='ocrx_word' id='word_1_12' title='bbox 2484 413 2711 471; x_wconf 82' lang='lat' dir='ltr'>motiva</span> <span class='ocrx_word' id='word_1_13' title='bbox 2728 431 2800 471; x_wconf 82' lang='lat' dir='ltr'>ex</span> <span class='ocrx_word' id='word_1_14' title='bbox 2823 412 2947 471; x_wconf 92' lang='lat' dir='ltr'>sola</span> <span class='ocrx_word' id='word_1_15' title='bbox 2967 413 3099 487; x_wconf 80' lang='lat' dir='ltr'>phi-</span> 
     </span>
     <span class='ocr_line' id='line_1_4' title="bbox 480 501 3098 580; baseline -0.001 -17"><span class='ocrx_word' id='word_1_16' title='bbox 480 522 717 563; x_wconf 87' lang='lat' dir='ltr'>sensum</span> <span class='ocrx_word' id='word_1_17' title='bbox 752 503 1159 580; x_wconf 79' lang='lat' dir='ltr'><strong>intelligentes</strong></span> <span class='ocrx_word' id='word_1_18' title='bbox 1191 502 1448 562; x_wconf 89' lang='lat' dir='ltr'>auctoris</span> <span class='ocrx_word' id='word_1_19' title='bbox 1479 503 1677 561; x_wconf 79' lang='lat' dir='ltr'>verba.</span> <span class='ocrx_word' id='word_1_20' title='bbox 1814 504 2086 579; x_wconf 91' lang='lat' dir='ltr'>losophia</span> <span class='ocrx_word' id='word_1_21' title='bbox 2105 504 2334 572; x_wconf 84' lang='lat' dir='ltr'>hausta,</span> <span class='ocrx_word' id='word_1_22' title='bbox 2369 502 2655 577; x_wconf 89' lang='lat' dir='ltr'>nullaque</span> <span class='ocrx_word' id='word_1_23' title='bbox 2686 501 2792 559; x_wconf 87' lang='lat' dir='ltr'>fiat</span> <span class='ocrx_word' id='word_1_24' title='bbox 2822 520 3098 578; x_wconf 85' lang='lat' dir='ltr'>expressa</span> 
     </span>
     <span class='ocr_line' id='line_1_5' title="bbox 1812 590 3099 669; baseline 0.001 -19"><span class='ocrx_word' id='word_1_25' title='bbox 1812 592 2119 669; x_wconf 83' lang='lat' dir='ltr'>religionis</span> <span class='ocrx_word' id='word_1_26' title='bbox 2197 592 2552 651; x_wconf 76' lang='lat' dir='ltr'>christianae</span> <span class='ocrx_word' id='word_1_27' title='bbox 2627 590 2869 661; x_wconf 88' lang='lat' dir='ltr'>mentio,</span> <span class='ocrx_word' id='word_1_28' title='bbox 2947 609 3099 665; x_wconf 90' lang='lat' dir='ltr'>quae</span> 
     </span>
     <span class='ocr_line' id='line_1_6' title="bbox 571 680 3099 758; baseline -0.001 -15"><span class='ocrx_word' id='word_1_29' title='bbox 571 690 715 745; x_wconf 90' lang='grc'><strong>258.</strong></span> <span class='ocrx_word' id='word_1_30' title='bbox 748 682 917 740; x_wconf 84' lang='lat' dir='ltr'><strong>Alter</strong></span> <span class='ocrx_word' id='word_1_31' title='bbox 958 681 1193 756; x_wconf 87' lang='lat' dir='ltr'>speciali</span> <span class='ocrx_word' id='word_1_32' title='bbox 1226 681 1445 758; x_wconf 90' lang='lat' dir='ltr'>dignus</span> <span class='ocrx_word' id='word_1_33' title='bbox 1475 681 1760 739; x_wconf 89' lang='lat' dir='ltr'>memoria</span> <span class='ocrx_word' id='word_1_34' title='bbox 1813 681 1992 758; x_wconf 86' lang='lat' dir='ltr'>longe</span> <span class='ocrx_word' id='word_1_35' title='bbox 2069 680 2496 740; x_wconf 83' lang='lat' dir='ltr'>efficacioribus</span> <span class='ocrx_word' id='word_1_36' title='bbox 2582 680 2783 739; x_wconf 87' lang='lat' dir='ltr'>solatii</span> <span class='ocrx_word' id='word_1_37' title='bbox 2860 682 3099 740; x_wconf 84' lang='lat' dir='ltr'>motivis</span> 
     </span>
     <span class='ocr_line' id='line_1_7' title="bbox 477 768 3098 847; baseline -0 -18"><span class='ocrx_word' id='word_1_38' title='bbox 477 773 570 829; x_wconf 89' lang='lat' dir='ltr'>est</span> <span class='ocrx_word' id='word_1_39' title='bbox 598 770 985 847; x_wconf 89' lang='lat' dir='ltr'>philosophus</span> <span class='ocrx_word' id='word_1_40' title='bbox 1020 771 1197 845; x_wconf 88' lang='lat' dir='ltr'>plane</span> <span class='ocrx_word' id='word_1_41' title='bbox 1229 770 1484 846; x_wconf 86' lang='lat' dir='ltr'>insignis</span> <span class='ocrx_word' id='word_1_42' title='bbox 1505 769 1757 828; x_wconf 83' lang='lat' dir='ltr'>Anicius</span> <span class='ocrx_word' id='word_1_43' title='bbox 1814 770 2097 840; x_wconf 77' lang='lat' dir='ltr'>abundat,</span> <span class='ocrx_word' id='word_1_44' title='bbox 2163 770 2423 845; x_wconf 89' lang='lat' dir='ltr'>suspicio</span> <span class='ocrx_word' id='word_1_45' title='bbox 2490 768 2849 844; x_wconf 86' lang='lat' dir='ltr'>quibusdam</span> <span class='ocrx_word' id='word_1_46' title='bbox 2891 770 3098 828; x_wconf 88' lang='lat' dir='ltr'>oborta</span> 
     </span>
     <span class='ocr_line' id='line_1_8' title="bbox 476 857 3095 934; baseline 0 -17"><span class='ocrx_word' id='word_1_47' title='bbox 476 858 1758 934; x_wconf 69' lang='lat' dir='ltr'>ManliusTorquatusSeverinusBoethius</span> <span class='ocrx_word' id='word_1_48' title='bbox 1814 861 1921 929; x_wconf 91' lang='lat' dir='ltr'>est,</span> <span class='ocrx_word' id='word_1_49' title='bbox 1955 859 2271 918; x_wconf 68' lang='lat' dir='ltr'>Boethium</span> <span class='ocrx_word' id='word_1_50' title='bbox 2304 877 2423 918; x_wconf 92' lang='lat' dir='ltr'>non</span> <span class='ocrx_word' id='word_1_51' title='bbox 2451 859 2637 917; x_wconf 87' lang='lat' dir='ltr'>fuisse</span> <span class='ocrx_word' id='word_1_52' title='bbox 2658 857 3095 918; x_wconf 84' lang='lat' dir='ltr'>Christianum:</span> 
     </span>
     <span class='ocr_line' id='line_1_9' title="bbox 477 944 3093 1030; baseline -0 -22"><span class='ocrx_word' id='word_1_53' title='bbox 477 944 777 1030; x_wconf 66' lang='lat' dir='ltr'>(Boetius)</span> <span class='ocrx_word' id='word_1_54' title='bbox 841 968 910 1007; x_wconf 91' lang='lat' dir='ltr'>ex</span> <span class='ocrx_word' id='word_1_55' title='bbox 972 948 1344 1006; x_wconf 88' lang='lat' dir='ltr'>nobilissima</span> <span class='ocrx_word' id='word_1_56' title='bbox 1411 947 1757 1006; x_wconf 84' lang='lat' dir='ltr'>Aniciorum</span> <span class='ocrx_word' id='word_1_57' title='bbox 1812 947 1952 1007; x_wconf 90' lang='lat' dir='ltr'>hinc</span> <span class='ocrx_word' id='word_1_58' title='bbox 1983 966 2161 1023; x_wconf 86' lang='lat' dir='ltr'>opera</span> <span class='ocrx_word' id='word_1_59' title='bbox 2175 948 2523 1025; x_wconf 86' lang='lat' dir='ltr'>theologica,</span> <span class='ocrx_word' id='word_1_60' title='bbox 2558 965 2709 1021; x_wconf 89' lang='lat' dir='ltr'>quae</span> <span class='ocrx_word' id='word_1_61' title='bbox 2741 946 2794 1005; x_wconf 91' lang='lat' dir='ltr'>ei</span> <span class='ocrx_word' id='word_1_62' title='bbox 2813 947 3093 1007; x_wconf 89' lang='lat' dir='ltr'>tribuun-</span> 
     </span>
     <span class='ocr_line' id='line_1_10' title="bbox 474 1036 3094 1115; baseline -0 -19"><span class='ocrx_word' id='word_1_63' title='bbox 474 1038 701 1096; x_wconf 85' lang='lat' dir='ltr'>familia</span> <span class='ocrx_word' id='word_1_64' title='bbox 769 1055 816 1097; x_wconf 89' lang='lat' dir='ltr'>c.</span> <span class='ocrx_word' id='word_1_65' title='bbox 882 1046 1186 1100; x_wconf 82' lang='lat'>470—-80</span> <span class='ocrx_word' id='word_1_66' title='bbox 1267 1037 1483 1096; x_wconf 86' lang='lat' dir='ltr'>Romae</span> <span class='ocrx_word' id='word_1_67' title='bbox 1560 1039 1756 1097; x_wconf 87' lang='lat' dir='ltr'>natus.</span> <span class='ocrx_word' id='word_1_68' title='bbox 1813 1041 1929 1107; x_wconf 89' lang='lat' dir='ltr'>tur,</span> <span class='ocrx_word' id='word_1_69' title='bbox 1983 1055 2103 1095; x_wconf 91' lang='lat' dir='ltr'>non</span> <span class='ocrx_word' id='word_1_70' title='bbox 2153 1056 2280 1096; x_wconf 86' lang='lat' dir='ltr'>esse</span> <span class='ocrx_word' id='word_1_71' title='bbox 2331 1036 2608 1115; x_wconf 83' lang='lat' dir='ltr'>genuina.</span> <span class='ocrx_word' id='word_1_72' title='bbox 2671 1036 2890 1095; x_wconf 89' lang='lat' dir='ltr'>Verum</span> <span class='ocrx_word' id='word_1_73' title='bbox 2940 1036 3094 1096; x_wconf 88' lang='lat' dir='ltr'>illud</span> 
     </span>
     <span class='ocr_line' id='line_1_11' title="bbox 474 1125 3093 1203; baseline -0.001 -17"><span class='ocrx_word' id='word_1_74' title='bbox 474 1126 674 1187; x_wconf 88' lang='lat' dir='ltr'>Prima</span> <span class='ocrx_word' id='word_1_75' title='bbox 698 1128 820 1203; x_wconf 87' lang='lat' dir='ltr'>jam</span> <span class='ocrx_word' id='word_1_76' title='bbox 854 1128 1047 1185; x_wconf 84' lang='lat' dir='ltr'>aetate</span> <span class='ocrx_word' id='word_1_77' title='bbox 1077 1126 1299 1185; x_wconf 88' lang='lat' dir='ltr'>missus</span> <span class='ocrx_word' id='word_1_78' title='bbox 1349 1128 1439 1185; x_wconf 85' lang='lat' dir='ltr'>est</span> <span class='ocrx_word' id='word_1_79' title='bbox 1469 1126 1754 1196; x_wconf 79' lang='lat' dir='ltr'>Athenas,</span> <span class='ocrx_word' id='word_1_80' title='bbox 1814 1144 1962 1201; x_wconf 90' lang='lat' dir='ltr'>opus</span> <span class='ocrx_word' id='word_1_81' title='bbox 1995 1144 2152 1185; x_wconf 88' lang='lat' dir='ltr'>mere</span> <span class='ocrx_word' id='word_1_82' title='bbox 2184 1125 2661 1202; x_wconf 88' lang='lat' dir='ltr'>philosophicum</span> <span class='ocrx_word' id='word_1_83' title='bbox 2708 1125 2956 1201; x_wconf 86' lang='lat' dir='ltr'>prodere</span> <span class='ocrx_word' id='word_1_84' title='bbox 3003 1127 3093 1184; x_wconf 78' lang='lat' dir='ltr'>vi·</span> 
     </span>
     <span class='ocr_line' id='line_1_12' title="bbox 474 1214 3095 1292; baseline 0 -19"><span class='ocrx_word' id='word_1_85' title='bbox 474 1215 582 1274; x_wconf 91' lang='lat' dir='ltr'>ubi</span> <span class='ocrx_word' id='word_1_86' title='bbox 612 1215 931 1292; x_wconf 80' lang='lat' dir='ltr'>perfectam</span> <span class='ocrx_word' id='word_1_87' title='bbox 962 1216 1247 1274; x_wconf 86' lang='lat' dir='ltr'>sermonis</span> <span class='ocrx_word' id='word_1_88' title='bbox 1267 1215 1462 1292; x_wconf 88' lang='lat' dir='ltr'>graeci</span> <span class='ocrx_word' id='word_1_89' title='bbox 1482 1215 1756 1274; x_wconf 81' lang='lat' dir='ltr'>notitiam</span> <span class='ocrx_word' id='word_1_90' title='bbox 1811 1215 1987 1273; x_wconf 90' lang='lat' dir='ltr'>detur</span> <span class='ocrx_word' id='word_1_91' title='bbox 2017 1214 2280 1273; x_wconf 87' lang='lat' dir='ltr'>animum</span> <span class='ocrx_word' id='word_1_92' title='bbox 2332 1233 2468 1274; x_wconf 84' lang='lat' dir='ltr'>vere</span> <span class='ocrx_word' id='word_1_93' title='bbox 2518 1214 2926 1289; x_wconf 80' lang='lat' dir='ltr'>christianum,</span> <span class='ocrx_word' id='word_1_94' title='bbox 2961 1224 3095 1274; x_wconf 88' lang='lat' dir='ltr'>cum</span> 
     </span>
     <span class='ocr_line' id='line_1_13' title="bbox 476 1303 3103 1381; baseline -0 -18"><span class='ocrx_word' id='word_1_95' title='bbox 476 1304 799 1379; x_wconf 82' lang='lat' dir='ltr'>acquisivit</span> <span class='ocrx_word' id='word_1_96' title='bbox 818 1304 1346 1380; x_wconf 87' lang='lat' dir='ltr'>etinphilosophia</span> <span class='ocrx_word' id='word_1_97' title='bbox 1361 1304 1614 1379; x_wconf 87' lang='lat' dir='ltr'>aliisque</span> <span class='ocrx_word' id='word_1_98' title='bbox 1634 1304 1751 1362; x_wconf 89' lang='lat' dir='ltr'>dis·</span> <span class='ocrx_word' id='word_1_99' title='bbox 1812 1304 1979 1361; x_wconf 87' lang='lat' dir='ltr'>nulla</span> <span class='ocrx_word' id='word_1_100' title='bbox 2009 1303 2385 1380; x_wconf 79' lang='lat' dir='ltr'>philosophia</span> <span class='ocrx_word' id='word_1_101' title='bbox 2430 1321 2661 1381; x_wconf 86' lang='lat' dir='ltr'>pagana</span> <span class='ocrx_word' id='word_1_102' title='bbox 2704 1305 2828 1362; x_wconf 84' lang='lat' dir='ltr'>tam</span> <span class='ocrx_word' id='word_1_103' title='bbox 2861 1322 3003 1363; x_wconf 88' lang='lat' dir='ltr'>sana</span> <span class='ocrx_word' id='word_1_104' title='bbox 3033 1308 3103 1364; x_wconf 89' lang='lat' dir='ltr'>et</span> 
     </span>
     <span class='ocr_line' id='line_1_14' title="bbox 476 1392 3090 1469; baseline 0.001 -19"><span class='ocrx_word' id='word_1_105' title='bbox 476 1393 712 1468; x_wconf 89' lang='lat' dir='ltr'>ciplinis</span> <span class='ocrx_word' id='word_1_106' title='bbox 746 1393 863 1452; x_wconf 77' lang='lat' dir='ltr'>fuit</span> <span class='ocrx_word' id='word_1_107' title='bbox 892 1392 1230 1457; x_wconf 88' lang='lat' dir='ltr'>institutus.</span> <span class='ocrx_word' id='word_1_108' title='bbox 1291 1393 1362 1451; x_wconf 89' lang='lat' dir='ltr'>In</span> <span class='ocrx_word' id='word_1_109' title='bbox 1406 1393 1615 1452; x_wconf 90' lang='lat' dir='ltr'>urbem</span> <span class='ocrx_word' id='word_1_110' title='bbox 1665 1412 1757 1452; x_wconf 90' lang='lat' dir='ltr'>re·</span> <span class='ocrx_word' id='word_1_111' title='bbox 1812 1411 1962 1468; x_wconf 87' lang='lat' dir='ltr'>pura</span> <span class='ocrx_word' id='word_1_112' title='bbox 2021 1392 2311 1469; x_wconf 87' lang='lat' dir='ltr'>principia</span> <span class='ocrx_word' id='word_1_113' title='bbox 2387 1392 2582 1451; x_wconf 88' lang='lat' dir='ltr'>ethica</span> <span class='ocrx_word' id='word_1_114' title='bbox 2644 1393 3090 1467; x_wconf 81' lang='lat' dir='ltr'>complectatur,</span> 
     </span>
     <span class='ocr_line' id='line_1_15' title="bbox 473 1481 3095 1559; baseline 0 -19"><span class='ocrx_word' id='word_1_115' title='bbox 473 1500 681 1541; x_wconf 85' lang='lat' dir='ltr'>versus</span> <span class='ocrx_word' id='word_1_116' title='bbox 732 1482 808 1541; x_wconf 93' lang='lat' dir='ltr'>ob</span> <span class='ocrx_word' id='word_1_117' title='bbox 857 1481 1127 1559; x_wconf 84' lang='lat' dir='ltr'>insignes</span> <span class='ocrx_word' id='word_1_118' title='bbox 1179 1482 1361 1540; x_wconf 84' lang='lat' dir='ltr'>animi</span> <span class='ocrx_word' id='word_1_119' title='bbox 1394 1482 1580 1553; x_wconf 89' lang='lat' dir='ltr'>dotes,</span> <span class='ocrx_word' id='word_1_120' title='bbox 1633 1482 1752 1541; x_wconf 92' lang='lat' dir='ltr'>elo·</span> <span class='ocrx_word' id='word_1_121' title='bbox 1810 1482 1979 1539; x_wconf 87' lang='lat' dir='ltr'>nulla</span> <span class='ocrx_word' id='word_1_122' title='bbox 2008 1486 2178 1540; x_wconf 83' lang='lat' dir='ltr'>tanta</span> <span class='ocrx_word' id='word_1_123' title='bbox 2207 1481 2444 1553; x_wconf 87' lang='lat' dir='ltr'>fiducia,</span> <span class='ocrx_word' id='word_1_124' title='bbox 2478 1481 2854 1552; x_wconf 81' lang='lat' dir='ltr'>certitudine,</span> <span class='ocrx_word' id='word_1_125' title='bbox 2904 1482 3095 1541; x_wconf 88' lang='lat' dir='ltr'>calore</span> 
     </span>
     <span class='ocr_line' id='line_1_16' title="bbox 473 1570 3093 1648; baseline 0 -18"><span class='ocrx_word' id='word_1_126' title='bbox 473 1571 780 1646; x_wconf 88' lang='lat' dir='ltr'>quentiam</span> <span class='ocrx_word' id='word_1_127' title='bbox 811 1574 873 1631; x_wconf 92' lang='lat' dir='ltr'>et</span> <span class='ocrx_word' id='word_1_128' title='bbox 902 1572 966 1629; x_wconf 88' lang='lat' dir='ltr'>in</span> <span class='ocrx_word' id='word_1_129' title='bbox 997 1571 1178 1631; x_wconf 90' lang='lat' dir='ltr'>rebus</span> <span class='ocrx_word' id='word_1_130' title='bbox 1199 1571 1475 1648; x_wconf 87' lang='lat' dir='ltr'>gerendis</span> <span class='ocrx_word' id='word_1_131' title='bbox 1496 1571 1748 1631; x_wconf 85' lang='lat' dir='ltr'>dexteri·</span> <span class='ocrx_word' id='word_1_132' title='bbox 1811 1570 1978 1645; x_wconf 91' lang='lat' dir='ltr'>loqui</span> <span class='ocrx_word' id='word_1_133' title='bbox 2025 1571 2288 1648; x_wconf 73' lang='lat' dir='ltr'>possit2).</span> <span class='ocrx_word' id='word_1_134' title='bbox 2353 1570 2687 1629; x_wconf 87' lang='lat' dir='ltr'>Plurimum</span> <span class='ocrx_word' id='word_1_135' title='bbox 2731 1570 2936 1629; x_wconf 81' lang='lat' dir='ltr'>arrisit</span> <span class='ocrx_word' id='word_1_136' title='bbox 2984 1572 3093 1630; x_wconf 90' lang='lat' dir='ltr'>hoc</span> 
     </span>
     <span class='ocr_line' id='line_1_17' title="bbox 472 1659 3091 1735; baseline 0 -17"><span class='ocrx_word' id='word_1_137' title='bbox 472 1663 656 1718; x_wconf 84' lang='lat' dir='ltr'>tatem</span> <span class='ocrx_word' id='word_1_138' title='bbox 718 1660 1159 1735; x_wconf 89' lang='lat' dir='ltr'>acceptissimus</span> <span class='ocrx_word' id='word_1_139' title='bbox 1221 1664 1350 1719; x_wconf 88' lang='lat' dir='ltr'>erat</span> <span class='ocrx_word' id='word_1_140' title='bbox 1397 1660 1754 1720; x_wconf 86' lang='lat' dir='ltr'>Theodorico</span> <span class='ocrx_word' id='word_1_141' title='bbox 1810 1677 1958 1735; x_wconf 91' lang='lat' dir='ltr'>opus</span> <span class='ocrx_word' id='word_1_142' title='bbox 1989 1659 2360 1735; x_wconf 81' lang='lat' dir='ltr'>posteritati:</span> <span class='ocrx_word' id='word_1_143' title='bbox 2393 1661 2532 1718; x_wconf 92' lang='lat' dir='ltr'>hinc</span> <span class='ocrx_word' id='word_1_144' title='bbox 2551 1663 2690 1734; x_wconf 90' lang='lat' dir='ltr'>post</span> <span class='ocrx_word' id='word_1_145' title='bbox 2707 1660 3091 1719; x_wconf 85' lang='lat' dir='ltr'>Aristotelem</span> 
     </span>
     <span class='ocr_line' id='line_1_18' title="bbox 471 1748 3089 1826; baseline 0 -19"><span class='ocrx_word' id='word_1_146' title='bbox 471 1750 601 1825; x_wconf 90' lang='lat' dir='ltr'>regi</span> <span class='ocrx_word' id='word_1_147' title='bbox 631 1750 1128 1826; x_wconf 77' lang='lat' dir='ltr'>ostrogothorum</span> <span class='ocrx_word' id='word_1_148' title='bbox 1161 1752 1222 1807; x_wconf 90' lang='lat' dir='ltr'>et</span> <span class='ocrx_word' id='word_1_149' title='bbox 1241 1748 1464 1818; x_wconf 86' lang='lat' dir='ltr'>Italiae,</span> <span class='ocrx_word' id='word_1_150' title='bbox 1489 1750 1592 1825; x_wconf 91' lang='lat' dir='ltr'>qui</span> <span class='ocrx_word' id='word_1_151' title='bbox 1616 1768 1752 1809; x_wconf 94' lang='lat' dir='ltr'>eum</span> <span class='ocrx_word' id='word_1_152' title='bbox 1809 1767 2024 1825; x_wconf 87' lang='lat' dir='ltr'>magna</span> <span class='ocrx_word' id='word_1_153' title='bbox 2054 1752 2182 1806; x_wconf 85' lang='lat' dir='ltr'>erat</span> <span class='ocrx_word' id='word_1_154' title='bbox 2212 1750 2343 1825; x_wconf 78' lang='lat' dir='ltr'>eJus</span> <span class='ocrx_word' id='word_1_155' title='bbox 2374 1749 2439 1807; x_wconf 89' lang='lat' dir='ltr'>in</span> <span class='ocrx_word' id='word_1_156' title='bbox 2471 1748 2924 1824; x_wconf 88' lang='lat' dir='ltr'>quaestionibus</span> <span class='ocrx_word' id='word_1_157' title='bbox 2957 1749 3089 1825; x_wconf 91' lang='lat' dir='ltr'>phi-</span> 
     </span>
     <span class='ocr_line' id='line_1_19' title="bbox 471 1837 3099 1913; baseline 0.001 -18"><span class='ocrx_word' id='word_1_158' title='bbox 471 1838 544 1895; x_wconf 88' lang='lat' dir='ltr'>ad</span> <span class='ocrx_word' id='word_1_159' title='bbox 608 1839 920 1897; x_wconf 84' lang='lat' dir='ltr'>secretiora</span> <span class='ocrx_word' id='word_1_160' title='bbox 980 1837 1301 1897; x_wconf 84' lang='lat' dir='ltr'>adhibebat</span> <span class='ocrx_word' id='word_1_161' title='bbox 1351 1839 1612 1910; x_wconf 90' lang='lat' dir='ltr'>consilia,</span> <span class='ocrx_word' id='word_1_162' title='bbox 1678 1838 1751 1896; x_wconf 83' lang='lat' dir='ltr'>ad</span> <span class='ocrx_word' id='word_1_163' title='bbox 1810 1837 2129 1912; x_wconf 90' lang='lat' dir='ltr'>losophicis</span> <span class='ocrx_word' id='word_1_164' title='bbox 2207 1838 2528 1897; x_wconf 85' lang='lat' dir='ltr'>auctoritas</span> <span class='ocrx_word' id='word_1_165' title='bbox 2610 1856 2791 1913; x_wconf 88' lang='lat' dir='ltr'>penes</span> <span class='ocrx_word' id='word_1_166' title='bbox 2860 1839 3099 1897; x_wconf 84' lang='lat' dir='ltr'>scholae</span> 
     </span>
     <span class='ocr_line' id='line_1_20' title="bbox 472 1925 3090 2004; baseline 0 -20"><span class='ocrx_word' id='word_1_167' title='bbox 472 1945 733 1986; x_wconf 90' lang='lat' dir='ltr'>summas</span> <span class='ocrx_word' id='word_1_168' title='bbox 766 1927 1091 2004; x_wconf 87' lang='lat' dir='ltr'>dignitates</span> <span class='ocrx_word' id='word_1_169' title='bbox 1121 1926 1441 2003; x_wconf 86' lang='lat' dir='ltr'>ipsumque</span> <span class='ocrx_word' id='word_1_170' title='bbox 1481 1927 1752 1987; x_wconf 91' lang='lat' dir='ltr'>consula·</span> <span class='ocrx_word' id='word_1_171' title='bbox 1810 1925 2136 2002; x_wconf 90' lang='lat' dir='ltr'>theologos.</span> <span class='ocrx_word' id='word_1_172' title='bbox 2198 1927 2268 1984; x_wconf 90' lang='lat' dir='ltr'>In</span> <span class='ocrx_word' id='word_1_173' title='bbox 2312 1927 2535 1986; x_wconf 82' lang='lat' dir='ltr'>mullas</span> <span class='ocrx_word' id='word_1_174' title='bbox 2582 1944 2820 1985; x_wconf 82' lang='lat' dir='ltr'>versum</span> <span class='ocrx_word' id='word_1_175' title='bbox 2851 1930 2945 1986; x_wconf 90' lang='lat' dir='ltr'>est</span> <span class='ocrx_word' id='word_1_176' title='bbox 2974 1928 3090 1986; x_wconf 91' lang='lat' dir='ltr'>lin-</span> 
     </span>
     <span class='ocr_line' id='line_1_21' title="bbox 470 2010 3091 2097; baseline 0 -24"><span class='ocrx_word' id='word_1_177' title='bbox 470 2020 600 2074; x_wconf 88' lang='lat' dir='ltr'>tum</span> <span class='ocrx_word' id='word_1_178' title='bbox 634 2010 709 2095; x_wconf 89' lang='lat' dir='ltr'>(a.</span> <span class='ocrx_word' id='word_1_179' title='bbox 746 2013 899 2097; x_wconf 89' lang='lat'>510)</span> <span class='ocrx_word' id='word_1_180' title='bbox 932 2016 1246 2091; x_wconf 82' lang='lat' dir='ltr'>promovit,</span> <span class='ocrx_word' id='word_1_181' title='bbox 1269 2016 1624 2094; x_wconf 83' lang='lat' dir='ltr'>magistrum</span> <span class='ocrx_word' id='word_1_182' title='bbox 1644 2037 1750 2093; x_wconf 86' lang='lat' dir='ltr'>pa·</span> <span class='ocrx_word' id='word_1_183' title='bbox 1808 2032 1974 2091; x_wconf 87' lang='lat' dir='ltr'>guas,</span> <span class='ocrx_word' id='word_1_184' title='bbox 1992 2016 2194 2091; x_wconf 88' lang='lat' dir='ltr'>plures</span> <span class='ocrx_word' id='word_1_185' title='bbox 2220 2016 2371 2075; x_wconf 89' lang='lat' dir='ltr'>illud</span> <span class='ocrx_word' id='word_1_186' title='bbox 2390 2016 2775 2074; x_wconf 86' lang='lat' dir='ltr'>illustrarunt</span> <span class='ocrx_word' id='word_1_187' title='bbox 2793 2034 3091 2075; x_wconf 88' lang='lat' dir='ltr'>commen-</span> 
     </span>
     <span class='ocr_line' id='line_1_22' title="bbox 470 2103 3085 2182; baseline 0.001 -21"><span class='ocrx_word' id='word_1_188' title='bbox 470 2104 601 2162; x_wconf 89' lang='lat' dir='ltr'>latii</span> <span class='ocrx_word' id='word_1_189' title='bbox 650 2108 829 2180; x_wconf 85' lang='lat' dir='ltr'>atque</span> <span class='ocrx_word' id='word_1_190' title='bbox 879 2104 1205 2163; x_wconf 86' lang='lat' dir='ltr'>officiorum</span> <span class='ocrx_word' id='word_1_191' title='bbox 1255 2104 1527 2164; x_wconf 88' lang='lat' dir='ltr'>instituit</span> <span class='ocrx_word' id='word_1_192' title='bbox 1573 2108 1751 2182; x_wconf 87' lang='lat' dir='ltr'>atque</span> <span class='ocrx_word' id='word_1_193' title='bbox 1808 2104 1978 2162; x_wconf 82' lang='lat' dir='ltr'>tariis</span> <span class='ocrx_word' id='word_1_194' title='bbox 2024 2125 2058 2162; x_wconf 87' lang='lat' dir='ltr'>a</span> <span class='ocrx_word' id='word_1_195' title='bbox 2103 2121 2215 2162; x_wconf 90' lang='lat' dir='ltr'>sec.</span> <span class='ocrx_word' id='word_1_196' title='bbox 2246 2103 2570 2175; x_wconf 80' lang='lat' dir='ltr'>Ix-XVI,</span> <span class='ocrx_word' id='word_1_197' title='bbox 2606 2122 2713 2163; x_wconf 86' lang='lat' dir='ltr'>nec</span> <span class='ocrx_word' id='word_1_198' title='bbox 2746 2105 3085 2175; x_wconf 85' lang='lat' dir='ltr'>defuerunt,</span> 
     </span>
     <span class='ocr_line' id='line_1_23' title="bbox 470 2192 3089 2270; baseline 0.001 -20"><span class='ocrx_word' id='word_1_199' title='bbox 470 2193 708 2269; x_wconf 89' lang='lat' dir='ltr'>negotia</span> <span class='ocrx_word' id='word_1_200' title='bbox 738 2193 1089 2270; x_wconf 84' lang='lat' dir='ltr'>gravissima</span> <span class='ocrx_word' id='word_1_201' title='bbox 1120 2193 1174 2251; x_wconf 91' lang='lat' dir='ltr'>ei</span> <span class='ocrx_word' id='word_1_202' title='bbox 1206 2196 1579 2269; x_wconf 85' lang='lat' dir='ltr'>exsequenda</span> <span class='ocrx_word' id='word_1_203' title='bbox 1610 2214 1748 2253; x_wconf 89' lang='lat' dir='ltr'>con·</span> <span class='ocrx_word' id='word_1_204' title='bbox 1808 2194 1911 2267; x_wconf 88' lang='lat' dir='ltr'>qui</span> <span class='ocrx_word' id='word_1_205' title='bbox 1945 2192 2017 2251; x_wconf 86' lang='lat' dir='ltr'>ad</span> <span class='ocrx_word' id='word_1_206' title='bbox 2049 2192 2217 2252; x_wconf 89' lang='lat' dir='ltr'>illius</span> <span class='ocrx_word' id='word_1_207' title='bbox 2267 2193 2663 2253; x_wconf 87' lang='lat' dir='ltr'>imitat-ionem</span> <span class='ocrx_word' id='word_1_208' title='bbox 2709 2213 2884 2270; x_wconf 85' lang='lat' dir='ltr'>opera</span> <span class='ocrx_word' id='word_1_209' title='bbox 2927 2195 3089 2270; x_wconf 89' lang='lat' dir='ltr'>ejus·</span> 
     </span>
     <span class='ocr_line' id='line_1_24' title="bbox 471 2281 2642 2361; baseline -0 -21"><span class='ocrx_word' id='word_1_210' title='bbox 471 2281 736 2342; x_wconf 86' lang='lat' dir='ltr'>credidit.</span> <span class='ocrx_word' id='word_1_211' title='bbox 800 2282 1031 2340; x_wconf 83' lang='lat' dir='ltr'>Gloriae</span> <span class='ocrx_word' id='word_1_212' title='bbox 1063 2282 1236 2357; x_wconf 89' lang='lat' dir='ltr'>quasi</span> <span class='ocrx_word' id='word_1_213' title='bbox 1267 2283 1492 2358; x_wconf 87' lang='lat' dir='ltr'>apicem</span> <span class='ocrx_word' id='word_1_214' title='bbox 1525 2283 1747 2361; x_wconf 83' lang='lat' dir='ltr'>attigit,</span> <span class='ocrx_word' id='word_1_215' title='bbox 1807 2282 1940 2341; x_wconf 88' lang='lat' dir='ltr'>dem</span> <span class='ocrx_word' id='word_1_216' title='bbox 1974 2283 2137 2359; x_wconf 86' lang='lat' dir='ltr'>genii</span> <span class='ocrx_word' id='word_1_217' title='bbox 2169 2283 2642 2359; x_wconf 88' lang='lat' dir='ltr'>conscripserint.</span> 
     </span>
     <span class='ocr_line' id='line_1_25' title="bbox 469 2370 1747 2448; baseline 0.002 -20"><span class='ocrx_word' id='word_1_218' title='bbox 469 2389 603 2429; x_wconf 90' lang='lat' dir='ltr'>cum</span> <span class='ocrx_word' id='word_1_219' title='bbox 635 2372 697 2428; x_wconf 88' lang='lat' dir='ltr'>et</span> <span class='ocrx_word' id='word_1_220' title='bbox 727 2370 873 2429; x_wconf 89' lang='lat' dir='ltr'>duos</span> <span class='ocrx_word' id='word_1_221' title='bbox 906 2389 1045 2430; x_wconf 89' lang='lat' dir='ltr'>suos</span> <span class='ocrx_word' id='word_1_222' title='bbox 1076 2371 1230 2429; x_wconf 89' lang='lat' dir='ltr'>filios</span> <span class='ocrx_word' id='word_1_223' title='bbox 1264 2372 1456 2430; x_wconf 87' lang='lat' dir='ltr'>adhuc</span> <span class='ocrx_word' id='word_1_224' title='bbox 1496 2374 1747 2448; x_wconf 88' lang='lat' dir='ltr'>juvenes</span> 
     </span>
     <span class='ocr_line' id='line_1_26' title="bbox 468 2455 3090 2541; baseline 0.001 -25"><span class='ocrx_word' id='word_1_225' title='bbox 468 2459 622 2517; x_wconf 82' lang='lat' dir='ltr'>vidit</span> <span class='ocrx_word' id='word_1_226' title='bbox 656 2455 840 2541; x_wconf 86' lang='lat'>(522)</span> <span class='ocrx_word' id='word_1_227' title='bbox 875 2461 1168 2520; x_wconf 88' lang='lat' dir='ltr'>consules.</span> <span class='ocrx_word' id='word_1_228' title='bbox 1218 2460 1514 2537; x_wconf 83' lang='lat' dir='ltr'>Expertus</span> <span class='ocrx_word' id='word_1_229' title='bbox 1546 2464 1747 2521; x_wconf 82' lang='lat' dir='ltr'>tamen</span> <span class='ocrx_word' id='word_1_230' title='bbox 1897 2470 2043 2524; x_wconf 88' lang='grc'><strong>260.</strong></span> <span class='ocrx_word' id='word_1_231' title='bbox 2076 2461 2344 2537; x_wconf 84' lang='lat' dir='ltr'>Reliquit</span> <span class='ocrx_word' id='word_1_232' title='bbox 2387 2461 2561 2536; x_wconf 84' lang='lat' dir='ltr'>plura</span> <span class='ocrx_word' id='word_1_233' title='bbox 2600 2460 2717 2519; x_wconf 87' lang='lat' dir='ltr'>alia</span> <span class='ocrx_word' id='word_1_234' title='bbox 2748 2479 2923 2536; x_wconf 91' lang='lat' dir='ltr'>opera</span> <span class='ocrx_word' id='word_1_235' title='bbox 2953 2462 3090 2536; x_wconf 90' lang='lat' dir='ltr'>phi-</span> 
     </span>
     <span class='ocr_line' id='line_1_27' title="bbox 467 2548 3091 2627; baseline 0.001 -20"><span class='ocrx_word' id='word_1_236' title='bbox 467 2551 562 2607; x_wconf 88' lang='lat' dir='ltr'>est</span> <span class='ocrx_word' id='word_1_237' title='bbox 590 2548 806 2608; x_wconf 88' lang='lat' dir='ltr'>misero</span> <span class='ocrx_word' id='word_1_238' title='bbox 838 2550 957 2608; x_wconf 86' lang='lat' dir='ltr'>fato</span> <span class='ocrx_word' id='word_1_239' title='bbox 987 2549 1280 2610; x_wconf 86' lang='lat' dir='ltr'>humanae</span> <span class='ocrx_word' id='word_1_240' title='bbox 1323 2550 1547 2627; x_wconf 86' lang='lat' dir='ltr'>gloriae</span> <span class='ocrx_word' id='word_1_241' title='bbox 1580 2551 1747 2610; x_wconf 82' lang='lat' dir='ltr'>vani·</span> <span class='ocrx_word' id='word_1_242' title='bbox 1804 2549 2121 2626; x_wconf 88' lang='lat' dir='ltr'>losophica‚</span> <span class='ocrx_word' id='word_1_243' title='bbox 2185 2550 2482 2609; x_wconf 78' lang='lat' dir='ltr'>versiones</span> <span class='ocrx_word' id='word_1_244' title='bbox 2546 2553 2607 2608; x_wconf 89' lang='lat' dir='ltr'>et</span> <span class='ocrx_word' id='word_1_245' title='bbox 2668 2551 3091 2610; x_wconf 88' lang='lat' dir='ltr'>commentaria</span> 
     </span>
     <span class='ocr_line' id='line_1_28' title="bbox 466 2639 3087 2716; baseline 0.001 -21"><span class='ocrx_word' id='word_1_246' title='bbox 466 2640 651 2696; x_wconf 89' lang='lat' dir='ltr'>tatem</span> <span class='ocrx_word' id='word_1_247' title='bbox 683 2642 741 2696; x_wconf 84' lang='lat' dir='ltr'>et</span> <span class='ocrx_word' id='word_1_248' title='bbox 775 2639 1258 2697; x_wconf 84' lang='lat' dir='ltr'>mutabilitatem.</span> <span class='ocrx_word' id='word_1_249' title='bbox 1300 2640 1451 2698; x_wconf 88' lang='lat' dir='ltr'>Nam</span> <span class='ocrx_word' id='word_1_250' title='bbox 1484 2640 1746 2699; x_wconf 87' lang='lat' dir='ltr'>Theodo·</span> <span class='ocrx_word' id='word_1_251' title='bbox 1804 2639 2093 2697; x_wconf 88' lang='lat' dir='ltr'>nonnulla</span> <span class='ocrx_word' id='word_1_252' title='bbox 2122 2639 2299 2715; x_wconf 89' lang='lat' dir='ltr'>plane</span> <span class='ocrx_word' id='word_1_253' title='bbox 2330 2640 2570 2716; x_wconf 86' lang='lat' dir='ltr'>egregia</span> <span class='ocrx_word' id='word_1_254' title='bbox 2619 2639 2682 2697; x_wconf 92' lang='lat' dir='ltr'>in</span> <span class='ocrx_word' id='word_1_255' title='bbox 2715 2657 2894 2714; x_wconf 87' lang='lat' dir='ltr'>opera</span> <span class='ocrx_word' id='word_1_256' title='bbox 2924 2643 3087 2699; x_wconf 83' lang='lat' dir='ltr'>vete-</span> 
     </span>
     <span class='ocr_line' id='line_1_29' title="bbox 466 2726 3086 2805; baseline 0.001 -21"><span class='ocrx_word' id='word_1_257' title='bbox 466 2726 623 2785; x_wconf 91' lang='lat' dir='ltr'>ricus</span> <span class='ocrx_word' id='word_1_258' title='bbox 653 2727 1007 2803; x_wconf 88' lang='lat' dir='ltr'>procedente</span> <span class='ocrx_word' id='word_1_259' title='bbox 1038 2730 1230 2786; x_wconf 86' lang='lat' dir='ltr'>aet-ate</span> <span class='ocrx_word' id='word_1_260' title='bbox 1277 2728 1349 2785; x_wconf 88' lang='lat' dir='ltr'>ad</span> <span class='ocrx_word' id='word_1_261' title='bbox 1382 2729 1745 2805; x_wconf 89' lang='lat' dir='ltr'>suspiciones</span> <span class='ocrx_word' id='word_1_262' title='bbox 1804 2746 1934 2786; x_wconf 90' lang='lat' dir='ltr'>rum</span> <span class='ocrx_word' id='word_1_263' title='bbox 1968 2728 2461 2800; x_wconf 77' lang='lat' dir='ltr'>AristoteliS,</span> <span class='ocrx_word' id='word_1_264' title='bbox 2497 2728 2945 2805; x_wconf 81' lang='lat' dir='ltr'>Porphyrii,</span> <span class='ocrx_word' id='word_1_265' title='bbox 2979 2729 3086 2787; x_wconf 83' lang='lat' dir='ltr'>ci-</span> 
     </span>
     <span class='ocr_line' id='line_1_30' title="bbox 465 2815 3086 2892; baseline 0.001 -19"><span class='ocrx_word' id='word_1_266' title='bbox 465 2817 1555 2890; x_wconf 87' lang='lat' dir='ltr'>pronusaemulorumaccusationibus</span> <span class='ocrx_word' id='word_1_267' title='bbox 1568 2818 1746 2876; x_wconf 88' lang='lat' dir='ltr'>nimis</span> <span class='ocrx_word' id='word_1_268' title='bbox 1802 2818 2129 2887; x_wconf 77' lang='lat' dir='ltr'>coronis,</span> <span class='ocrx_word' id='word_1_269' title='bbox 2208 2817 2373 2875; x_wconf 83' lang='lat' dir='ltr'>Marii</span> <span class='ocrx_word' id='word_1_270' title='bbox 2438 2817 2660 2876; x_wconf 89' lang='lat' dir='ltr'>Victo</span> <span class='ocrx_word' id='word_1_271' title='bbox 2679 2815 2856 2887; x_wconf 90' lang='lat' dir='ltr'>rini,</span> <span class='ocrx_word' id='word_1_272' title='bbox 2935 2836 3086 2892; x_wconf 88' lang='lat' dir='ltr'>quae</span> 
     </span>
     <span class='ocr_line' id='line_1_31' title="bbox 463 2904 3085 2982; baseline 0.002 -19"><span class='ocrx_word' id='word_1_273' title='bbox 463 2904 648 2964; x_wconf 88' lang='lat' dir='ltr'>fidens</span> <span class='ocrx_word' id='word_1_274' title='bbox 679 2924 817 2964; x_wconf 89' lang='lat' dir='ltr'>eum</span> <span class='ocrx_word' id='word_1_275' title='bbox 848 2906 1186 2964; x_wconf 90' lang='lat' dir='ltr'>inauditum</span> <span class='ocrx_word' id='word_1_276' title='bbox 1227 2906 1532 2965; x_wconf 88' lang='lat' dir='ltr'>custodiae</span> <span class='ocrx_word' id='word_1_277' title='bbox 1563 2906 1746 2966; x_wconf 86' lang='lat' dir='ltr'>tradi-</span> <span class='ocrx_word' id='word_1_278' title='bbox 1802 2905 1981 2963; x_wconf 89' lang='lat' dir='ltr'>habes</span> <span class='ocrx_word' id='word_1_279' title='bbox 1999 2905 2063 2962; x_wconf 95' lang='lat' dir='ltr'>in</span> <span class='ocrx_word' id='word_1_280' title='bbox 2096 2905 2298 2982; x_wconf 81' lang='lat' dir='ltr'>Mign</span> <span class='ocrx_word' id='word_1_281' title='bbox 2317 2923 2349 2963; x_wconf 92' lang='lat' dir='ltr'>e</span> <span class='ocrx_word' id='word_1_282' title='bbox 2382 2906 2444 2963; x_wconf 93' lang='lat' dir='ltr'>P.</span> <span class='ocrx_word' id='word_1_283' title='bbox 2462 2906 2523 2963; x_wconf 79' lang='lat'>1..</span> <span class='ocrx_word' id='word_1_284' title='bbox 2540 2904 2737 2977; x_wconf 85' lang='lat' dir='ltr'>LXIV,</span> <span class='ocrx_word' id='word_1_285' title='bbox 2758 2915 3085 2969; x_wconf 83' lang='lat'>9—1‘239.</span> 
     </span>
     <span class='ocr_line' id='line_1_32' title="bbox 465 2993 3083 3072; baseline 0.001 -22"><span class='ocrx_word' id='word_1_286' title='bbox 465 2993 556 3051; x_wconf 90' lang='lat' dir='ltr'>dit</span> <span class='ocrx_word' id='word_1_287' title='bbox 585 3013 650 3052; x_wconf 85' lang='lat' dir='ltr'>ac</span> <span class='ocrx_word' id='word_1_288' title='bbox 681 2995 870 3052; x_wconf 84' lang='lat' dir='ltr'>veluti</span> <span class='ocrx_word' id='word_1_289' title='bbox 901 2994 1253 3069; x_wconf 76' lang='lat' dir='ltr'>proditionis</span> <span class='ocrx_word' id='word_1_290' title='bbox 1274 3013 1445 3053; x_wconf 88' lang='lat' dir='ltr'>reum</span> <span class='ocrx_word' id='word_1_291' title='bbox 1463 3013 1585 3055; x_wconf 92' lang='lat' dir='ltr'>non</span> <span class='ocrx_word' id='word_1_292' title='bbox 1617 2997 1746 3055; x_wconf 89' lang='lat' dir='ltr'>sine</span> <span class='ocrx_word' id='word_1_293' title='bbox 1801 2994 2068 3070; x_wconf 88' lang='lat' dir='ltr'>Reliquit</span> <span class='ocrx_word' id='word_1_294' title='bbox 2098 2998 2161 3052; x_wconf 86' lang='lat' dir='ltr'>et</span> <span class='ocrx_word' id='word_1_295' title='bbox 2178 2995 2409 3069; x_wconf 89' lang='lat' dir='ltr'>aliquot</span> <span class='ocrx_word' id='word_1_296' title='bbox 2428 2994 2718 3069; x_wconf 87' lang='lat' dir='ltr'>opuscula</span> <span class='ocrx_word' id='word_1_297' title='bbox 2737 2995 3083 3072; x_wconf 86' lang='lat' dir='ltr'>theologica.</span> 
     </span>
     <span class='ocr_line' id='line_1_33' title="bbox 464 3083 3084 3160; baseline -0.002 -13"><span class='ocrx_word' id='word_1_298' title='bbox 464 3083 824 3142; x_wconf 75' lang='lat' dir='ltr'>cruciatibus</span> <span class='ocrx_word' id='word_1_299' title='bbox 886 3083 1044 3142; x_wconf 73' lang='lat' dir='ltr'>inter</span> <span class='ocrx_word' id='word_1_300' title='bbox 1102 3103 1153 3140; x_wconf 72' lang='lat' dir='ltr'>a·</span> <span class='ocrx_word' id='word_1_301' title='bbox 1204 3093 1503 3148; x_wconf 82' lang='lat'>524—26</span> <span class='ocrx_word' id='word_1_302' title='bbox 1557 3088 1745 3144; x_wconf 88' lang='lat' dir='ltr'>morte</span> <span class='ocrx_word' id='word_1_303' title='bbox 1798 3084 2003 3142; x_wconf 89' lang='lat' dir='ltr'>Brevis</span> <span class='ocrx_word' id='word_1_304' title='bbox 2034 3083 2172 3141; x_wconf 87' lang='lat' dir='ltr'>fidei</span> <span class='ocrx_word' id='word_1_305' title='bbox 2215 3083 2570 3142; x_wconf 87' lang='lat' dir='ltr'>christianae</span> <span class='ocrx_word' id='word_1_306' title='bbox 2619 3084 2944 3160; x_wconf 87' lang='lat' dir='ltr'>complexio</span> <span class='ocrx_word' id='word_1_307' title='bbox 2977 3102 3084 3143; x_wconf 90' lang='lat' dir='ltr'>seu</span> 
     </span>
     <span class='ocr_line' id='line_1_34' title="bbox 463 3168 3081 3253; baseline 0.001 -24"><span class='ocrx_word' id='word_1_308' title='bbox 463 3169 738 3248; x_wconf 79' lang='lat' dir='ltr'>affecitl).</span> <span class='ocrx_word' id='word_1_309' title='bbox 801 3172 941 3231; x_wconf 86' lang='lat' dir='ltr'>Post</span> <span class='ocrx_word' id='word_1_310' title='bbox 973 3172 1318 3232; x_wconf 84' lang='lat' dir='ltr'>Theodorici</span> <span class='ocrx_word' id='word_1_311' title='bbox 1350 3177 1600 3232; x_wconf 84' lang='lat' dir='ltr'>mortem</span> <span class='ocrx_word' id='word_1_312' title='bbox 1634 3174 1739 3234; x_wconf 89' lang='lat' dir='ltr'>ho·</span> <span class='ocrx_word' id='word_1_313' title='bbox 1799 3173 1867 3230; x_wconf 82' lang='lat' dir='ltr'>de</span> <span class='ocrx_word' id='word_1_314' title='bbox 1893 3168 2098 3253; x_wconf 78' lang='lat' dir='ltr'>fide²);</span> <span class='ocrx_word' id='word_1_315' title='bbox 2130 3172 2198 3229; x_wconf 81' lang='lat' dir='ltr'>de</span> <span class='ocrx_word' id='word_1_316' title='bbox 2228 3191 2273 3231; x_wconf 78' lang='lat' dir='ltr'>s.</span> <span class='ocrx_word' id='word_1_317' title='bbox 2319 3173 2626 3249; x_wconf 77' lang='lat' dir='ltr'>Trinitate,</span> <span class='ocrx_word' id='word_1_318' title='bbox 2665 3191 2784 3247; x_wconf 92' lang='lat' dir='ltr'>quo</span> <span class='ocrx_word' id='word_1_319' title='bbox 2816 3174 2880 3231; x_wconf 93' lang='lat' dir='ltr'>in</span> <span class='ocrx_word' id='word_1_320' title='bbox 2913 3173 2949 3231; x_wconf 94' lang='lat' dir='ltr'>l.</span> <span class='ocrx_word' id='word_1_321' title='bbox 2990 3173 3081 3231; x_wconf 87' lang='lat' dir='ltr'>in-</span> 
     </span>
     <span class='ocr_line' id='line_1_35' title="bbox 461 3260 1850 3322; baseline 0.002 -5"><span class='ocrx_word' id='word_1_322' title='bbox 461 3260 698 3319; x_wconf 88' lang='lat' dir='ltr'>norifice</span> <span class='ocrx_word' id='word_1_323' title='bbox 731 3261 792 3318; x_wconf 90' lang='lat' dir='ltr'>in</span> <span class='ocrx_word' id='word_1_324' title='bbox 823 3260 1063 3320; x_wconf 85' lang='lat' dir='ltr'>basilica</span> <span class='ocrx_word' id='word_1_325' title='bbox 1082 3261 1357 3321; x_wconf 84' lang='lat' dir='ltr'>ticinensi</span> <span class='ocrx_word' id='word_1_326' title='bbox 1376 3281 1420 3322; x_wconf 90' lang='lat' dir='ltr'>s.</span> <span class='ocrx_word' id='word_1_327' title='bbox 1441 3263 1603 3321; x_wconf 89' lang='lat' dir='ltr'>Petri</span> <span class='ocrx_word' id='word_1_328' title='bbox 1624 3263 1742 3322; x_wconf 88' lang='lat' dir='ltr'>fuit</span> <span class='ocrx_word' id='word_1_329' title='bbox 1804 3297 1850 3305; x_wconf 84' lang='lat'>-—</span> 
     </span>
    </p>
   </div>
   <div class='ocr_carea' id='block_1_3' title="bbox 462 3350 3085 3515">
    <p class='ocr_par' dir='ltr' id='par_1_3' title="bbox 462 3350 3085 3515">
     <span class='ocr_line' id='line_1_36' title="bbox 463 3350 3085 3430; baseline 0.003 -23"><span class='ocrx_word' id='word_1_330' title='bbox 463 3350 736 3423; x_wconf 87' lang='lat' dir='ltr'>sepultus</span> <span class='ocrx_word' id='word_1_331' title='bbox 768 3350 1017 3425; x_wconf 88' lang='lat' dir='ltr'>ejusque</span> <span class='ocrx_word' id='word_1_332' title='bbox 1049 3352 1277 3409; x_wconf 89' lang='lat' dir='ltr'>cultum</span> <span class='ocrx_word' id='word_1_333' title='bbox 1331 3352 1402 3410; x_wconf 89' lang='lat' dir='ltr'>ab</span> <span class='ocrx_word' id='word_1_334' title='bbox 1436 3352 1741 3411; x_wconf 89' lang='lat' dir='ltr'>immemo-</span> <span class='ocrx_word' id='word_1_335' title='bbox 1876 3363 1912 3430; x_wconf 87' lang='lat'>¹)</span> <span class='ocrx_word' id='word_1_336' title='bbox 1941 3356 2022 3412; x_wconf 83' lang='lat' dir='ltr'>Cf.</span> <span class='ocrx_word' id='word_1_337' title='bbox 2042 3358 2109 3411; x_wconf 88' lang='lat' dir='ltr'>N.</span> <span class='ocrx_word' id='word_1_338' title='bbox 2138 3359 2173 3412; x_wconf 86' lang='lat' dir='ltr'>S</span> <span class='ocrx_word' id='word_1_339' title='bbox 2191 3376 2220 3412; x_wconf 90' lang='lat' dir='ltr'>c</span> <span class='ocrx_word' id='word_1_340' title='bbox 2238 3360 2273 3413; x_wconf 88' lang='lat' dir='ltr'>h</span> <span class='ocrx_word' id='word_1_341' title='bbox 2291 3359 2409 3413; x_wconf 84' lang='lat' dir='ltr'>eid</span> <span class='ocrx_word' id='word_1_342' title='bbox 2437 3358 2531 3414; x_wconf 85' lang='lat' dir='ltr'>die</span> <span class='ocrx_word' id='word_1_343' title='bbox 2547 3359 3085 3430; x_wconf 69' lang='lat' dir='ltr'>Weltansc-hauung</span> 
     </span>
     <span class='ocr_line' id='line_1_37' title="bbox 462 3428 3083 3515; baseline -0 -22"><span class='ocrx_word' id='word_1_344' title='bbox 462 3437 637 3496; x_wconf 89' lang='lat' dir='ltr'>rabili</span> <span class='ocrx_word' id='word_1_345' title='bbox 670 3439 723 3497; x_wconf 91' lang='lat' dir='ltr'>ei</span> <span class='ocrx_word' id='word_1_346' title='bbox 743 3439 1096 3513; x_wconf 86' lang='lat' dir='ltr'>praestitum</span> <span class='ocrx_word' id='word_1_347' title='bbox 1120 3442 1419 3515; x_wconf 87' lang='lat' dir='ltr'>tamquam</span> <span class='ocrx_word' id='word_1_348' title='bbox 1442 3458 1612 3499; x_wconf 84' lang='lat' dir='ltr'>servo</span> <span class='ocrx_word' id='word_1_349' title='bbox 1637 3441 1740 3499; x_wconf 89' lang='lat' dir='ltr'>Dei</span> <span class='ocrx_word' id='word_1_350' title='bbox 1797 3428 1896 3482; x_wconf 81' lang='lat' dir='ltr'>des</span> <span class='ocrx_word' id='word_1_351' title='bbox 1921 3428 1983 3482; x_wconf 85' lang='grc' dir='ltr'>Β·</span> <span class='ocrx_word' id='word_1_352' title='bbox 2026 3430 2143 3483; x_wconf 71' lang='lat' dir='ltr'>und</span> <span class='ocrx_word' id='word_1_353' title='bbox 2185 3430 2307 3484; x_wconf 68' lang='lat' dir='ltr'>sein</span> <span class='ocrx_word' id='word_1_354' title='bbox 2347 3431 2665 3486; x_wconf 71' lang='lat' dir='ltr'>Trostbuch</span> <span class='ocrx_word' id='word_1_355' title='bbox 2705 3431 2765 3485; x_wconf 84' lang='lat' dir='ltr'>in</span> <span class='ocrx_word' id='word_1_356' title='bbox 2802 3431 3083 3486; x_wconf 74' lang='lat' dir='ltr'>Stimmen</span> 
     </span>
    </p>
   </div>
   <div class='ocr_carea' id='block_1_4' title="bbox 1856 3295 2118 3305">
    <p class='ocr_par' dir='ltr' id='par_1_4' title="bbox 1856 3295 2118 3305">
     <span class='ocr_line' id='line_1_38' title="bbox 1856 3295 2118 3305; baseline 0 1856"><span class='ocrx_word' id='word_1_357' title='bbox 1856 3295 2118 3305; x_wconf 95' lang='lat' dir='ltr'> </span> 
     </span>
    </p>
   </div>
   <div class='ocr_carea' id='block_1_5' title="bbox 460 3527 1740 3761">
    <p class='ocr_par' dir='ltr' id='par_1_5' title="bbox 460 3527 1740 3761">
     <span class='ocr_line' id='line_1_39' title="bbox 462 3527 1740 3603; baseline 0.004 -20"><span class='ocrx_word' id='word_1_358' title='bbox 462 3529 522 3583; x_wconf 92' lang='lat' dir='ltr'>et</span> <span class='ocrx_word' id='word_1_359' title='bbox 538 3530 739 3584; x_wconf 84' lang='lat' dir='ltr'>sancto</span> <span class='ocrx_word' id='word_1_360' title='bbox 755 3527 1004 3603; x_wconf 81' lang='lat' dir='ltr'>martyri</span> <span class='ocrx_word' id='word_1_361' title='bbox 1019 3527 1134 3587; x_wconf 87' lang='lat' dir='ltr'>Leo</span> <span class='ocrx_word' id='word_1_362' title='bbox 1150 3528 1308 3588; x_wconf 86' lang='lat' dir='ltr'><strong>XIII.</strong></span> <span class='ocrx_word' id='word_1_363' title='bbox 1324 3529 1476 3588; x_wconf 89' lang='lat' dir='ltr'>decr.</span> <span class='ocrx_word' id='word_1_364' title='bbox 1498 3540 1523 3593; x_wconf 94' lang='lat'>1</span> <span class='ocrx_word' id='word_1_365' title='bbox 1540 3539 1594 3592; x_wconf 89' lang='lat'>3.</span> <span class='ocrx_word' id='word_1_366' title='bbox 1610 3531 1740 3588; x_wconf 90' lang='lat' dir='ltr'>Dec.</span> 
     </span>
     <span class='ocr_line' id='line_1_40' title="bbox 471 3616 1739 3695; baseline 0.005 -25"><span class='ocrx_word' id='word_1_367' title='bbox 471 3623 631 3678; x_wconf 68' lang='lat'>1883</span> <span class='ocrx_word' id='word_1_368' title='bbox 684 3635 752 3673; x_wconf 84' lang='lat' dir='ltr'>ex</span> <span class='ocrx_word' id='word_1_369' title='bbox 802 3616 1076 3676; x_wconf 88' lang='lat' dir='ltr'>consulto</span> <span class='ocrx_word' id='word_1_370' title='bbox 1125 3636 1323 3695; x_wconf 86' lang='lat' dir='ltr'>congr.</span> <span class='ocrx_word' id='word_1_371' title='bbox 1370 3635 1448 3680; x_wconf 90' lang='lat' dir='ltr'>ss.</span> <span class='ocrx_word' id='word_1_372' title='bbox 1493 3619 1739 3678; x_wconf 86' lang='lat' dir='ltr'>Rituum</span> 
     </span>
     <span class='ocr_line' id='line_1_41' title="bbox 460 3702 848 3761; baseline 0 -1"><span class='ocrx_word' id='word_1_373' title='bbox 460 3702 848 3761; x_wconf 83' lang='lat' dir='ltr'>confirmavit.</span> 
     </span>
    </p>
   </div>
   <div class='ocr_carea' id='block_1_6' title="bbox 447 3880 1738 4494">
    <p class='ocr_par' dir='ltr' id='par_1_6' title="bbox 447 3880 1738 4494">
     <span class='ocr_line' id='line_1_42' title="bbox 553 3880 1737 3960; baseline 0.003 -20"><span class='ocrx_word' id='word_1_374' title='bbox 553 3888 699 3942; x_wconf 88' lang='grc'><strong>259.</strong></span> <span class='ocrx_word' id='word_1_375' title='bbox 728 3880 813 3939; x_wconf 84' lang='lat' dir='ltr'>Ex</span> <span class='ocrx_word' id='word_1_376' title='bbox 847 3883 977 3957; x_wconf 75' lang='lat' dir='ltr'>eJus</span> <span class='ocrx_word' id='word_1_377' title='bbox 997 3883 1274 3960; x_wconf 84' lang='lat' dir='ltr'>operibus</span> <span class='ocrx_word' id='word_1_378' title='bbox 1294 3884 1737 3944; x_wconf 88' lang='lat' dir='ltr'>celeberrimum</span> 
     </span>
     <span class='ocr_line' id='line_1_43' title="bbox 458 3968 1738 4048; baseline 0.005 -22"><span class='ocrx_word' id='word_1_379' title='bbox 458 3973 520 4026; x_wconf 89' lang='lat' dir='ltr'>et</span> <span class='ocrx_word' id='word_1_380' title='bbox 549 3968 866 4029; x_wconf 90' lang='lat' dir='ltr'>admodum</span> <span class='ocrx_word' id='word_1_381' title='bbox 887 3971 1123 4048; x_wconf 86' lang='lat' dir='ltr'>elegans</span> <span class='ocrx_word' id='word_1_382' title='bbox 1156 3976 1249 4031; x_wconf 84' lang='lat' dir='ltr'>est</span> <span class='ocrx_word' id='word_1_383' title='bbox 1267 3974 1335 4031; x_wconf 80' lang='lat' dir='ltr'>de</span> <span class='ocrx_word' id='word_1_384' title='bbox 1354 3975 1738 4033; x_wconf 79' lang='lat' dir='ltr'>consolatione</span> 
     </span>
     <span class='ocr_line' id='line_1_44' title="bbox 447 4059 1735 4138; baseline 0.002 -22"><span class='ocrx_word' id='word_1_385' title='bbox 447 4059 849 4132; x_wconf 79' lang='lat' dir='ltr'>philosophiae</span> <span class='ocrx_word' id='word_1_386' title='bbox 901 4060 961 4119; x_wconf 91' lang='lat' dir='ltr'>ll.</span> <span class='ocrx_word' id='word_1_387' title='bbox 994 4060 1063 4129; x_wconf 86' lang='lat' dir='ltr'>V,</span> <span class='ocrx_word' id='word_1_388' title='bbox 1115 4061 1176 4118; x_wconf 91' lang='lat' dir='ltr'>in</span> <span class='ocrx_word' id='word_1_389' title='bbox 1219 4060 1407 4119; x_wconf 82' lang='lat' dir='ltr'>forma</span> <span class='ocrx_word' id='word_1_390' title='bbox 1450 4063 1735 4138; x_wconf 90' lang='lat' dir='ltr'>colloquii</span> 
     </span>
     <span class='ocr_line' id='line_1_45' title="bbox 457 4148 1730 4226; baseline 0.003 -22"><span class='ocrx_word' id='word_1_391' title='bbox 457 4148 826 4224; x_wconf 88' lang='lat' dir='ltr'>interipsum</span> <span class='ocrx_word' id='word_1_392' title='bbox 843 4152 904 4207; x_wconf 92' lang='lat' dir='ltr'>et</span> <span class='ocrx_word' id='word_1_393' title='bbox 914 4150 1292 4225; x_wconf 89' lang='lat' dir='ltr'>Sapientiam,</span> <span class='ocrx_word' id='word_1_394' title='bbox 1308 4151 1527 4225; x_wconf 86' lang='lat' dir='ltr'>partim</span> <span class='ocrx_word' id='word_1_395' title='bbox 1540 4169 1730 4226; x_wconf 88' lang='lat' dir='ltr'>prosa,</span> 
     </span>
     <span class='ocr_line' id='line_1_46' title="bbox 454 4236 1733 4316; baseline 0.004 -23"><span class='ocrx_word' id='word_1_396' title='bbox 454 4236 674 4311; x_wconf 86' lang='lat' dir='ltr'>partim</span> <span class='ocrx_word' id='word_1_397' title='bbox 707 4238 978 4297; x_wconf 83' lang='lat' dir='ltr'>versibus</span> <span class='ocrx_word' id='word_1_398' title='bbox 1012 4239 1434 4314; x_wconf 86' lang='lat' dir='ltr'>conscriptum.</span> <span class='ocrx_word' id='word_1_399' title='bbox 1486 4240 1733 4316; x_wconf 84' lang='lat' dir='ltr'>Compo-</span> 
     </span>
     <span class='ocr_line' id='line_1_47' title="bbox 457 4326 1735 4405; baseline 0.005 -23"><span class='ocrx_word' id='word_1_400' title='bbox 457 4326 583 4384; x_wconf 87' lang='lat' dir='ltr'>suit</span> <span class='ocrx_word' id='word_1_401' title='bbox 611 4326 722 4384; x_wconf 92' lang='lat' dir='ltr'>hoc</span> <span class='ocrx_word' id='word_1_402' title='bbox 754 4345 906 4401; x_wconf 89' lang='lat' dir='ltr'>opus</span> <span class='ocrx_word' id='word_1_403' title='bbox 952 4328 1016 4386; x_wconf 89' lang='lat' dir='ltr'>in</span> <span class='ocrx_word' id='word_1_404' title='bbox 1057 4345 1282 4386; x_wconf 87' lang='lat' dir='ltr'>carcere</span> <span class='ocrx_word' id='word_1_405' title='bbox 1325 4329 1389 4387; x_wconf 91' lang='lat' dir='ltr'>in</span> <span class='ocrx_word' id='word_1_406' title='bbox 1432 4332 1735 4405; x_wconf 86' lang='lat' dir='ltr'>exspecta-</span> 
     </span>
     <span class='ocr_line' id='line_1_48' title="bbox 454 4415 1730 4494; baseline 0.005 -23"><span class='ocrx_word' id='word_1_407' title='bbox 454 4415 615 4473; x_wconf 83' lang='lat' dir='ltr'>tione</span> <span class='ocrx_word' id='word_1_408' title='bbox 647 4416 816 4488; x_wconf 90' lang='lat' dir='ltr'>quasi</span> <span class='ocrx_word' id='word_1_409' title='bbox 848 4421 1006 4474; x_wconf 87' lang='lat' dir='ltr'>certa</span> <span class='ocrx_word' id='word_1_410' title='bbox 1028 4417 1255 4475; x_wconf 90' lang='lat' dir='ltr'>mortis.</span> <span class='ocrx_word' id='word_1_411' title='bbox 1289 4417 1431 4476; x_wconf 85' lang='lat' dir='ltr'>Cum</span> <span class='ocrx_word' id='word_1_412' title='bbox 1454 4418 1567 4476; x_wconf 89' lang='lat' dir='ltr'>sibi</span> <span class='ocrx_word' id='word_1_413' title='bbox 1592 4436 1730 4494; x_wconf 90' lang='lat' dir='ltr'>pro·</span> 
     </span>
    </p>
   </div>
   <div class='ocr_carea' id='block_1_7' title="bbox 463 4556 778 4565">
    <p class='ocr_par' dir='ltr' id='par_1_7' title="bbox 463 4556 778 4565">
     <span class='ocr_line' id='line_1_49' title="bbox 463 4556 778 4565; baseline 0 596"><span class='ocrx_word' id='word_1_414' title='bbox 463 4556 778 4565; x_wconf 95' lang='lat' dir='ltr'> </span> 
     </span>
    </p>
   </div>
   <div class='ocr_carea' id='block_1_8' title="bbox 1790 3499 3083 4644">
    <p class='ocr_par' dir='ltr' id='par_1_8' title="bbox 1792 3499 3083 4339">
     <span class='ocr_line' id='line_1_50' title="bbox 1796 3499 3082 3567; baseline 0.009 -14"><span class='ocrx_word' id='word_1_415' title='bbox 1796 3517 1900 3555; x_wconf 85' lang='lat' dir='ltr'>aus</span> <span class='ocrx_word' id='word_1_416' title='bbox 1926 3499 2106 3554; x_wconf 81' lang='lat' dir='ltr'>Maria</span> <span class='ocrx_word' id='word_1_417' title='bbox 2132 3501 2320 3556; x_wconf 82' lang='lat' dir='ltr'>Laach</span> <span class='ocrx_word' id='word_1_418' title='bbox 2352 3510 2488 3560; x_wconf 86' lang='grc'>1890</span> <span class='ocrx_word' id='word_1_419' title='bbox 2507 3503 2759 3567; x_wconf 86' lang='lat' dir='ltr'>XXXIX,</span> <span class='ocrx_word' id='word_1_420' title='bbox 2780 3508 3082 3564; x_wconf 72' lang='lat'>3?4-39·2;</span> 
     </span>
     <span class='ocr_line' id='line_1_51' title="bbox 1796 3571 3083 3644; baseline 0.003 -21"><span class='ocrx_word' id='word_1_421' title='bbox 1796 3571 2347 3644; x_wconf 78' lang='lat' dir='ltr'>Baumgartner</span> <span class='ocrx_word' id='word_1_422' title='bbox 2372 3573 2466 3637; x_wconf 85' lang='lat' dir='ltr'>IV,</span> <span class='ocrx_word' id='word_1_423' title='bbox 2486 3579 2788 3639; x_wconf 82' lang='grc'>206-215,</span> <span class='ocrx_word' id='word_1_424' title='bbox 2810 3574 2912 3642; x_wconf 91' lang='lat' dir='ltr'>qui</span> <span class='ocrx_word' id='word_1_425' title='bbox 2932 3574 3083 3628; x_wconf 83' lang='lat' dir='ltr'>inter</span> 
     </span>
     <span class='ocr_line' id='line_1_52' title="bbox 1794 3642 3081 3727; baseline 0.002 -32"><span class='ocrx_word' id='word_1_426' title='bbox 1794 3644 1909 3696; x_wconf 76' lang='lat' dir='ltr'>alia</span> <span class='ocrx_word' id='word_1_427' title='bbox 1926 3642 1994 3696; x_wconf 88' lang='lat' dir='ltr'>de</span> <span class='ocrx_word' id='word_1_428' title='bbox 2022 3644 2127 3699; x_wconf 88' lang='lat' dir='ltr'>hoc</span> <span class='ocrx_word' id='word_1_429' title='bbox 2163 3661 2332 3715; x_wconf 88' lang='lat' dir='ltr'>opere</span> <span class='ocrx_word' id='word_1_430' title='bbox 2353 3645 2581 3700; x_wconf 87' lang='lat' dir='ltr'>scribit:</span> <span class='ocrx_word' id='word_1_431' title='bbox 2609 3643 2712 3701; x_wconf 90' lang='lat' dir='ltr'>Die</span> <span class='ocrx_word' id='word_1_432' title='bbox 2734 3643 3081 3727; x_wconf 86' lang='lat' dir='ltr'>eingestreu-</span> 
     </span>
     <span class='ocr_line' id='line_1_53' title="bbox 1796 3713 3079 3785; baseline 0.002 -18"><span class='ocrx_word' id='word_1_433' title='bbox 1796 3716 1891 3767; x_wconf 88' lang='lat' dir='ltr'>ten</span> <span class='ocrx_word' id='word_1_434' title='bbox 1920 3713 2195 3770; x_wconf 89' lang='lat' dir='ltr'>Gedichte</span> <span class='ocrx_word' id='word_1_435' title='bbox 2223 3716 2349 3771; x_wconf 89' lang='lat' dir='ltr'>sind</span> <span class='ocrx_word' id='word_1_436' title='bbox 2379 3732 2438 3770; x_wconf 92' lang='lat' dir='ltr'>so</span> <span class='ocrx_word' id='word_1_437' title='bbox 2465 3716 2931 3785; x_wconf 76' lang='lat' dir='ltr'>gedankenreich</span> <span class='ocrx_word' id='word_1_438' title='bbox 2959 3716 3079 3770; x_wconf 88' lang='lat' dir='ltr'>und</span> 
     </span>
     <span class='ocr_line' id='line_1_54' title="bbox 1795 3785 3078 3857; baseline 0.003 -20"><span class='ocrx_word' id='word_1_439' title='bbox 1795 3786 1915 3848; x_wconf 83' lang='lat' dir='ltr'>tief,</span> <span class='ocrx_word' id='word_1_440' title='bbox 1944 3785 2188 3843; x_wconf 80' lang='lat' dir='ltr'>vielfach</span> <span class='ocrx_word' id='word_1_441' title='bbox 2229 3804 2290 3841; x_wconf 89' lang='lat' dir='ltr'>so</span> <span class='ocrx_word' id='word_1_442' title='bbox 2330 3787 2440 3841; x_wconf 86' lang='lat' dir='ltr'>tief</span> <span class='ocrx_word' id='word_1_443' title='bbox 2477 3787 2825 3857; x_wconf 87' lang='lat' dir='ltr'>empfunden</span> <span class='ocrx_word' id='word_1_444' title='bbox 2852 3788 2972 3842; x_wconf 90' lang='lat' dir='ltr'>und</span> <span class='ocrx_word' id='word_1_445' title='bbox 2999 3788 3078 3841; x_wconf 87' lang='lat' dir='ltr'>im</span> 
     </span>
     <span class='ocr_line' id='line_1_55' title="bbox 1793 3856 3081 3930; baseline 0.002 -21"><span class='ocrx_word' id='word_1_446' title='bbox 1793 3856 2288 3930; x_wconf 81' lang='lat' dir='ltr'>Zusammenhang</span> <span class='ocrx_word' id='word_1_447' title='bbox 2303 3859 2401 3913; x_wconf 87' lang='lat' dir='ltr'>des</span> <span class='ocrx_word' id='word_1_448' title='bbox 2418 3857 2648 3914; x_wconf 84' lang='lat' dir='ltr'>Ganzen</span> <span class='ocrx_word' id='word_1_449' title='bbox 2660 3876 2719 3912; x_wconf 90' lang='lat' dir='ltr'>so</span> <span class='ocrx_word' id='word_1_450' title='bbox 2737 3859 3081 3930; x_wconf 86' lang='lat' dir='ltr'>ergreifend‚</span> 
     </span>
     <span class='ocr_line' id='line_1_56' title="bbox 1792 3928 3078 4001; baseline 0.002 -20"><span class='ocrx_word' id='word_1_451' title='bbox 1792 3928 2056 3999; x_wconf 87' lang='lat' dir='ltr'>zugleich</span> <span class='ocrx_word' id='word_1_452' title='bbox 2106 3946 2219 3985; x_wconf 81' lang='lat' dir='ltr'>von</span> <span class='ocrx_word' id='word_1_453' title='bbox 2271 3930 2489 3984; x_wconf 90' lang='lat' dir='ltr'>solcher</span> <span class='ocrx_word' id='word_1_454' title='bbox 2534 3929 3078 4001; x_wconf 84' lang='lat' dir='ltr'>Formvollendung‚</span> 
     </span>
     <span class='ocr_line' id='line_1_57' title="bbox 1793 4000 3079 4066; baseline 0.002 -14"><span class='ocrx_word' id='word_1_455' title='bbox 1793 4000 1921 4052; x_wconf 83' lang='lat' dir='ltr'>dass</span> <span class='ocrx_word' id='word_1_456' title='bbox 1950 4016 2081 4053; x_wconf 82' lang='lat' dir='ltr'>man</span> <span class='ocrx_word' id='word_1_457' title='bbox 2110 4001 2379 4054; x_wconf 83' lang='lat' dir='ltr'>versucht</span> <span class='ocrx_word' id='word_1_458' title='bbox 2416 4001 2537 4054; x_wconf 89' lang='lat' dir='ltr'>sein</span> <span class='ocrx_word' id='word_1_459' title='bbox 2563 4001 2772 4066; x_wconf 78' lang='lat' dir='ltr'>dilrfte,</span> <span class='ocrx_word' id='word_1_460' title='bbox 2801 4001 3079 4056; x_wconf 68' lang='lat' dir='ltr'>Boethius</span> 
     </span>
     <span class='ocr_line' id='line_1_58' title="bbox 1794 4070 3076 4144; baseline 0.002 -21"><span class='ocrx_word' id='word_1_461' title='bbox 1794 4070 1957 4125; x_wconf 89' lang='lat' dir='ltr'>nicht</span> <span class='ocrx_word' id='word_1_462' title='bbox 1981 4089 2092 4125; x_wconf 88' lang='lat' dir='ltr'>nur</span> <span class='ocrx_word' id='word_1_463' title='bbox 2118 4071 2203 4126; x_wconf 87' lang='lat' dir='ltr'>als</span> <span class='ocrx_word' id='word_1_464' title='bbox 2253 4072 2364 4126; x_wconf 90' lang='lat' dir='ltr'>den</span> <span class='ocrx_word' id='word_1_465' title='bbox 2408 4074 2668 4142; x_wconf 71' lang='lat' dir='ltr'>grossten</span> <span class='ocrx_word' id='word_1_466' title='bbox 2719 4073 3076 4144; x_wconf 86' lang='lat' dir='ltr'>philosophi-</span> 
     </span>
     <span class='ocr_line' id='line_1_59' title="bbox 1792 4141 3081 4207; baseline 0.004 -12"><span class='ocrx_word' id='word_1_467' title='bbox 1792 4144 1965 4197; x_wconf 87' lang='lat' dir='ltr'>schen</span> <span class='ocrx_word' id='word_1_468' title='bbox 1993 4141 2224 4207; x_wconf 77' lang='lat' dir='ltr'>GeniuS,</span> <span class='ocrx_word' id='word_1_469' title='bbox 2263 4143 2507 4201; x_wconf 89' lang='lat' dir='ltr'>sondern</span> <span class='ocrx_word' id='word_1_470' title='bbox 2546 4147 2694 4198; x_wconf 83' lang='lat' dir='ltr'>auch</span> <span class='ocrx_word' id='word_1_471' title='bbox 2736 4145 2823 4200; x_wconf 86' lang='lat' dir='ltr'>als</span> <span class='ocrx_word' id='word_1_472' title='bbox 2849 4145 2960 4199; x_wconf 87' lang='lat' dir='ltr'>den</span> <span class='ocrx_word' id='word_1_473' title='bbox 2988 4145 3081 4200; x_wconf 84' lang='lat' dir='ltr'>be·</span> 
     </span>
     <span class='ocr_line' id='line_1_60' title="bbox 1792 4213 3080 4337; baseline 0.002 -70"><span class='ocrx_word' id='word_1_474' title='bbox 1792 4213 2171 4337; x_wconf 58' lang='lat' dir='ltr'>deutheudsteu</span> <span class='ocrx_word' id='word_1_475' title='bbox 2215 4215 2449 4269; x_wconf 87' lang='lat' dir='ltr'>Dichter</span> <span class='ocrx_word' id='word_1_476' title='bbox 2495 4215 2678 4270; x_wconf 89' lang='lat' dir='ltr'>seiner</span> <span class='ocrx_word' id='word_1_477' title='bbox 2714 4216 2837 4270; x_wconf 86' lang='lat' dir='ltr'>Zeit</span> <span class='ocrx_word' id='word_1_478' title='bbox 2873 4234 2945 4269; x_wconf 88' lang='lat' dir='ltr'>zu</span> <span class='ocrx_word' id='word_1_479' title='bbox 2984 4215 3080 4270; x_wconf 89' lang='lat' dir='ltr'>be·</span> 
     </span>
     <span class='ocr_line' id='line_1_61' title="bbox 1792 4302 2086 4339; baseline -0.007 -1"><span class='ocrx_word' id='word_1_480' title='bbox 1792 4302 1908 4339; x_wconf 79' lang='lat' dir='ltr'>zeic</span> <span class='ocrx_word' id='word_1_481' title='bbox 1954 4302 2086 4338; x_wconf 89' lang='lat' dir='ltr'>nen.</span> 
     </span>
    </p>

    <p class='ocr_par' dir='ltr' id='par_1_9' title="bbox 1790 4355 3079 4644">
     <span class='ocr_line' id='line_1_62' title="bbox 1869 4355 3077 4428; baseline 0 -17"><span class='ocrx_word' id='word_1_482' title='bbox 1869 4361 1907 4428; x_wconf 74' lang='lat'>²)</span> <span class='ocrx_word' id='word_1_483' title='bbox 1936 4355 2018 4411; x_wconf 87' lang='lat' dir='ltr'>Cf.</span> <span class='ocrx_word' id='word_1_484' title='bbox 2045 4356 2106 4410; x_wconf 82' lang='lat' dir='ltr'>E.</span> <span class='ocrx_word' id='word_1_485' title='bbox 2135 4357 2202 4411; x_wconf 88' lang='grc' dir='ltr'>Κ.</span> <span class='ocrx_word' id='word_1_486' title='bbox 2230 4358 2434 4412; x_wconf 86' lang='lat' dir='ltr'>Rand</span> <span class='ocrx_word' id='word_1_487' title='bbox 2473 4356 2585 4412; x_wconf 87' lang='lat' dir='ltr'>Der</span> <span class='ocrx_word' id='word_1_488' title='bbox 2624 4358 2754 4413; x_wconf 90' lang='lat' dir='ltr'>dem</span> <span class='ocrx_word' id='word_1_489' title='bbox 2798 4357 3077 4412; x_wconf 69' lang='lat' dir='ltr'>Boethius</span> 
     </span>
     <span class='ocr_line' id='line_1_63' title="bbox 1790 4428 3079 4571; baseline -0.006 -18"><span class='ocrx_word' id='word_1_490' title='bbox 1790 4428 3079 4571; x_wconf 50' lang='grc' dir='ltr'>ῑξὲεῖῗῗῖςὲῑὲῖῶῑιῖῐξῗὲοεῖΐεῃᾞὲξεῑ</span> 
     </span>
     <span class='ocr_line' id='line_1_64' title="bbox 1790 4570 3076 4644; baseline 0 -20"><span class='ocrx_word' id='word_1_491' title='bbox 1790 4570 1906 4624; x_wconf 85' lang='lat' dir='ltr'>tius</span> <span class='ocrx_word' id='word_1_492' title='bbox 1932 4571 1965 4624; x_wconf 89' lang='lat' dir='ltr'>J</span> <span class='ocrx_word' id='word_1_493' title='bbox 1970 4572 2170 4627; x_wconf 84' lang='lat' dir='ltr'>oannis</span> <span class='ocrx_word' id='word_1_494' title='bbox 2196 4572 2441 4636; x_wconf 81' lang='lat' dir='ltr'>diaconi,</span> <span class='ocrx_word' id='word_1_495' title='bbox 2482 4572 2575 4627; x_wconf 90' lang='lat' dir='ltr'>cui</span> <span class='ocrx_word' id='word_1_496' title='bbox 2601 4571 2876 4626; x_wconf 85' lang='lat' dir='ltr'>Boethius</span> <span class='ocrx_word' id='word_1_497' title='bbox 2910 4573 3076 4644; x_wconf 86' lang='lat' dir='ltr'>plura</span> 
     </span>
    </p>
   </div>
   <div class='ocr_carea' id='block_1_9' title="bbox 455 4637 3075 4784">
    <p class='ocr_par' dir='ltr' id='par_1_10' title="bbox 455 4637 3075 4784">
     <span class='ocr_line' id='line_1_65' title="bbox 531 4637 3075 4713; baseline 0.002 -23"><span class='ocrx_word' id='word_1_498' title='bbox 531 4637 680 4708; x_wconf 74' lang='lat' dir='ltr'>¹)cf.</span> <span class='ocrx_word' id='word_1_499' title='bbox 731 4638 1088 4694; x_wconf 63' lang='lat' dir='ltr'>Gerraise</span> <span class='ocrx_word' id='word_1_500' title='bbox 1140 4640 1388 4695; x_wconf 87' lang='lat' dir='ltr'>Histoire</span> <span class='ocrx_word' id='word_1_501' title='bbox 1439 4642 1508 4694; x_wconf 90' lang='lat' dir='ltr'>de</span> <span class='ocrx_word' id='word_1_502' title='bbox 1554 4640 1734 4697; x_wconf 70' lang='lat' dir='ltr'>Boece</span> <span class='ocrx_word' id='word_1_503' title='bbox 1790 4642 2008 4696; x_wconf 83' lang='lat' dir='ltr'>dicavit</span> <span class='ocrx_word' id='word_1_504' title='bbox 2047 4659 2233 4713; x_wconf 85' lang='lat' dir='ltr'>opera.</span> <span class='ocrx_word' id='word_1_505' title='bbox 2285 4642 2472 4698; x_wconf 85' lang='lat' dir='ltr'>Etiam</span> <span class='ocrx_word' id='word_1_506' title='bbox 2518 4642 2789 4713; x_wconf 89' lang='lat' dir='ltr'>Peiper</span> <span class='ocrx_word' id='word_1_507' title='bbox 2840 4644 2908 4698; x_wconf 89' lang='lat' dir='ltr'>de</span> <span class='ocrx_word' id='word_1_508' title='bbox 2949 4643 3075 4712; x_wconf 81' lang='lat' dir='ltr'>eius</span> 
     </span>
     <span class='ocr_line' id='line_1_66' title="bbox 455 4706 3074 4784; baseline 0.002 -24"><span class='ocrx_word' id='word_1_509' title='bbox 455 4706 582 4764; x_wconf 79' lang='lat' dir='ltr'>Seu.</span> <span class='ocrx_word' id='word_1_510' title='bbox 647 4709 904 4764; x_wconf 86' lang='lat' dir='ltr'>Romaiu.</span> <span class='ocrx_word' id='word_1_511' title='bbox 968 4711 1200 4765; x_wconf 85' lang='lat' dir='ltr'>Parisiis</span> <span class='ocrx_word' id='word_1_512' title='bbox 1264 4718 1397 4768; x_wconf 80' lang='lat'>1715</span> <span class='ocrx_word' id='word_1_513' title='bbox 1460 4714 1519 4765; x_wconf 87' lang='lat' dir='ltr'>et</span> <span class='ocrx_word' id='word_1_514' title='bbox 1577 4713 1734 4784; x_wconf 81' lang='lat' dir='ltr'>apud</span> <span class='ocrx_word' id='word_1_515' title='bbox 1790 4711 2021 4766; x_wconf 85' lang='lat' dir='ltr'>dubitat</span> <span class='ocrx_word' id='word_1_516' title='bbox 2059 4713 2437 4784; x_wconf 84' lang='lat' dir='ltr'>genuiuitate.</span> <span class='ocrx_word' id='word_1_517' title='bbox 2490 4713 2570 4767; x_wconf 90' lang='lat' dir='ltr'>De</span> <span class='ocrx_word' id='word_1_518' title='bbox 2611 4714 2870 4769; x_wconf 88' lang='lat' dir='ltr'>omnium</span> <span class='ocrx_word' id='word_1_519' title='bbox 2909 4713 3074 4783; x_wconf 85' lang='lat' dir='ltr'>quin·</span> 
     </span>
    </p>
   </div>
   <div class='ocr_carea' id='block_1_10' title="bbox 457 4778 1495 4847">
    <p class='ocr_par' dir='ltr' id='par_1_11' title="bbox 457 4778 1495 4847">
     <span class='ocr_line' id='line_1_67' title="bbox 457 4778 1495 4847; baseline 0.007 -19"><span class='ocrx_word' id='word_1_520' title='bbox 457 4778 510 4828; x_wconf 79' lang='lat' dir='ltr'>M</span> <span class='ocrx_word' id='word_1_521' title='bbox 531 4778 603 4847; x_wconf 74' lang='lat' dir='ltr'>ig</span> <span class='ocrx_word' id='word_1_522' title='bbox 622 4797 655 4829; x_wconf 82' lang='lat' dir='ltr'>n</span> <span class='ocrx_word' id='word_1_523' title='bbox 675 4796 704 4831; x_wconf 75' lang='lat' dir='ltr'>e</span> <span class='ocrx_word' id='word_1_524' title='bbox 731 4780 791 4832; x_wconf 88' lang='lat' dir='ltr'>P.</span> <span class='ocrx_word' id='word_1_525' title='bbox 819 4781 878 4834; x_wconf 83' lang='lat' dir='ltr'>L.</span> <span class='ocrx_word' id='word_1_526' title='bbox 905 4782 1097 4846; x_wconf 80' lang='lat' dir='ltr'>thv,</span> <span class='ocrx_word' id='word_1_527' title='bbox 1130 4791 1495 4840; x_wconf 81' lang='lat'>1411—1600.</span> 
     </span>
    </p>
   </div>
   <div class='ocr_carea' id='block_1_11' title="bbox 1791 4784 3073 4856">
    <p class='ocr_par' dir='ltr' id='par_1_12' title="bbox 1791 4784 3073 4856">
     <span class='ocr_line' id='line_1_68' title="bbox 1791 4784 3073 4856; baseline 0.004 -20"><span class='ocrx_word' id='word_1_528' title='bbox 1791 4799 1900 4850; x_wconf 89' lang='lat' dir='ltr'>que</span> <span class='ocrx_word' id='word_1_529' title='bbox 1928 4784 2289 4854; x_wconf 82' lang='lat' dir='ltr'>genuinitate</span> <span class='ocrx_word' id='word_1_530' title='bbox 2316 4785 2442 4856; x_wconf 84' lang='lat' dir='ltr'>agit</span> <span class='ocrx_word' id='word_1_531' title='bbox 2468 4785 2533 4840; x_wconf 86' lang='lat' dir='ltr'>G.</span> <span class='ocrx_word' id='word_1_532' title='bbox 2560 4785 2604 4838; x_wconf 90' lang='grc' dir='ltr'><strong>Β</strong></span> <span class='ocrx_word' id='word_1_533' title='bbox 2622 4803 2656 4840; x_wconf 96' lang='lat' dir='ltr'>o</span> <span class='ocrx_word' id='word_1_534' title='bbox 2675 4785 2861 4840; x_wconf 88' lang='lat' dir='ltr'>sisio</span> <span class='ocrx_word' id='word_1_535' title='bbox 2907 4785 3073 4841; x_wconf 86' lang='lat' dir='ltr'>Suu·-</span> 
     </span>
    </p>
   </div>
  </div>
 </body>
</html>
