3505 5161
1504 1502 1823 1601 XVII.

778 1681 1336 1819 Scriptores
1390 1680 2048 1793 ecclesiastici
2100 1680 2414 1793 seculi
2463 1681 2576 1791 X.

1018 1878 1242 1976 Pars
1287 1878 1581 1976 altera
1627 1879 2303 1998 (951—1000).

453 2282 598 2338 496.
630 2275 840 2350 Neque
871 2274 1087 2334 laetior
1115 2276 1233 2334 fuit
1250 2275 1438 2334 altera
1456 2292 1568 2334 sec.
1588 2275 1639 2333 X
1665 2272 1671 2335 ὅ
1697 2274 1763 2333 in
1798 2274 2037 2334 Italiam
2087 2277 2182 2334 est
2229 2275 2566 2346 comitatus,
2618 2274 2723 2334 ubi
2772 2274 2874 2333 ille
2904 2274 2980 2332 ab

361 2383 522 2440 pars:
545 2364 642 2422 vix
662 2363 982 2422 incidimus
1003 2363 1065 2422 in
1087 2364 1390 2441 theologos
1404 2365 1467 2439 ¹),
1492 2382 1638 2439 quo·
1695 2365 1950 2442 Hugone
1978 2382 2119 2441 rege
2148 2364 2278 2439 ejus
2306 2364 2483 2422 affine
2513 2363 2703 2424 factus
2734 2366 2824 2423 est
2854 2364 2977 2439 epi-

359 2472 494 2511 rum
555 2469 771 2512 nomen
832 2456 893 2511 et
953 2452 1313 2512 eruditionis
1363 2453 1520 2511 sama
1566 2453 1639 2511 ad
1699 2471 1916 2529 scopus
1947 2454 2312 2526 veronensis,
2345 2456 2408 2512 et
2442 2453 2516 2512 ab
2546 2454 2654 2512 hac
2687 2453 2823 2512 sede
2842 2471 2978 2529 pro-

362 2544 629 2617 posteras
658 2541 1046 2618 pervenerint
1076 2542 1503 2621 generationes,
1541 2542 1639 2601 In·
1696 2545 1898 2602 motus
1930 2541 2005 2601 ad
2037 2541 2235 2602 sedem
2266 2542 2825 2619 archiepiscopalem
2854 2559 2980 2601 me-

362 2634 458 2690 ter
484 2632 811 2709 theologos,
854 2632 962 2691 hoc
992 2632 1230 2691 nomine
1261 2651 1398 2691 vere
1431 2632 1641 2709 dignos
1698 2630 2100 2691 diolanensem
2134 2652 2184 2689 a.
2221 2642 2366 2695 931.
2416 2632 2569 2690 Huic
2602 2631 2888 2690 successit
2918 2632 2981 2690 in

361 2720 746 2796 praecipuum
796 2721 946 2779 forte
994 2722 1325 2797 reperimus
1376 2721 1640 2779 Bathe-

360 2809 576 2879 rium‚
612 2810 718 2884 qui
750 2812 951 2868 tamen
965 2829 1386 2868 aerumnarum
1407 2810 1638 2868 vicissi-

359 2897 672 2957 tudinibus
703 2901 765 2957 et
796 2899 1090 2975 singulari
1134 2898 1312 2957 sortis
1344 2899 1639 2958 instabili-

359 2990 485 3045 tate
532 2987 725 3064 magis
775 2990 870 3045 est
910 2987 1155 3046 celeber.
1219 2987 1410 3045 Natus
1456 2987 1640 3045 estin

361 3076 630 3147 dioecesi,
682 3076 834 3135 forte
883 3076 947 3134 iu
996 3077 1127 3151 ipsa
1171 3076 1411 3134 civitate
1455 3075 1641 3134 leodi-

361 3165 491 3223 ensi
523 3168 778 3223 exeuute
823 3169 895 3223 ut
939 3165 1181 3224 videtur
1231 3182 1342 3223 sec.
1372 3165 1469 3234 IX,
1503 3165 1641 3223 ado-

361 3254 589 3312 lescens
652 3254 837 3312 vitam
899 3254 1198 3329 professus
1260 3253 1644 3312 monasticam

363 3342 429 3403 Ο.
463 3342 520 3401 S.
551 3344 694 3401 Ben.
728 3343 793 3401 in
825 3343 1109 3402 coenobio
1141 3343 1413 3405 lobiensi.
1445 3342 1641 3418 Insig-

362 3432 543 3489 nibus
575 3432 805 3507 ingenii
850 3432 1094 3491 talentis
1141 3436 1388 3490 ornatus
1429 3435 1491 3490 et
1522 3431 1644 3490 dis-

360 3519 531 3578 cendi
566 3520 771 3579 ardore
801 3521 1100 3596 impulsus
1146 3521 1473 3595 plurimum
1509 3538 1645 3595 pro-

364 3608 506 3667 fecit
537 3609 818 3668 inliteris.
852 3609 1204 3668 Hilduinum
1222 3609 1285 3667 in
1306 3610 1643 3685 episcopum

361 3698 615 3756 electum
633 3698 1012 3768 leodiensem,
1048 3699 1150 3756 sed
1166 3717 1287 3756 non
1302 3698 1646 3774 praevalen-

364 3789 485 3845 tem
519 3789 726 3846 contra
756 3788 1059 3846 aemulum
1094 3806 1272 3846 suum
1305 3787 1646 3845 Richarium

1699 2721 1838 2779 sede
1870 2721 2187 2780 veronensi
2217 2723 2423 2779 noster
2441 2719 2757 2779 Ratherius
2790 2720 2981 2778 invito

1699 2809 1955 2885 Hugone
1988 2804 2189 2891 (932).
2255 2809 2400 2867 Cum
2445 2828 2584 2868 vero
2616 2808 2983 2867 Veronenses

1699 2899 1945 2974 Hugoni
1992 2897 2212 2957 infensi
2241 2897 2559 2956 Arnolfum
2588 2897 2892 2973 Bajoariae
2922 2900 2985 2956 et

1699 2987 2035 3046 Carinthiae
2066 2986 2276 3045 ducem
2319 2989 2664 3045 evocassent
2707 2989 2770 3044 et
2819 2986 2981 3044 veni-

1699 3082 1901 3136 entem
1935 3075 2195 3134 libenter
2225 3075 2610 3150 excepissent,
2645 3075 2820 3150 Hugo
2852 3092 2986 3133 cum

1700 3165 1963 3224 exercitu
2023 3164 2356 3223 accucurrit
2430 3182 2684 3239 eumque
2747 3163 2982 3234 devicit,

1702 3253 2051 3313 Ratherium
2083 3256 2323 3329 captum
2353 3253 2569 3328 Papiae
2599 3253 2661 3310 in
2693 3270 2984 3311 carcerem

1702 3343 1960 3401 detrusit
1975 3336 2083 3424 (93
2095 3336 2181 3424 4),
2206 3342 2270 3400 in
2287 3360 2404 3416 quo
2429 3342 2650 3400 multas
2667 3358 2984 3417 perpessus

1702 3435 1794 3490 est
1824 3431 2208 3490 calamitates.
2271 3431 2515 3490 Duobus
2566 3430 2739 3489 annis
2786 3434 2847 3489 et
2893 3430 2982 3488 di-

1702 3520 1889 3579 midio
1920 3520 1983 3578 in
2015 3538 2244 3579 carcere
2275 3520 2493 3579 exactis
2525 3520 2770 3580 Comum
2785 3521 2879 3578 est
2891 3539 2983 3577 re-

1705 3611 1976 3686 legatus:
2010 3609 2212 3668 exsilio
2245 3610 2484 3668 solutus
2516 3610 2579 3667 in
2612 3609 2863 3667 Galliam
2897 3627 2986 3667 se-

1706 3700 1899 3768 cessit,
1934 3697 2039 3757 ubi
2073 3698 2370 3775 augustiis
2390 3701 2627 3757 coactus
2648 3701 2985 3773 praecepto-

1705 3788 1791 3846 ris
1826 3805 2069 3845 munere
2101 3787 2343 3846 functus
2375 3790 2484 3857 est,
2538 3805 2657 3862 qua
2686 3787 2988 3846 occasione

1706 3875 2083 3935 concinnavit
2092 3877 2536 3953 grammaticam
2548 3877 2987 3949 sparadorsum

481 3995 516 4063 ¹)
546 3990 1066 4046 praetermittimus
1093 4009 1133 4047 s.
1164 3991 1348 4046 Nico
1367 4009 1451 4046 ne
1470 4010 1525 4044 m
1553 4009 1649 4044 na·
1707 3961 1763 4047 (t
1778 3983 1884 4041 ΡῙὌ
1916 3983 2001 4034 00·
2036 3965 2195 4040 q¹¹⁰d
2238 3965 2338 4039 c1¹²i
2373 3966 2590 4023 SChOIiS
2623 3967 2989 4023 assuesceret

365 4062 525 4116 tione
569 4067 902 4124 Armenum‚
939 4078 975 4115 a
1019 4062 1205 4132 prima
1256 4066 1444 4116 aetate
1495 4063 1649 4117 vitae
1706 4053 2018 4130 puerulus,
2052 4053 2290 4112 dorsum
2322 4054 2574 4129 aflagris
2595 4071 2829 4111 servare
2850 4071 2986 4128 pos-

364 4134 641 4188 38035020
667 4133 947 4196 deditum
988 4133 1380 4204 poenissflntisse
1422 4151 1524 4203 Ρθΐ
1550 4136 1650 4188 Ar·
1710 4147 1863 4212 ΒΘΗ,
1880 4142 2206 4201 Folcuinus
2224 4144 2287 4201 in
2303 4143 2490 4219 gestis
2506 4142 2639 4203 abb.
2655 4141 2770 4202 lob.
2789 4160 2834 4199 c.
2857 4135 2986 4223 20),

366 4205 630 4269 meniam‚
659 4205 853 4258 Asiam
882 4204 1177 4268 minorem,
1220 4206 1517 4260 Graeciam
1545 4210 1650 4259 etc.

368 4292 703 4345 praeconem
731 4280 777 4347 (†
795 4281 937 4346 998),
959 4277 1051 4330 cui
1071 4276 1413 4331 tribuuntur
1427 4277 1654 4345 aliquot

369 4347 600 4418 scripta,
627 4350 695 4399 ut
718 4350 780 4400 de
800 4351 966 4416 impia
987 4352 1365 4402 Armeniorum
1388 4352 1650 4416 νεῑῐρίοηε,

1709 4251 1860 4307 quae
1893 4231 2089 4308 periit.
2124 4231 2274 4290 Dein
2305 4231 2561 4290 Laubias
2594 4230 2666 4288 ad
2699 4249 2878 4289 suum
2898 4248 2990 4289 re·

1711 4340 1920 4380 versus
1953 4323 2046 4380 est
2091 4321 2515 4380 monasterium
2551 4316 2753 4402 (944).
2814 4319 2990 4395 Hugo

369 4418 467 4472 sed
493 4435 560 4472 ea
586 4418 857 4472 videntur
884 4435 1001 4472 esse
1037 4418 1368 4474 recentioris
1398 4419 1652 4480 Niconis,
1710 4410 1951 4469 interim
1983 4411 2295 4486 poenitens
2326 4428 2547 4479 eorum,
2600 4427 2750 4483 quae
2781 4409 2844 4466 in
2878 4408 2990 4465 Ra-

368 4489 440 4542 de
467 4506 580 4558 quo
607 4489 760 4543 infra
786 4490 1003 4545 erib.ss
1027 4507 1225 4544 Sermo.
1255 4491 1443 4560 Hujus
1470 4491 1654 4572 Sanqti
1712 4499 1971 4558 thel-ium
2006 4502 2225 4575 egerat,
2259 4500 2390 4574 ejus
2434 4497 2678 4557 videndi
2722 4499 2785 4556 et
2814 4498 2991 4556 resti-

370 4558 549 4615 vitam
600 4563 674 4614 ab
722 4576 1008 4629 anonymo
1060 4561 1331 4633 scriptam
1373 4562 1548 4616 habes

370 4630 428 4683 M
444 4648 477 4684 a
493 4650 520 4685 r
536 4634 604 4685 te
623 4651 659 4685 n
676 4648 706 4685 e
732 4632 907 4702 ampl.
929 4632 1071 4687 Con.
1092 4632 1187 4698 VI,
1208 4639 1519 4693 837—886;
1543 4635 1577 4687 S
1596 4652 1655 4687 u-

1592 4580 1654 4615 m
1711 4589 1924 4647 tuendi
1957 4587 2321 4646 desiderium
2342 4587 2658 4662 aliquoties
2693 4605 2989 4662 expresse·

372 4702 563 4756 rium
606 4707 691 4760 27,
718 4703 865 4756 Nov,
907 4705 966 4756 et
992 4703 1049 4755 Μ
1074 4703 1248 4774 igne
1277 4704 1337 4757 p,
1366 4703 1429 4757 G·
1460 4704 1656 4769 CXIII,
1713 4679 1826 4747 rat,
1879 4678 2015 4735 hinc
2061 4677 2164 4734 ille
2213 4678 2524 4754 Hugonem
2586 4679 2990 4735 conventurus

373 4778 476 4830 975
488 4808 542 4816 -
551 4781 671 4831 988.

1713 4766 1957 4824 Laubiis
1992 4766 2280 4838 discessit,
2315 4766 2417 4825 sed
2441 4765 2656 4824 incidit
2684 4765 2747 4824 in
2780 4765 2995 4824 itinere

2564 4867 2655 4922 29·
