<?xml version="1.0" encoding="UTF-8"?>
<!DOCTYPE html PUBLIC "-//W3C//DTD XHTML 1.0 Transitional//EN"
    "http://www.w3.org/TR/xhtml1/DTD/xhtml1-transitional.dtd">
<html xmlns="http://www.w3.org/1999/xhtml" xml:lang="en" lang="en">
 <head>
  <title>
</title>
<meta http-equiv="Content-Type" content="text/html;charset=utf-8" />
  <meta name='ocr-system' content='tesseract 3.04.00' />
  <meta name='ocr-capabilities' content='ocr_page ocr_carea ocr_par ocr_line ocrx_word'/>
</head>
<body>
  <div class='ocr_page' id='page_1' title='image "./nomenclatorlite09hurtgoog_0523.png"; bbox 0 0 3505 5161; ppageno 0'>
   <div class='ocr_carea' id='block_1_1' title="bbox 340 200 2942 273">
    <p class='ocr_par' dir='ltr' id='par_1_1' title="bbox 340 200 2942 273">
     <span class='ocr_line' id='line_1_1' title="bbox 340 200 2942 273; baseline 0.002 -20"><span class='ocrx_word' id='word_1_1' title='bbox 340 222 361 272; x_wconf 77' lang='lat'>1</span> <span class='ocrx_word' id='word_1_2' title='bbox 379 223 414 271; x_wconf 83' lang='lat'>0</span> <span class='ocrx_word' id='word_1_3' title='bbox 424 222 458 273; x_wconf 83' lang='lat'>0</span> <span class='ocrx_word' id='word_1_4' title='bbox 468 220 501 273; x_wconf 83' lang='lat'>5</span> <span class='ocrx_word' id='word_1_5' title='bbox 1119 200 1363 256; x_wconf 72' lang='lat' dir='ltr'><strong>Historia</strong></span> <span class='ocrx_word' id='word_1_6' title='bbox 1374 243 1388 256; x_wconf 94' lang='lat'>.</span> <span class='ocrx_word' id='word_1_7' title='bbox 1416 202 1779 257; x_wconf 73' lang='lat' dir='ltr'>Her-mannus</span> <span class='ocrx_word' id='word_1_8' title='bbox 1805 201 2159 259; x_wconf 75' lang='lat' dir='ltr'><strong>Contractus.</strong></span> <span class='ocrx_word' id='word_1_9' title='bbox 2781 221 2804 271; x_wconf 91' lang='lat'>1</span> <span class='ocrx_word' id='word_1_10' title='bbox 2818 220 2853 272; x_wconf 92' lang='lat'>0</span> <span class='ocrx_word' id='word_1_11' title='bbox 2863 222 2896 273; x_wconf 89' lang='lat'>0</span> <span class='ocrx_word' id='word_1_12' title='bbox 2908 220 2942 273; x_wconf 79' lang='grc'>6</span> 
     </span>
    </p>
   </div>
   <div class='ocr_carea' id='block_1_2' title="bbox 310 387 2952 4297">
    <p class='ocr_par' dir='ltr' id='par_1_2' title="bbox 330 387 2948 2052">
     <span class='ocr_line' id='line_1_2' title="bbox 332 387 2943 465; baseline 0 -19"><span class='ocrx_word' id='word_1_13' title='bbox 332 391 439 447; x_wconf 91' lang='lat' dir='ltr'>etc.</span> <span class='ocrx_word' id='word_1_14' title='bbox 499 388 586 446; x_wconf 83' lang='lat' dir='ltr'>Ea</span> <span class='ocrx_word' id='word_1_15' title='bbox 614 406 921 463; x_wconf 88' lang='lat' dir='ltr'>nunquam</span> <span class='ocrx_word' id='word_1_16' title='bbox 968 389 1202 465; x_wconf 86' lang='lat' dir='ltr'>integra</span> <span class='ocrx_word' id='word_1_17' title='bbox 1246 388 1497 464; x_wconf 83' lang='lat' dir='ltr'>prodiit:</span> <span class='ocrx_word' id='word_1_18' title='bbox 1544 406 1612 446; x_wconf 91' lang='lat' dir='ltr'>ea</span> <span class='ocrx_word' id='word_1_19' title='bbox 1666 387 1865 447; x_wconf 89' lang='lat' dir='ltr'>cidum</span> <span class='ocrx_word' id='word_1_20' title='bbox 1899 388 2212 464; x_wconf 86' lang='lat' dir='ltr'>exemplar.</span> <span class='ocrx_word' id='word_1_21' title='bbox 2274 387 2416 446; x_wconf 88' lang='lat' dir='ltr'>Post</span> <span class='ocrx_word' id='word_1_22' title='bbox 2459 387 2756 463; x_wconf 80' lang='lat' dir='ltr'>patienter</span> <span class='ocrx_word' id='word_1_23' title='bbox 2792 388 2943 446; x_wconf 91' lang='lat' dir='ltr'>tole-</span> 
     </span>
     <span class='ocr_line' id='line_1_3' title="bbox 330 476 2946 553; baseline 0.001 -19"><span class='ocrx_word' id='word_1_24' title='bbox 330 481 529 536; x_wconf 88' lang='lat' dir='ltr'>tamen</span> <span class='ocrx_word' id='word_1_25' title='bbox 559 477 761 552; x_wconf 87' lang='lat' dir='ltr'>plures</span> <span class='ocrx_word' id='word_1_26' title='bbox 807 477 1041 552; x_wconf 82' lang='lat' dir='ltr'>copiose</span> <span class='ocrx_word' id='word_1_27' title='bbox 1071 476 1169 535; x_wconf 89' lang='lat' dir='ltr'>usi</span> <span class='ocrx_word' id='word_1_28' title='bbox 1201 480 1365 542; x_wconf 83' lang='lat' dir='ltr'>sunt.</span> <span class='ocrx_word' id='word_1_29' title='bbox 1395 477 1612 537; x_wconf 89' lang='lat' dir='ltr'>Catena</span> <span class='ocrx_word' id='word_1_30' title='bbox 1666 480 1824 536; x_wconf 87' lang='lat' dir='ltr'>ratas</span> <span class='ocrx_word' id='word_1_31' title='bbox 1877 477 2165 553; x_wconf 87' lang='lat' dir='ltr'>plurimas</span> <span class='ocrx_word' id='word_1_32' title='bbox 2226 476 2624 552; x_wconf 82' lang='lat' dir='ltr'>maximasque</span> <span class='ocrx_word' id='word_1_33' title='bbox 2687 477 2946 552; x_wconf 85' lang='lat' dir='ltr'>corporis</span> 
     </span>
     <span class='ocr_line' id='line_1_4' title="bbox 331 565 2944 642; baseline -0 -18"><span class='ocrx_word' id='word_1_34' title='bbox 331 569 394 625; x_wconf 83' lang='lat' dir='ltr'>in</span> <span class='ocrx_word' id='word_1_35' title='bbox 415 585 498 642; x_wconf 83' lang='lat' dir='ltr'>ep.</span> <span class='ocrx_word' id='word_1_36' title='bbox 520 570 578 625; x_wconf 87' lang='lat'>1.</span> <span class='ocrx_word' id='word_1_37' title='bbox 598 566 679 624; x_wconf 82' lang='lat' dir='ltr'>ad</span> <span class='ocrx_word' id='word_1_38' title='bbox 702 565 1046 640; x_wconf 56' lang='lat' dir='ltr'>Corinthios,</span> <span class='ocrx_word' id='word_1_39' title='bbox 1079 585 1201 626; x_wconf 91' lang='lat' dir='ltr'>cur.</span> <span class='ocrx_word' id='word_1_40' title='bbox 1228 566 1268 624; x_wconf 87' lang='lat' dir='ltr'><strong>J</strong></span> <span class='ocrx_word' id='word_1_41' title='bbox 1270 585 1321 625; x_wconf 90' lang='lat'>0.</span> <span class='ocrx_word' id='word_1_42' title='bbox 1353 566 1398 624; x_wconf 89' lang='lat' dir='ltr'>L</span> <span class='ocrx_word' id='word_1_43' title='bbox 1413 585 1520 624; x_wconf 90' lang='lat' dir='ltr'>am</span> <span class='ocrx_word' id='word_1_44' title='bbox 1538 566 1558 624; x_wconf 89' lang='lat' dir='ltr'>i</span> <span class='ocrx_word' id='word_1_45' title='bbox 1576 585 1609 625; x_wconf 97' lang='lat' dir='ltr'>o</span> <span class='ocrx_word' id='word_1_46' title='bbox 1667 566 1934 625; x_wconf 87' lang='lat' dir='ltr'>miserias</span> <span class='ocrx_word' id='word_1_47' title='bbox 1955 566 2210 624; x_wconf 88' lang='lat' dir='ltr'>animam</span> <span class='ocrx_word' id='word_1_48' title='bbox 2229 566 2487 625; x_wconf 76' lang='lat' dir='ltr'>Creatori</span> <span class='ocrx_word' id='word_1_49' title='bbox 2509 584 2634 636; x_wconf 87' lang='lat' dir='ltr'>suo,</span> <span class='ocrx_word' id='word_1_50' title='bbox 2657 566 2753 623; x_wconf 90' lang='lat' dir='ltr'>cui</span> <span class='ocrx_word' id='word_1_51' title='bbox 2774 566 2944 624; x_wconf 90' lang='lat' dir='ltr'>unice</span> 
     </span>
     <span class='ocr_line' id='line_1_5' title="bbox 331 650 2944 736; baseline -0 -23"><span class='ocrx_word' id='word_1_52' title='bbox 331 656 393 713; x_wconf 89' lang='lat' dir='ltr'>iu</span> <span class='ocrx_word' id='word_1_53' title='bbox 425 674 518 731; x_wconf 88' lang='lat' dir='ltr'>op.</span> <span class='ocrx_word' id='word_1_54' title='bbox 551 654 809 714; x_wconf 80' lang='lat' dir='ltr'>Deliciae</span> <span class='ocrx_word' id='word_1_55' title='bbox 841 655 1231 726; x_wconf 88' lang='lat' dir='ltr'>eruditorum,</span> <span class='ocrx_word' id='word_1_56' title='bbox 1277 655 1611 715; x_wconf 76' lang='lat' dir='ltr'>Florentiae</span> <span class='ocrx_word' id='word_1_57' title='bbox 1665 655 1730 714; x_wconf 89' lang='lat' dir='ltr'>in</span> <span class='ocrx_word' id='word_1_58' title='bbox 1762 656 1870 714; x_wconf 91' lang='lat' dir='ltr'>hac</span> <span class='ocrx_word' id='word_1_59' title='bbox 1902 655 2028 713; x_wconf 86' lang='lat' dir='ltr'>vita</span> <span class='ocrx_word' id='word_1_60' title='bbox 2060 655 2289 729; x_wconf 87' lang='lat' dir='ltr'>placere</span> <span class='ocrx_word' id='word_1_61' title='bbox 2328 654 2576 720; x_wconf 86' lang='lat' dir='ltr'>studuit,</span> <span class='ocrx_word' id='word_1_62' title='bbox 2624 653 2883 712; x_wconf 91' lang='lat' dir='ltr'>reddidit</span> <span class='ocrx_word' id='word_1_63' title='bbox 2897 650 2944 736; x_wconf 83' lang='lat'>¹)</span> 
     </span>
     <span class='ocr_line' id='line_1_6' title="bbox 340 743 2947 819; baseline 0 -19"><span class='ocrx_word' id='word_1_64' title='bbox 340 754 524 815; x_wconf 83' lang='lat'>1738,</span> <span class='ocrx_word' id='word_1_65' title='bbox 557 743 655 815; x_wconf 89' lang='lat' dir='ltr'>IV,</span> <span class='ocrx_word' id='word_1_66' title='bbox 701 755 941 815; x_wconf 80' lang='lat'>1—683</span> <span class='ocrx_word' id='word_1_67' title='bbox 981 743 1404 803; x_wconf 79' lang='lat' dir='ltr'>commentarii</span> <span class='ocrx_word' id='word_1_68' title='bbox 1433 743 1495 802; x_wconf 90' lang='lat' dir='ltr'>in</span> <span class='ocrx_word' id='word_1_69' title='bbox 1527 763 1610 806; x_wconf 90' lang='lat' dir='ltr'>or.</span> <span class='ocrx_word' id='word_1_70' title='bbox 1666 765 1716 808; x_wconf 87' lang='lat' dir='ltr'>a.</span> <span class='ocrx_word' id='word_1_71' title='bbox 1772 753 1872 808; x_wconf 78' lang='lat'>24.</span> <span class='ocrx_word' id='word_1_72' title='bbox 1919 745 2077 819; x_wconf 85' lang='lat' dir='ltr'>Sept.</span> <span class='ocrx_word' id='word_1_73' title='bbox 2136 753 2317 807; x_wconf 81' lang='lat'>1054.</span> <span class='ocrx_word' id='word_1_74' title='bbox 2383 744 2650 801; x_wconf 88' lang='lat' dir='ltr'>Plurima</span> <span class='ocrx_word' id='word_1_75' title='bbox 2697 743 2947 819; x_wconf 90' lang='lat' dir='ltr'>reliquit</span> 
     </span>
     <span class='ocr_line' id='line_1_7' title="bbox 331 831 2944 910; baseline -0.001 -19"><span class='ocrx_word' id='word_1_76' title='bbox 331 834 359 891; x_wconf 95' lang='lat'>1</span> <span class='ocrx_word' id='word_1_77' title='bbox 389 834 464 891; x_wconf 91' lang='lat' dir='ltr'>al.</span> <span class='ocrx_word' id='word_1_78' title='bbox 496 833 640 902; x_wconf 86' lang='lat' dir='ltr'>XLI,</span> <span class='ocrx_word' id='word_1_79' title='bbox 673 836 735 891; x_wconf 90' lang='lat' dir='ltr'>et</span> <span class='ocrx_word' id='word_1_80' title='bbox 766 833 860 896; x_wconf 86' lang='lat' dir='ltr'>XI.</span> <span class='ocrx_word' id='word_1_81' title='bbox 923 834 997 894; x_wconf 88' lang='lat' dir='ltr'>al.</span> <span class='ocrx_word' id='word_1_82' title='bbox 1030 832 1128 892; x_wconf 91' lang='lat' dir='ltr'>VI.</span> <span class='ocrx_word' id='word_1_83' title='bbox 1162 851 1207 891; x_wconf 90' lang='lat' dir='ltr'>s.</span> <span class='ocrx_word' id='word_1_84' title='bbox 1242 833 1609 910; x_wconf 81' lang='lat' dir='ltr'>Gregorii</span> <span class='ocrx_word' id='word_1_85' title='bbox 1664 852 1858 910; x_wconf 86' lang='lat' dir='ltr'>opera,</span> <span class='ocrx_word' id='word_1_86' title='bbox 1910 833 2070 892; x_wconf 89' lang='lat' dir='ltr'>inter</span> <span class='ocrx_word' id='word_1_87' title='bbox 2100 852 2251 909; x_wconf 89' lang='lat' dir='ltr'>quae</span> <span class='ocrx_word' id='word_1_88' title='bbox 2283 831 2503 891; x_wconf 88' lang='lat' dir='ltr'>eminet</span> <span class='ocrx_word' id='word_1_89' title='bbox 2533 833 2664 907; x_wconf 87' lang='lat' dir='ltr'>ejus</span> <span class='ocrx_word' id='word_1_90' title='bbox 2699 832 2944 890; x_wconf 80' lang='lat' dir='ltr'>Chroni-</span> 
     </span>
     <span class='ocr_line' id='line_1_8' title="bbox 330 921 2945 999; baseline -0.001 -18"><span class='ocrx_word' id='word_1_91' title='bbox 330 941 454 985; x_wconf 84' lang='lat' dir='ltr'>naz.</span> <span class='ocrx_word' id='word_1_92' title='bbox 499 922 564 980; x_wconf 92' lang='lat' dir='ltr'>in</span> <span class='ocrx_word' id='word_1_93' title='bbox 609 922 862 999; x_wconf 81' lang='lat' dir='ltr'>Migne</span> <span class='ocrx_word' id='word_1_94' title='bbox 907 921 969 981; x_wconf 90' lang='lat' dir='ltr'>P.</span> <span class='ocrx_word' id='word_1_95' title='bbox 1003 922 1067 981; x_wconf 89' lang='lat' dir='ltr'>G.</span> <span class='ocrx_word' id='word_1_96' title='bbox 1099 921 1356 994; x_wconf 84' lang='lat' dir='ltr'>XXXVI,</span> <span class='ocrx_word' id='word_1_97' title='bbox 1394 930 1611 985; x_wconf 78' lang='lat'>943—</span> <span class='ocrx_word' id='word_1_98' title='bbox 1664 942 1770 981; x_wconf 82' lang='lat' dir='ltr'>con</span> <span class='ocrx_word' id='word_1_99' title='bbox 1790 942 1824 980; x_wconf 96' lang='lat' dir='ltr'>a</span> <span class='ocrx_word' id='word_1_100' title='bbox 1844 923 2078 982; x_wconf 85' lang='lat' dir='ltr'>Christo</span> <span class='ocrx_word' id='word_1_101' title='bbox 2099 942 2159 985; x_wconf 90' lang='lat' dir='ltr'>n.</span> <span class='ocrx_word' id='word_1_102' title='bbox 2180 922 2501 999; x_wconf 74' lang='lat' dir='ltr'>diligenter</span> <span class='ocrx_word' id='word_1_103' title='bbox 2533 921 2945 998; x_wconf 75' lang='lat' dir='ltr'>sagaciterque</span> 
     </span>
     <span class='ocr_line' id='line_1_9' title="bbox 336 1010 2944 1088; baseline -0.002 -14"><span class='ocrx_word' id='word_1_104' title='bbox 336 1022 491 1081; x_wconf 82' lang='lat'>985;</span> <span class='ocrx_word' id='word_1_105' title='bbox 524 1012 829 1088; x_wconf 79' lang='lat' dir='ltr'>Responsa</span> <span class='ocrx_word' id='word_1_106' title='bbox 858 1012 932 1070; x_wconf 87' lang='lat' dir='ltr'>ad</span> <span class='ocrx_word' id='word_1_107' title='bbox 965 1011 1423 1071; x_wconf 87' lang='lat' dir='ltr'>Constantinum</span> <span class='ocrx_word' id='word_1_108' title='bbox 1453 1011 1609 1087; x_wconf 88' lang='lat' dir='ltr'>epis·</span> <span class='ocrx_word' id='word_1_109' title='bbox 1666 1012 2088 1071; x_wconf 91' lang='lat' dir='ltr'>concinnatum</span> <span class='ocrx_word' id='word_1_110' title='bbox 2108 1030 2176 1070; x_wconf 87' lang='lat' dir='ltr'>ex</span> <span class='ocrx_word' id='word_1_111' title='bbox 2198 1012 2554 1088; x_wconf 88' lang='lat' dir='ltr'>scriptorum</span> <span class='ocrx_word' id='word_1_112' title='bbox 2590 1010 2944 1087; x_wconf 89' lang='lat' dir='ltr'>praeceden-</span> 
     </span>
     <span class='ocr_line' id='line_1_10' title="bbox 334 1100 2944 1177; baseline -0.001 -17"><span class='ocrx_word' id='word_1_113' title='bbox 334 1120 544 1176; x_wconf 88' lang='lat' dir='ltr'>copum</span> <span class='ocrx_word' id='word_1_114' title='bbox 563 1103 635 1160; x_wconf 80' lang='lat' dir='ltr'>de</span> <span class='ocrx_word' id='word_1_115' title='bbox 649 1103 894 1177; x_wconf 71' lang='lat' dir='ltr'>nuptiis,</span> <span class='ocrx_word' id='word_1_116' title='bbox 927 1100 989 1159; x_wconf 92' lang='lat' dir='ltr'>ib</span> <span class='ocrx_word' id='word_1_117' title='bbox 1009 1100 1198 1172; x_wconf 87' lang='lat' dir='ltr'>CXIX,</span> <span class='ocrx_word' id='word_1_118' title='bbox 1224 1110 1569 1165; x_wconf 84' lang='lat'>935--938</span> <span class='ocrx_word' id='word_1_119' title='bbox 1596 1122 1613 1171; x_wconf 89' lang='lat'>;</span> <span class='ocrx_word' id='word_1_120' title='bbox 1667 1101 1822 1160; x_wconf 86' lang='lat' dir='ltr'>tium</span> <span class='ocrx_word' id='word_1_121' title='bbox 1855 1101 2165 1172; x_wconf 78' lang='lat' dir='ltr'>chroniciS,</span> <span class='ocrx_word' id='word_1_122' title='bbox 2199 1101 2274 1160; x_wconf 88' lang='lat' dir='ltr'>ab</span> <span class='ocrx_word' id='word_1_123' title='bbox 2304 1121 2354 1159; x_wconf 85' lang='lat' dir='ltr'>a.</span> <span class='ocrx_word' id='word_1_124' title='bbox 2400 1111 2561 1163; x_wconf 89' lang='lat'>1040</span> <span class='ocrx_word' id='word_1_125' title='bbox 2596 1100 2944 1176; x_wconf 84' lang='lat' dir='ltr'>praesertim</span> 
     </span>
     <span class='ocr_line' id='line_1_11' title="bbox 334 1189 2945 1267; baseline -0 -19"><span class='ocrx_word' id='word_1_126' title='bbox 334 1192 628 1266; x_wconf 78' lang='lat' dir='ltr'>Refutatio</span> <span class='ocrx_word' id='word_1_127' title='bbox 664 1191 934 1263; x_wconf 76' lang='lat' dir='ltr'>epistolae</span> <span class='ocrx_word' id='word_1_128' title='bbox 977 1190 1267 1267; x_wconf 88' lang='lat' dir='ltr'>principis</span> <span class='ocrx_word' id='word_1_129' title='bbox 1298 1190 1611 1250; x_wconf 84' lang='lat' dir='ltr'>Armeniae</span> <span class='ocrx_word' id='word_1_130' title='bbox 1666 1189 1987 1249; x_wconf 84' lang='lat' dir='ltr'>admodum</span> <span class='ocrx_word' id='word_1_131' title='bbox 2020 1190 2350 1265; x_wconf 86' lang='lat' dir='ltr'>pretiosum</span> <span class='ocrx_word' id='word_1_132' title='bbox 2368 1189 2444 1249; x_wconf 91' lang='lat' dir='ltr'>ob</span> <span class='ocrx_word' id='word_1_133' title='bbox 2463 1189 2824 1248; x_wconf 77' lang='lat' dir='ltr'>narrationis</span> <span class='ocrx_word' id='word_1_134' title='bbox 2848 1190 2945 1247; x_wconf 91' lang='lat' dir='ltr'>sui</span> 
     </span>
     <span class='ocr_line' id='line_1_12' title="bbox 332 1278 2946 1355; baseline -0.001 -16"><span class='ocrx_word' id='word_1_135' title='bbox 332 1283 393 1339; x_wconf 92' lang='lat' dir='ltr'>et</span> <span class='ocrx_word' id='word_1_136' title='bbox 411 1279 677 1339; x_wconf 81' lang='lat' dir='ltr'>defensio</span> <span class='ocrx_word' id='word_1_137' title='bbox 702 1279 915 1355; x_wconf 83' lang='lat' dir='ltr'>synodi</span> <span class='ocrx_word' id='word_1_138' title='bbox 944 1279 1422 1339; x_wconf 89' lang='lat' dir='ltr'>chalcedonensis</span> <span class='ocrx_word' id='word_1_139' title='bbox 1454 1279 1612 1339; x_wconf 89' lang='lat' dir='ltr'>inter</span> <span class='ocrx_word' id='word_1_140' title='bbox 1665 1279 1950 1355; x_wconf 88' lang='lat' dir='ltr'>temporis</span> <span class='ocrx_word' id='word_1_141' title='bbox 1968 1279 2314 1338; x_wconf 86' lang='lat' dir='ltr'>fidelitatem</span> <span class='ocrx_word' id='word_1_142' title='bbox 2335 1281 2397 1337; x_wconf 91' lang='lat' dir='ltr'>et</span> <span class='ocrx_word' id='word_1_143' title='bbox 2416 1278 2836 1349; x_wconf 80' lang='lat' dir='ltr'>sinceritatem,</span> <span class='ocrx_word' id='word_1_144' title='bbox 2869 1278 2946 1337; x_wconf 95' lang='lat' dir='ltr'>ob</span> 
     </span>
     <span class='ocr_line' id='line_1_13' title="bbox 332 1367 2943 1445; baseline -0 -18"><span class='ocrx_word' id='word_1_145' title='bbox 332 1370 391 1429; x_wconf 91' lang='lat' dir='ltr'>L.</span> <span class='ocrx_word' id='word_1_146' title='bbox 443 1367 734 1427; x_wconf 89' lang='lat' dir='ltr'>Allatii</span> <span class='ocrx_word' id='word_1_147' title='bbox 794 1369 1069 1427; x_wconf 81' lang='lat' dir='ltr'>Graeciae</span> <span class='ocrx_word' id='word_1_148' title='bbox 1125 1368 1355 1428; x_wconf 90' lang='lat' dir='ltr'>orthod.</span> <span class='ocrx_word' id='word_1_149' title='bbox 1406 1368 1609 1445; x_wconf 90' lang='lat' dir='ltr'>script.</span> <span class='ocrx_word' id='word_1_150' title='bbox 1667 1371 1996 1428; x_wconf 84' lang='lat' dir='ltr'>accuratam</span> <span class='ocrx_word' id='word_1_151' title='bbox 2029 1387 2231 1427; x_wconf 89' lang='lat' dir='ltr'>rerum</span> <span class='ocrx_word' id='word_1_152' title='bbox 2262 1372 2568 1445; x_wconf 86' lang='lat' dir='ltr'>gestarum</span> <span class='ocrx_word' id='word_1_153' title='bbox 2599 1368 2943 1443; x_wconf 82' lang='lat' dir='ltr'>dispositio·</span> 
     </span>
     <span class='ocr_line' id='line_1_14' title="bbox 332 1456 2945 1535; baseline -0.001 -17"><span class='ocrx_word' id='word_1_154' title='bbox 332 1459 550 1518; x_wconf 91' lang='lat' dir='ltr'>Romae</span> <span class='ocrx_word' id='word_1_155' title='bbox 592 1466 753 1520; x_wconf 85' lang='lat'>1652</span> <span class='ocrx_word' id='word_1_156' title='bbox 789 1457 832 1516; x_wconf 92' lang='lat'>1.</span> <span class='ocrx_word' id='word_1_157' title='bbox 895 1456 1201 1517; x_wconf 86' lang='lat' dir='ltr'>Laudatur</span> <span class='ocrx_word' id='word_1_158' title='bbox 1245 1461 1306 1516; x_wconf 90' lang='lat' dir='ltr'>et</span> <span class='ocrx_word' id='word_1_159' title='bbox 1350 1459 1478 1535; x_wconf 86' lang='lat' dir='ltr'>ejus</span> <span class='ocrx_word' id='word_1_160' title='bbox 1516 1477 1609 1517; x_wconf 87' lang='lat' dir='ltr'>ca·</span> <span class='ocrx_word' id='word_1_161' title='bbox 1666 1477 1801 1516; x_wconf 91' lang='lat' dir='ltr'>nem</span> <span class='ocrx_word' id='word_1_162' title='bbox 1818 1457 2527 1535; x_wconf 79' lang='lat' dir='ltr'>etchronologiamthinc</span> <span class='ocrx_word' id='word_1_163' title='bbox 2543 1461 2633 1517; x_wconf 86' lang='lat' dir='ltr'>est</span> <span class='ocrx_word' id='word_1_164' title='bbox 2663 1458 2945 1532; x_wconf 86' lang='lat' dir='ltr'>fons,quo</span> 
     </span>
     <span class='ocr_line' id='line_1_15' title="bbox 330 1545 2944 1624; baseline 0 -19"><span class='ocrx_word' id='word_1_165' title='bbox 330 1552 470 1605; x_wconf 88' lang='lat' dir='ltr'>tena</span> <span class='ocrx_word' id='word_1_166' title='bbox 500 1550 564 1605; x_wconf 81' lang='lat' dir='ltr'>in</span> <span class='ocrx_word' id='word_1_167' title='bbox 594 1545 875 1621; x_wconf 56' lang='lat' dir='ltr'>psalmos,</span> <span class='ocrx_word' id='word_1_168' title='bbox 922 1565 992 1605; x_wconf 82' lang='lat' dir='ltr'>ex</span> <span class='ocrx_word' id='word_1_169' title='bbox 1025 1565 1144 1623; x_wconf 91' lang='lat' dir='ltr'>qua</span> <span class='ocrx_word' id='word_1_170' title='bbox 1174 1552 1448 1624; x_wconf 84' lang='lat' dir='ltr'>excerpta</span> <span class='ocrx_word' id='word_1_171' title='bbox 1476 1551 1607 1606; x_wconf 85' lang='lat' dir='ltr'>tan-</span> <span class='ocrx_word' id='word_1_172' title='bbox 1665 1547 1994 1622; x_wconf 89' lang='lat' dir='ltr'>plurimum</span> <span class='ocrx_word' id='word_1_173' title='bbox 2010 1547 2104 1606; x_wconf 92' lang='lat' dir='ltr'>usi</span> <span class='ocrx_word' id='word_1_174' title='bbox 2125 1551 2272 1608; x_wconf 88' lang='lat' dir='ltr'>sunt</span> <span class='ocrx_word' id='word_1_175' title='bbox 2289 1546 2555 1606; x_wconf 88' lang='lat' dir='ltr'>historici</span> <span class='ocrx_word' id='word_1_176' title='bbox 2575 1545 2944 1621; x_wconf 82' lang='lat' dir='ltr'>posteriores,</span> 
     </span>
     <span class='ocr_line' id='line_1_16' title="bbox 332 1635 2948 1711; baseline -0.001 -17"><span class='ocrx_word' id='word_1_177' title='bbox 332 1639 462 1696; x_wconf 86' lang='lat' dir='ltr'>tum</span> <span class='ocrx_word' id='word_1_178' title='bbox 509 1635 799 1711; x_wconf 89' lang='lat' dir='ltr'>quaedam</span> <span class='ocrx_word' id='word_1_179' title='bbox 844 1635 1035 1695; x_wconf 77' lang='lat' dir='ltr'>edidit</span> <span class='ocrx_word' id='word_1_180' title='bbox 1078 1636 1297 1697; x_wconf 89' lang='lat' dir='ltr'>Pitra</span> <span class='ocrx_word' id='word_1_181' title='bbox 1343 1636 1408 1694; x_wconf 88' lang='lat' dir='ltr'>in</span> <span class='ocrx_word' id='word_1_182' title='bbox 1438 1637 1609 1696; x_wconf 86' lang='lat' dir='ltr'>Anal.</span> <span class='ocrx_word' id='word_1_183' title='bbox 1665 1636 1827 1695; x_wconf 89' lang='lat' dir='ltr'>Illud</span> <span class='ocrx_word' id='word_1_184' title='bbox 1872 1635 2245 1695; x_wconf 86' lang='lat' dir='ltr'>continuavit</span> <span class='ocrx_word' id='word_1_185' title='bbox 2289 1635 2769 1694; x_wconf 89' lang='lat' dir='ltr'>Bertholdus</span> <span class='ocrx_word' id='word_1_186' title='bbox 2818 1635 2948 1709; x_wconf 85' lang='lat' dir='ltr'>ejus</span> 
     </span>
     <span class='ocr_line' id='line_1_17' title="bbox 334 1719 2946 1807; baseline -0.002 -23"><span class='ocrx_word' id='word_1_187' title='bbox 334 1725 512 1784; x_wconf 87' lang='lat' dir='ltr'>sacris</span> <span class='ocrx_word' id='word_1_188' title='bbox 562 1725 779 1784; x_wconf 87' lang='lat' dir='ltr'>Romae</span> <span class='ocrx_word' id='word_1_189' title='bbox 832 1734 1019 1796; x_wconf 88' lang='lat'>1888,</span> <span class='ocrx_word' id='word_1_190' title='bbox 1064 1729 1126 1784; x_wconf 90' lang='lat' dir='ltr'>et</span> <span class='ocrx_word' id='word_1_191' title='bbox 1171 1726 1343 1802; x_wconf 87' lang='lat' dir='ltr'>cujus</span> <span class='ocrx_word' id='word_1_192' title='bbox 1387 1725 1611 1801; x_wconf 80' lang='lat' dir='ltr'>praefa—</span> <span class='ocrx_word' id='word_1_193' title='bbox 1665 1725 1995 1801; x_wconf 85' lang='lat' dir='ltr'>discipulus</span> <span class='ocrx_word' id='word_1_194' title='bbox 2058 1721 2120 1807; x_wconf 86' lang='lat'>(†</span> <span class='ocrx_word' id='word_1_195' title='bbox 2175 1719 2394 1806; x_wconf 85' lang='lat'>1088),</span> <span class='ocrx_word' id='word_1_196' title='bbox 2456 1724 2561 1800; x_wconf 91' lang='lat' dir='ltr'>qui</span> <span class='ocrx_word' id='word_1_197' title='bbox 2611 1727 2672 1783; x_wconf 90' lang='lat' dir='ltr'>et</span> <span class='ocrx_word' id='word_1_198' title='bbox 2719 1723 2946 1782; x_wconf 82' lang='lat' dir='ltr'>bellum</span> 
     </span>
     <span class='ocr_line' id='line_1_18' title="bbox 334 1808 2947 1894; baseline -0 -22"><span class='ocrx_word' id='word_1_199' title='bbox 334 1815 551 1873; x_wconf 89' lang='lat' dir='ltr'>tionem</span> <span class='ocrx_word' id='word_1_200' title='bbox 611 1812 733 1872; x_wconf 90' lang='lat' dir='ltr'>luci</span> <span class='ocrx_word' id='word_1_201' title='bbox 780 1814 1054 1888; x_wconf 88' lang='lat' dir='ltr'>publicae</span> <span class='ocrx_word' id='word_1_202' title='bbox 1114 1814 1282 1873; x_wconf 88' lang='lat' dir='ltr'>dedit</span> <span class='ocrx_word' id='word_1_203' title='bbox 1346 1815 1483 1873; x_wconf 76' lang='lat' dir='ltr'>Mai</span> <span class='ocrx_word' id='word_1_204' title='bbox 1547 1815 1609 1873; x_wconf 92' lang='lat' dir='ltr'>in</span> <span class='ocrx_word' id='word_1_205' title='bbox 1665 1814 1937 1892; x_wconf 82' lang='lat' dir='ltr'>magistri</span> <span class='ocrx_word' id='word_1_206' title='bbox 1959 1813 2055 1872; x_wconf 88' lang='lat' dir='ltr'>sui</span> <span class='ocrx_word' id='word_1_207' title='bbox 2076 1813 2338 1891; x_wconf 89' lang='lat' dir='ltr'>elogium</span> <span class='ocrx_word' id='word_1_208' title='bbox 2353 1812 2572 1890; x_wconf 86' lang='lat' dir='ltr'>adjecit</span> <span class='ocrx_word' id='word_1_209' title='bbox 2592 1808 2688 1894; x_wconf 82' lang='lat' dir='ltr'>(cf.</span> <span class='ocrx_word' id='word_1_210' title='bbox 2707 1813 2947 1889; x_wconf 80' lang='lat' dir='ltr'>Migne</span> 
     </span>
     <span class='ocr_line' id='line_1_19' title="bbox 332 1900 2945 1985; baseline -0.002 -22"><span class='ocrx_word' id='word_1_211' title='bbox 332 1905 568 1981; x_wconf 77' lang='lat' dir='ltr'>Migne</span> <span class='ocrx_word' id='word_1_212' title='bbox 599 1904 664 1966; x_wconf 90' lang='lat' dir='ltr'>P.</span> <span class='ocrx_word' id='word_1_213' title='bbox 694 1903 761 1966; x_wconf 87' lang='lat' dir='ltr'>G.</span> <span class='ocrx_word' id='word_1_214' title='bbox 792 1903 988 1974; x_wconf 88' lang='lat' dir='ltr'>LXIX,</span> <span class='ocrx_word' id='word_1_215' title='bbox 1026 1913 1394 1968; x_wconf 80' lang='grc'><strong>700-715,</strong></span> <span class='ocrx_word' id='word_1_216' title='bbox 1668 1902 1914 1973; x_wconf 86' lang='lat' dir='ltr'>CXLIII,</span> <span class='ocrx_word' id='word_1_217' title='bbox 1952 1900 2257 1985; x_wconf 86' lang='lat'>25—31).</span> <span class='ocrx_word' id='word_1_218' title='bbox 2321 1902 2506 1977; x_wconf 84' lang='lat' dir='ltr'>Saepe</span> <span class='ocrx_word' id='word_1_219' title='bbox 2551 1901 2790 1978; x_wconf 89' lang='lat' dir='ltr'>prodiit,</span> <span class='ocrx_word' id='word_1_220' title='bbox 2840 1900 2945 1959; x_wconf 89' lang='lat' dir='ltr'>sed</span> 
     </span>
     <span class='ocr_line' id='line_1_20' title="bbox 1668 1990 2947 2052; baseline -0.002 -2"><span class='ocrx_word' id='word_1_221' title='bbox 1668 1992 1863 2051; x_wconf 87' lang='lat' dir='ltr'>variae</span> <span class='ocrx_word' id='word_1_222' title='bbox 1921 1992 2214 2052; x_wconf 87' lang='lat' dir='ltr'>editiones</span> <span class='ocrx_word' id='word_1_223' title='bbox 2276 1991 2423 2051; x_wconf 89' lang='lat' dir='ltr'>adeo</span> <span class='ocrx_word' id='word_1_224' title='bbox 2485 1995 2630 2050; x_wconf 90' lang='lat' dir='ltr'>sunt</span> <span class='ocrx_word' id='word_1_225' title='bbox 2676 1990 2835 2049; x_wconf 88' lang='lat' dir='ltr'>inter</span> <span class='ocrx_word' id='word_1_226' title='bbox 2884 2008 2947 2048; x_wconf 86' lang='lat' dir='ltr'>se</span> 
     </span>
    </p>

    <p class='ocr_par' dir='ltr' id='par_1_3' title="bbox 310 2081 2952 4297">
     <span class='ocr_line' id='line_1_21' title="bbox 427 2081 2945 2159; baseline -0.003 -14"><span class='ocrx_word' id='word_1_227' title='bbox 427 2091 569 2145; x_wconf 82' lang='lat'>563.</span> <span class='ocrx_word' id='word_1_228' title='bbox 629 2082 796 2153; x_wconf 74' lang='lat' dir='ltr'>Inter</span> <span class='ocrx_word' id='word_1_229' title='bbox 854 2081 1288 2141; x_wconf 83' lang='lat' dir='ltr'>historicos</span> <span class='ocrx_word' id='word_1_230' title='bbox 1348 2083 1610 2159; x_wconf 90' lang='lat' dir='ltr'>primum</span> <span class='ocrx_word' id='word_1_231' title='bbox 1668 2081 1951 2151; x_wconf 87' lang='lat' dir='ltr'>diversae,</span> <span class='ocrx_word' id='word_1_232' title='bbox 2017 2081 2409 2158; x_wconf 86' lang='lat' dir='ltr'>interpolatae</span> <span class='ocrx_word' id='word_1_233' title='bbox 2468 2083 2575 2139; x_wconf 89' lang='lat' dir='ltr'>aut</span> <span class='ocrx_word' id='word_1_234' title='bbox 2631 2082 2945 2138; x_wconf 86' lang='lat' dir='ltr'>truncatae</span> 
     </span>
     <span class='ocr_line' id='line_1_22' title="bbox 338 2169 2946 2247; baseline -0.001 -19"><span class='ocrx_word' id='word_1_235' title='bbox 338 2171 489 2228; x_wconf 84' lang='lat' dir='ltr'>forte</span> <span class='ocrx_word' id='word_1_236' title='bbox 561 2170 752 2230; x_wconf 90' lang='lat' dir='ltr'>locum</span> <span class='ocrx_word' id='word_1_237' title='bbox 812 2175 1060 2247; x_wconf 91' lang='lat' dir='ltr'>occupat</span> <span class='ocrx_word' id='word_1_238' title='bbox 1120 2171 1610 2232; x_wconf 86' lang='lat' dir='ltr'>Hermannus</span> <span class='ocrx_word' id='word_1_239' title='bbox 1665 2173 1736 2229; x_wconf 88' lang='lat' dir='ltr'>ut</span> <span class='ocrx_word' id='word_1_240' title='bbox 1781 2189 2070 2247; x_wconf 88' lang='lat' dir='ltr'>quaenam</span> <span class='ocrx_word' id='word_1_241' title='bbox 2121 2171 2363 2229; x_wconf 89' lang='lat' dir='ltr'>illarum</span> <span class='ocrx_word' id='word_1_242' title='bbox 2408 2187 2756 2247; x_wconf 88' lang='lat' dir='ltr'>germanum</span> <span class='ocrx_word' id='word_1_243' title='bbox 2797 2169 2946 2226; x_wconf 91' lang='lat' dir='ltr'>Her-</span> 
     </span>
     <span class='ocr_line' id='line_1_23' title="bbox 341 2254 2945 2341; baseline -0.001 -24"><span class='ocrx_word' id='word_1_244' title='bbox 341 2254 806 2341; x_wconf 80' lang='lat' dir='ltr'>(Herimannus),</span> <span class='ocrx_word' id='word_1_245' title='bbox 858 2280 892 2319; x_wconf 88' lang='lat' dir='ltr'>a</span> <span class='ocrx_word' id='word_1_246' title='bbox 940 2260 1344 2320; x_wconf 89' lang='lat' dir='ltr'>membrorum</span> <span class='ocrx_word' id='word_1_247' title='bbox 1394 2262 1607 2321; x_wconf 90' lang='lat' dir='ltr'>debili·</span> <span class='ocrx_word' id='word_1_248' title='bbox 1666 2260 1870 2318; x_wconf 91' lang='lat' dir='ltr'>manni</span> <span class='ocrx_word' id='word_1_249' title='bbox 1945 2262 2184 2337; x_wconf 87' lang='lat' dir='ltr'>partum</span> <span class='ocrx_word' id='word_1_250' title='bbox 2263 2259 2552 2328; x_wconf 85' lang='lat' dir='ltr'>exhibeat,</span> <span class='ocrx_word' id='word_1_251' title='bbox 2650 2258 2945 2317; x_wconf 88' lang='lat' dir='ltr'>incertum</span> 
     </span>
     <span class='ocr_line' id='line_1_24' title="bbox 335 2346 2946 2425; baseline 0 -21"><span class='ocrx_word' id='word_1_252' title='bbox 335 2352 474 2418; x_wconf 77' lang='lat' dir='ltr'>tate,</span> <span class='ocrx_word' id='word_1_253' title='bbox 516 2367 634 2422; x_wconf 86' lang='lat' dir='ltr'>qua</span> <span class='ocrx_word' id='word_1_254' title='bbox 666 2348 958 2409; x_wconf 87' lang='lat' dir='ltr'>laboravit</span> <span class='ocrx_word' id='word_1_255' title='bbox 988 2350 1062 2408; x_wconf 89' lang='lat' dir='ltr'>ab</span> <span class='ocrx_word' id='word_1_256' title='bbox 1094 2349 1363 2422; x_wconf 79' lang='lat' dir='ltr'>infantia,</span> <span class='ocrx_word' id='word_1_257' title='bbox 1412 2351 1610 2409; x_wconf 88' lang='lat' dir='ltr'>dictus</span> <span class='ocrx_word' id='word_1_258' title='bbox 1666 2349 1842 2425; x_wconf 84' lang='lat' dir='ltr'>plane</span> <span class='ocrx_word' id='word_1_259' title='bbox 1858 2349 1939 2408; x_wconf 90' lang='lat' dir='ltr'>sit</span> <span class='ocrx_word' id='word_1_260' title='bbox 1954 2368 2021 2408; x_wconf 91' lang='lat' dir='ltr'>ac</span> <span class='ocrx_word' id='word_1_261' title='bbox 2036 2348 2308 2422; x_wconf 89' lang='lat' dir='ltr'>dubium,</span> <span class='ocrx_word' id='word_1_262' title='bbox 2324 2351 2397 2408; x_wconf 89' lang='lat' dir='ltr'>ut</span> <span class='ocrx_word' id='word_1_263' title='bbox 2409 2346 2946 2407; x_wconf 87' lang='lat' dir='ltr'>testaturUsser-</span> 
     </span>
     <span class='ocr_line' id='line_1_25' title="bbox 333 2435 2948 2514; baseline -0 -20"><span class='ocrx_word' id='word_1_264' title='bbox 333 2437 819 2496; x_wconf 87' lang='lat' dir='ltr'>Contractus.</span> <span class='ocrx_word' id='word_1_265' title='bbox 909 2438 1098 2497; x_wconf 86' lang='lat' dir='ltr'>Filius</span> <span class='ocrx_word' id='word_1_266' title='bbox 1174 2443 1303 2499; x_wconf 86' lang='lat' dir='ltr'>erat</span> <span class='ocrx_word' id='word_1_267' title='bbox 1376 2440 1609 2500; x_wconf 89' lang='lat' dir='ltr'>comitis</span> <span class='ocrx_word' id='word_1_268' title='bbox 1666 2457 1886 2497; x_wconf 90' lang='lat' dir='ltr'>mann</span> <span class='ocrx_word' id='word_1_269' title='bbox 1917 2438 1979 2496; x_wconf 92' lang='lat' dir='ltr'>in</span> <span class='ocrx_word' id='word_1_270' title='bbox 1999 2438 2142 2497; x_wconf 89' lang='lat' dir='ltr'>diss.</span> <span class='ocrx_word' id='word_1_271' title='bbox 2161 2438 2558 2514; x_wconf 87' lang='lat' dir='ltr'>praeviasuae</span> <span class='ocrx_word' id='word_1_272' title='bbox 2577 2436 2667 2498; x_wconf 90' lang='lat' dir='ltr'>ed.</span> <span class='ocrx_word' id='word_1_273' title='bbox 2711 2435 2948 2511; x_wconf 84' lang='lat' dir='ltr'>Triplex</span> 
     </span>
     <span class='ocr_line' id='line_1_26' title="bbox 332 2523 2949 2611; baseline -0 -27"><span class='ocrx_word' id='word_1_274' title='bbox 332 2526 646 2586; x_wconf 86' lang='lat' dir='ltr'>Wolverad</span> <span class='ocrx_word' id='word_1_275' title='bbox 665 2523 938 2611; x_wconf 85' lang='lat' dir='ltr'>(Wolfra)</span> <span class='ocrx_word' id='word_1_276' title='bbox 959 2528 1358 2606; x_wconf 86' lang='lat' dir='ltr'>sulgoviensis</span> <span class='ocrx_word' id='word_1_277' title='bbox 1381 2530 1444 2591; x_wconf 91' lang='lat' dir='ltr'>in</span> <span class='ocrx_word' id='word_1_278' title='bbox 1464 2535 1607 2592; x_wconf 89' lang='lat' dir='ltr'>Sue·</span> <span class='ocrx_word' id='word_1_279' title='bbox 1668 2531 1867 2587; x_wconf 88' lang='lat' dir='ltr'>exstat</span> <span class='ocrx_word' id='word_1_280' title='bbox 1911 2528 2192 2598; x_wconf 89' lang='lat' dir='ltr'>recensio,</span> <span class='ocrx_word' id='word_1_281' title='bbox 2245 2527 2434 2588; x_wconf 87' lang='lat' dir='ltr'>altera</span> <span class='ocrx_word' id='word_1_282' title='bbox 2476 2525 2717 2586; x_wconf 87' lang='lat' dir='ltr'>brevior</span> <span class='ocrx_word' id='word_1_283' title='bbox 2753 2526 2844 2588; x_wconf 90' lang='lat' dir='ltr'>ed.</span> <span class='ocrx_word' id='word_1_284' title='bbox 2874 2524 2949 2584; x_wconf 90' lang='lat' dir='ltr'>ab</span> 
     </span>
     <span class='ocr_line' id='line_1_27' title="bbox 329 2616 2948 2687; baseline 0 -11"><span class='ocrx_word' id='word_1_285' title='bbox 329 2617 443 2687; x_wconf 80' lang='lat' dir='ltr'>via,</span> <span class='ocrx_word' id='word_1_286' title='bbox 494 2620 673 2676; x_wconf 88' lang='lat' dir='ltr'>natus</span> <span class='ocrx_word' id='word_1_287' title='bbox 731 2627 826 2680; x_wconf 87' lang='lat'>18.</span> <span class='ocrx_word' id='word_1_288' title='bbox 876 2618 999 2682; x_wconf 85' lang='lat' dir='ltr'>Jul.</span> <span class='ocrx_word' id='word_1_289' title='bbox 1057 2629 1243 2683; x_wconf 82' lang='lat'>1013.</span> <span class='ocrx_word' id='word_1_290' title='bbox 1314 2621 1609 2680; x_wconf 64' lang='lat' dir='ltr'>Puer-ulus</span> <span class='ocrx_word' id='word_1_291' title='bbox 1666 2617 2012 2676; x_wconf 86' lang='lat' dir='ltr'>Urstisio</span> <span class='ocrx_word' id='word_1_292' title='bbox 2042 2618 2106 2676; x_wconf 89' lang='lat' dir='ltr'>in</span> <span class='ocrx_word' id='word_1_293' title='bbox 2140 2618 2331 2678; x_wconf 88' lang='lat' dir='ltr'>Germ.</span> <span class='ocrx_word' id='word_1_294' title='bbox 2364 2617 2568 2677; x_wconf 89' lang='lat' dir='ltr'>histor.</span> <span class='ocrx_word' id='word_1_295' title='bbox 2588 2616 2676 2678; x_wconf 89' lang='lat' dir='ltr'>ill.</span> <span class='ocrx_word' id='word_1_296' title='bbox 2708 2617 2755 2686; x_wconf 91' lang='grc' dir='ltr'>Ι,</span> <span class='ocrx_word' id='word_1_297' title='bbox 2793 2624 2948 2677; x_wconf 80' lang='grc'><strong>229-</strong></span> 
     </span>
     <span class='ocr_line' id='line_1_28' title="bbox 333 2704 2951 2781; baseline -0.001 -17"><span class='ocrx_word' id='word_1_298' title='bbox 333 2706 639 2781; x_wconf 87' lang='lat' dir='ltr'>scptennis</span> <span class='ocrx_word' id='word_1_299' title='bbox 658 2705 918 2766; x_wconf 87' lang='lat' dir='ltr'>traditus</span> <span class='ocrx_word' id='word_1_300' title='bbox 939 2711 1031 2767; x_wconf 92' lang='lat' dir='ltr'>est</span> <span class='ocrx_word' id='word_1_301' title='bbox 1049 2708 1461 2769; x_wconf 86' lang='lat' dir='ltr'>instituendus</span> <span class='ocrx_word' id='word_1_302' title='bbox 1482 2728 1608 2768; x_wconf 87' lang='lat' dir='ltr'>mo·</span> <span class='ocrx_word' id='word_1_303' title='bbox 1669 2716 1828 2778; x_wconf 81' lang='lat'>2383</span> <span class='ocrx_word' id='word_1_304' title='bbox 1881 2706 2067 2766; x_wconf 86' lang='lat' dir='ltr'>altera</span> <span class='ocrx_word' id='word_1_305' title='bbox 2097 2706 2171 2766; x_wconf 91' lang='lat' dir='ltr'>ab</span> <span class='ocrx_word' id='word_1_306' title='bbox 2203 2726 2256 2765; x_wconf 89' lang='lat' dir='ltr'>a.</span> <span class='ocrx_word' id='word_1_307' title='bbox 2294 2715 2417 2769; x_wconf 85' lang='lat'>378</span> <span class='ocrx_word' id='word_1_308' title='bbox 2463 2705 2658 2765; x_wconf 89' lang='lat' dir='ltr'>multo</span> <span class='ocrx_word' id='word_1_309' title='bbox 2697 2704 2951 2778; x_wconf 87' lang='lat' dir='ltr'>amplior</span> 
     </span>
     <span class='ocr_line' id='line_1_29' title="bbox 330 2792 2948 2872; baseline -0.001 -18"><span class='ocrx_word' id='word_1_310' title='bbox 330 2795 536 2854; x_wconf 88' lang='lat' dir='ltr'>nachis</span> <span class='ocrx_word' id='word_1_311' title='bbox 569 2796 798 2872; x_wconf 87' lang='lat' dir='ltr'>Augiae</span> <span class='ocrx_word' id='word_1_312' title='bbox 828 2796 1052 2866; x_wconf 85' lang='lat' dir='ltr'>divitis,</span> <span class='ocrx_word' id='word_1_313' title='bbox 1087 2797 1191 2856; x_wconf 88' lang='lat' dir='ltr'>ubi</span> <span class='ocrx_word' id='word_1_314' title='bbox 1224 2799 1398 2858; x_wconf 84' lang='lat' dir='ltr'>victis</span> <span class='ocrx_word' id='word_1_315' title='bbox 1421 2800 1609 2857; x_wconf 89' lang='lat' dir='ltr'>omni·</span> <span class='ocrx_word' id='word_1_316' title='bbox 1668 2798 1729 2854; x_wconf 90' lang='lat' dir='ltr'>et</span> <span class='ocrx_word' id='word_1_317' title='bbox 1761 2795 2146 2866; x_wconf 86' lang='lat' dir='ltr'>emendatior,</span> <span class='ocrx_word' id='word_1_318' title='bbox 2198 2814 2333 2854; x_wconf 90' lang='lat' dir='ltr'>cnm</span> <span class='ocrx_word' id='word_1_319' title='bbox 2384 2793 2571 2870; x_wconf 89' lang='lat' dir='ltr'>priori</span> <span class='ocrx_word' id='word_1_320' title='bbox 2620 2792 2694 2851; x_wconf 84' lang='lat' dir='ltr'>ab</span> <span class='ocrx_word' id='word_1_321' title='bbox 2744 2793 2948 2852; x_wconf 89' lang='lat' dir='ltr'>eodem</span> 
     </span>
     <span class='ocr_line' id='line_1_30' title="bbox 330 2882 2950 2964; baseline -0.001 -22"><span class='ocrx_word' id='word_1_322' title='bbox 330 2884 444 2943; x_wconf 79' lang='lat' dir='ltr'>‘nus</span> <span class='ocrx_word' id='word_1_323' title='bbox 493 2884 971 2956; x_wconf 71' lang='lat' dir='ltr'>difficultatibus,</span> <span class='ocrx_word' id='word_1_324' title='bbox 1020 2887 1118 2947; x_wconf 84' lang='lat' dir='ltr'>vix</span> <span class='ocrx_word' id='word_1_325' title='bbox 1165 2887 1324 2946; x_wconf 89' lang='lat' dir='ltr'>enim</span> <span class='ocrx_word' id='word_1_326' title='bbox 1371 2891 1608 2964; x_wconf 89' lang='lat' dir='ltr'>poterat</span> <span class='ocrx_word' id='word_1_327' title='bbox 1668 2883 1861 2955; x_wconf 77' lang='lat' dir='ltr'>edita3</span> <span class='ocrx_word' id='word_1_328' title='bbox 1911 2885 2091 2943; x_wconf 87' lang='lat' dir='ltr'>tertia</span> <span class='ocrx_word' id='word_1_329' title='bbox 2137 2903 2205 2943; x_wconf 82' lang='lat' dir='ltr'>ex</span> <span class='ocrx_word' id='word_1_330' title='bbox 2249 2882 2376 2942; x_wconf 91' lang='lat' dir='ltr'>cod.</span> <span class='ocrx_word' id='word_1_331' title='bbox 2416 2887 2750 2959; x_wconf 88' lang='lat' dir='ltr'>augustano</span> <span class='ocrx_word' id='word_1_332' title='bbox 2795 2882 2882 2943; x_wconf 92' lang='lat' dir='ltr'>ed.</span> <span class='ocrx_word' id='word_1_333' title='bbox 2916 2901 2950 2939; x_wconf 89' lang='lat' dir='ltr'>a</span> 
     </span>
     <span class='ocr_line' id='line_1_31' title="bbox 331 2970 2948 3049; baseline -0.001 -18"><span class='ocrx_word' id='word_1_334' title='bbox 331 2973 613 3031; x_wconf 85' lang='lat' dir='ltr'>distincte</span> <span class='ocrx_word' id='word_1_335' title='bbox 690 2974 875 3049; x_wconf 87' lang='lat' dir='ltr'>loqui,</span> <span class='ocrx_word' id='word_1_336' title='bbox 927 2975 1026 3032; x_wconf 85' lang='lat' dir='ltr'>vix</span> <span class='ocrx_word' id='word_1_337' title='bbox 1104 2993 1166 3035; x_wconf 92' lang='lat' dir='ltr'>se</span> <span class='ocrx_word' id='word_1_338' title='bbox 1198 2993 1434 3036; x_wconf 84' lang='lat' dir='ltr'>movere</span> <span class='ocrx_word' id='word_1_339' title='bbox 1464 2976 1607 3035; x_wconf 87' lang='lat' dir='ltr'>abs·</span> <span class='ocrx_word' id='word_1_340' title='bbox 1668 2973 1984 3032; x_wconf 89' lang='lat' dir='ltr'>Canisio</span> <span class='ocrx_word' id='word_1_341' title='bbox 2034 2974 2174 3031; x_wconf 82' lang='lat' dir='ltr'>Ant.</span> <span class='ocrx_word' id='word_1_342' title='bbox 2227 2973 2358 3034; x_wconf 84' lang='lat' dir='ltr'>lect.</span> <span class='ocrx_word' id='word_1_343' title='bbox 2408 2971 2455 3042; x_wconf 86' lang='lat'>1,</span> <span class='ocrx_word' id='word_1_344' title='bbox 2512 2980 2634 3035; x_wconf 78' lang='lat'>429</span> <span class='ocrx_word' id='word_1_345' title='bbox 2689 2989 2797 3041; x_wconf 90' lang='lat' dir='ltr'>ss.;</span> <span class='ocrx_word' id='word_1_346' title='bbox 2858 2970 2948 3028; x_wconf 90' lang='lat' dir='ltr'>ed.</span> 
     </span>
     <span class='ocr_line' id='line_1_32' title="bbox 329 3058 2946 3140; baseline -0.002 -20"><span class='ocrx_word' id='word_1_347' title='bbox 329 3080 448 3137; x_wconf 89' lang='lat' dir='ltr'>que</span> <span class='ocrx_word' id='word_1_348' title='bbox 507 3062 761 3120; x_wconf 87' lang='lat' dir='ltr'>aliorum</span> <span class='ocrx_word' id='word_1_349' title='bbox 823 3063 1063 3134; x_wconf 85' lang='lat' dir='ltr'>auxilio,</span> <span class='ocrx_word' id='word_1_350' title='bbox 1114 3068 1176 3123; x_wconf 91' lang='lat' dir='ltr'>et</span> <span class='ocrx_word' id='word_1_351' title='bbox 1219 3084 1329 3140; x_wconf 87' lang='lat' dir='ltr'>ope</span> <span class='ocrx_word' id='word_1_352' title='bbox 1374 3065 1433 3126; x_wconf 90' lang='lat' dir='ltr'>b.</span> <span class='ocrx_word' id='word_1_353' title='bbox 1484 3065 1609 3124; x_wconf 82' lang='lat' dir='ltr'>Ma·</span> <span class='ocrx_word' id='word_1_354' title='bbox 1665 3080 1857 3121; x_wconf 87' lang='lat' dir='ltr'>novae</span> <span class='ocrx_word' id='word_1_355' title='bbox 1888 3062 1993 3132; x_wconf 87' lang='lat'>111,</span> <span class='ocrx_word' id='word_1_356' title='bbox 2036 3074 2087 3124; x_wconf 88' lang='lat'>1.</span> <span class='ocrx_word' id='word_1_357' title='bbox 2131 3072 2241 3124; x_wconf 78' lang='lat'>191</span> <span class='ocrx_word' id='word_1_358' title='bbox 2284 3079 2360 3123; x_wconf 90' lang='lat' dir='ltr'>ss.</span> <span class='ocrx_word' id='word_1_359' title='bbox 2394 3058 2808 3120; x_wconf 84' lang='lat' dir='ltr'>Controversia</span> <span class='ocrx_word' id='word_1_360' title='bbox 2838 3070 2946 3130; x_wconf 80' lang='lat' dir='ltr'>est,</span> 
     </span>
     <span class='ocr_line' id='line_1_33' title="bbox 329 3148 2952 3227; baseline -0 -19"><span class='ocrx_word' id='word_1_361' title='bbox 329 3150 454 3209; x_wconf 87' lang='lat' dir='ltr'>riae</span> <span class='ocrx_word' id='word_1_362' title='bbox 477 3150 542 3209; x_wconf 89' lang='lat' dir='ltr'>V.</span> <span class='ocrx_word' id='word_1_363' title='bbox 560 3150 650 3209; x_wconf 88' lang='lat' dir='ltr'>ita</span> <span class='ocrx_word' id='word_1_364' title='bbox 678 3151 743 3210; x_wconf 91' lang='lat' dir='ltr'>in</span> <span class='ocrx_word' id='word_1_365' title='bbox 774 3151 994 3211; x_wconf 89' lang='lat' dir='ltr'>studiis</span> <span class='ocrx_word' id='word_1_366' title='bbox 1027 3154 1292 3226; x_wconf 84' lang='lat' dir='ltr'>profecit.</span> <span class='ocrx_word' id='word_1_367' title='bbox 1327 3158 1399 3212; x_wconf 89' lang='lat' dir='ltr'>ut</span> <span class='ocrx_word' id='word_1_368' title='bbox 1429 3154 1611 3213; x_wconf 76' lang='lat' dir='ltr'>{uerit</span> <span class='ocrx_word' id='word_1_369' title='bbox 1666 3168 1955 3227; x_wconf 88' lang='lat' dir='ltr'>quaenam</span> <span class='ocrx_word' id='word_1_370' title='bbox 1974 3170 2043 3209; x_wconf 85' lang='lat' dir='ltr'>ex</span> <span class='ocrx_word' id='word_1_371' title='bbox 2059 3151 2155 3210; x_wconf 90' lang='lat' dir='ltr'>his</span> <span class='ocrx_word' id='word_1_372' title='bbox 2186 3151 2267 3210; x_wconf 91' lang='lat' dir='ltr'>sit</span> <span class='ocrx_word' id='word_1_373' title='bbox 2282 3149 2607 3227; x_wconf 88' lang='lat' dir='ltr'>originalis,</span> <span class='ocrx_word' id='word_1_374' title='bbox 2638 3168 2784 3207; x_wconf 91' lang='lat' dir='ltr'>num</span> <span class='ocrx_word' id='word_1_375' title='bbox 2799 3148 2952 3207; x_wconf 87' lang='lat' dir='ltr'>dnae</span> 
     </span>
     <span class='ocr_line' id='line_1_34' title="bbox 331 3238 2946 3315; baseline -0.001 -17"><span class='ocrx_word' id='word_1_376' title='bbox 331 3242 506 3315; x_wconf 76' lang='lat' dir='ltr'>poeta</span> <span class='ocrx_word' id='word_1_377' title='bbox 554 3240 841 3315; x_wconf 88' lang='lat' dir='ltr'>temporis</span> <span class='ocrx_word' id='word_1_378' title='bbox 884 3241 979 3300; x_wconf 89' lang='lat' dir='ltr'>sui</span> <span class='ocrx_word' id='word_1_379' title='bbox 1022 3242 1231 3313; x_wconf 77' lang='lat' dir='ltr'>clama,</span> <span class='ocrx_word' id='word_1_380' title='bbox 1284 3243 1609 3302; x_wconf 87' lang='lat' dir='ltr'>historicus</span> <span class='ocrx_word' id='word_1_381' title='bbox 1666 3239 1764 3298; x_wconf 86' lang='lat' dir='ltr'>vel</span> <span class='ocrx_word' id='word_1_382' title='bbox 1785 3258 1985 3298; x_wconf 86' lang='lat' dir='ltr'>omnes</span> <span class='ocrx_word' id='word_1_383' title='bbox 2004 3259 2098 3299; x_wconf 90' lang='lat' dir='ltr'>res</span> <span class='ocrx_word' id='word_1_384' title='bbox 2118 3240 2447 3299; x_wconf 89' lang='lat' dir='ltr'>debeantur</span> <span class='ocrx_word' id='word_1_385' title='bbox 2464 3242 2669 3297; x_wconf 88' lang='lat' dir='ltr'>nostro</span> <span class='ocrx_word' id='word_1_386' title='bbox 2701 3238 2946 3303; x_wconf 80' lang='lat' dir='ltr'>auctori,</span> 
     </span>
     <span class='ocr_line' id='line_1_35' title="bbox 331 3320 2947 3409; baseline -0 -23"><span class='ocrx_word' id='word_1_387' title='bbox 331 3329 640 3399; x_wconf 87' lang='lat' dir='ltr'>excellens,</span> <span class='ocrx_word' id='word_1_388' title='bbox 704 3329 970 3388; x_wconf 89' lang='lat' dir='ltr'>musicus</span> <span class='ocrx_word' id='word_1_389' title='bbox 1019 3331 1298 3409; x_wconf 86' lang='lat' dir='ltr'>insignis,</span> <span class='ocrx_word' id='word_1_390' title='bbox 1348 3332 1605 3408; x_wconf 88' lang='lat' dir='ltr'>philoso·</span> <span class='ocrx_word' id='word_1_391' title='bbox 1666 3329 1829 3403; x_wconf 89' lang='lat' dir='ltr'>quod</span> <span class='ocrx_word' id='word_1_392' title='bbox 1872 3329 2126 3387; x_wconf 87' lang='lat' dir='ltr'>alterum</span> <span class='ocrx_word' id='word_1_393' title='bbox 2179 3348 2300 3388; x_wconf 92' lang='lat' dir='ltr'>non</span> <span class='ocrx_word' id='word_1_394' title='bbox 2346 3331 2437 3388; x_wconf 88' lang='lat' dir='ltr'>est</span> <span class='ocrx_word' id='word_1_395' title='bbox 2479 3320 2947 3406; x_wconf 78' lang='lat' dir='ltr'>improbabile2).</span> 
     </span>
     <span class='ocr_line' id='line_1_36' title="bbox 330 3416 2949 3496; baseline -0.001 -20"><span class='ocrx_word' id='word_1_396' title='bbox 330 3418 489 3493; x_wconf 89' lang='lat' dir='ltr'>phus</span> <span class='ocrx_word' id='word_1_397' title='bbox 520 3419 957 3494; x_wconf 90' lang='lat' dir='ltr'>theologusque</span> <span class='ocrx_word' id='word_1_398' title='bbox 995 3424 1305 3496; x_wconf 87' lang='lat' dir='ltr'>praestans</span> <span class='ocrx_word' id='word_1_399' title='bbox 1340 3424 1610 3480; x_wconf 87' lang='lat' dir='ltr'>versatus</span> <span class='ocrx_word' id='word_1_400' title='bbox 1667 3417 1943 3493; x_wconf 88' lang='lat' dir='ltr'>Optimae</span> <span class='ocrx_word' id='word_1_401' title='bbox 1995 3417 2287 3478; x_wconf 89' lang='lat' dir='ltr'>editiones</span> <span class='ocrx_word' id='word_1_402' title='bbox 2330 3419 2454 3494; x_wconf 86' lang='lat' dir='ltr'>jam</span> <span class='ocrx_word' id='word_1_403' title='bbox 2502 3419 2647 3476; x_wconf 90' lang='lat' dir='ltr'>sunt</span> <span class='ocrx_word' id='word_1_404' title='bbox 2690 3416 2949 3474; x_wconf 82' lang='lat' dir='ltr'>Ueser-</span> 
     </span>
     <span class='ocr_line' id='line_1_37' title="bbox 332 3504 2948 3586; baseline -0 -22"><span class='ocrx_word' id='word_1_405' title='bbox 332 3507 396 3565; x_wconf 92' lang='lat' dir='ltr'>in</span> <span class='ocrx_word' id='word_1_406' title='bbox 446 3525 492 3565; x_wconf 93' lang='lat' dir='ltr'>s.</span> <span class='ocrx_word' id='word_1_407' title='bbox 546 3507 851 3582; x_wconf 86' lang='lat' dir='ltr'>Scriptura</span> <span class='ocrx_word' id='word_1_408' title='bbox 900 3509 1298 3585; x_wconf 87' lang='lat' dir='ltr'>operibusque</span> <span class='ocrx_word' id='word_1_409' title='bbox 1347 3515 1607 3586; x_wconf 86' lang='lat' dir='ltr'>patrum,</span> <span class='ocrx_word' id='word_1_410' title='bbox 1664 3505 1925 3565; x_wconf 89' lang='lat' dir='ltr'>manni</span> <span class='ocrx_word' id='word_1_411' title='bbox 1958 3507 2020 3565; x_wconf 91' lang='lat' dir='ltr'>in</span> <span class='ocrx_word' id='word_1_412' title='bbox 2042 3507 2365 3566; x_wconf 91' lang='lat' dir='ltr'>Prodromo</span> <span class='ocrx_word' id='word_1_413' title='bbox 2389 3507 2581 3567; x_wconf 90' lang='lat' dir='ltr'>Germ.</span> <span class='ocrx_word' id='word_1_414' title='bbox 2604 3522 2800 3564; x_wconf 90' lang='lat' dir='ltr'>sacrae</span> <span class='ocrx_word' id='word_1_415' title='bbox 2820 3507 2862 3563; x_wconf 92' lang='lat' dir='ltr'>t.</span> <span class='ocrx_word' id='word_1_416' title='bbox 2883 3504 2948 3573; x_wconf 90' lang='lat' dir='ltr'>I.,</span> 
     </span>
     <span class='ocr_line' id='line_1_38' title="bbox 331 3593 2948 3676; baseline -0.002 -23"><span class='ocrx_word' id='word_1_417' title='bbox 331 3597 783 3655; x_wconf 88' lang='lat' dir='ltr'>mathematicus</span> <span class='ocrx_word' id='word_1_418' title='bbox 845 3597 1053 3657; x_wconf 89' lang='lat' dir='ltr'>doctus</span> <span class='ocrx_word' id='word_1_419' title='bbox 1116 3602 1178 3657; x_wconf 90' lang='lat' dir='ltr'>et</span> <span class='ocrx_word' id='word_1_420' title='bbox 1229 3597 1608 3676; x_wconf 88' lang='lat' dir='ltr'>ingeniosus:</span> <span class='ocrx_word' id='word_1_421' title='bbox 1664 3595 1803 3654; x_wconf 92' lang='lat' dir='ltr'>inde</span> <span class='ocrx_word' id='word_1_422' title='bbox 1824 3596 1885 3653; x_wconf 92' lang='lat' dir='ltr'>in</span> <span class='ocrx_word' id='word_1_423' title='bbox 1908 3595 2000 3653; x_wconf 79' lang='lat' dir='ltr'>Mi</span> <span class='ocrx_word' id='word_1_424' title='bbox 2012 3615 2145 3673; x_wconf 86' lang='lat' dir='ltr'>gne</span> <span class='ocrx_word' id='word_1_425' title='bbox 2173 3599 2217 3659; x_wconf 88' lang='lat' dir='ltr'>t.</span> <span class='ocrx_word' id='word_1_426' title='bbox 2238 3615 2286 3655; x_wconf 88' lang='lat' dir='ltr'>c.</span> <span class='ocrx_word' id='word_1_427' title='bbox 2311 3603 2649 3665; x_wconf 83' lang='lat'>55—2643</span> <span class='ocrx_word' id='word_1_428' title='bbox 2683 3593 2948 3652; x_wconf 85' lang='lat' dir='ltr'>Pertzii</span> 
     </span>
     <span class='ocr_line' id='line_1_39' title="bbox 332 3682 2950 3763; baseline 0 -22"><span class='ocrx_word' id='word_1_429' title='bbox 332 3702 467 3742; x_wconf 90' lang='lat' dir='ltr'>nam</span> <span class='ocrx_word' id='word_1_430' title='bbox 508 3685 613 3754; x_wconf 85' lang='lat' dir='ltr'>,in</span> <span class='ocrx_word' id='word_1_431' title='bbox 646 3685 999 3763; x_wconf 84' lang='lat' dir='ltr'>horologicis</span> <span class='ocrx_word' id='word_1_432' title='bbox 1031 3691 1092 3746; x_wconf 91' lang='lat' dir='ltr'>et</span> <span class='ocrx_word' id='word_1_433' title='bbox 1122 3688 1366 3746; x_wconf 89' lang='lat' dir='ltr'>musicis</span> <span class='ocrx_word' id='word_1_434' title='bbox 1396 3692 1459 3746; x_wconf 92' lang='lat' dir='ltr'>et</span> <span class='ocrx_word' id='word_1_435' title='bbox 1489 3706 1610 3747; x_wconf 88' lang='lat' dir='ltr'>me·</span> <span class='ocrx_word' id='word_1_436' title='bbox 1664 3684 1728 3743; x_wconf 92' lang='lat' dir='ltr'>in</span> <span class='ocrx_word' id='word_1_437' title='bbox 1784 3685 1910 3745; x_wconf 83' lang='lat' dir='ltr'>MG.</span> <span class='ocrx_word' id='word_1_438' title='bbox 1965 3684 2060 3743; x_wconf 89' lang='lat' dir='ltr'>SS.</span> <span class='ocrx_word' id='word_1_439' title='bbox 2110 3685 2172 3755; x_wconf 88' lang='lat' dir='ltr'>V,</span> <span class='ocrx_word' id='word_1_440' title='bbox 2228 3693 2566 3755; x_wconf 83' lang='lat'><strong>67—133;</strong></span> <span class='ocrx_word' id='word_1_441' title='bbox 2617 3682 2950 3760; x_wconf 80' lang='lat' dir='ltr'>germanice</span> 
     </span>
     <span class='ocr_line' id='line_1_40' title="bbox 335 3771 2949 3842; baseline -0.001 -12"><span class='ocrx_word' id='word_1_442' title='bbox 335 3772 590 3832; x_wconf 89' lang='lat' dir='ltr'>chanicis</span> <span class='ocrx_word' id='word_1_443' title='bbox 638 3774 1060 3835; x_wconf 88' lang='lat' dir='ltr'>instrumentis</span> <span class='ocrx_word' id='word_1_444' title='bbox 1111 3777 1263 3835; x_wconf 91' lang='lat' dir='ltr'>nulli</span> <span class='ocrx_word' id='word_1_445' title='bbox 1316 3795 1438 3835; x_wconf 93' lang='lat' dir='ltr'>non</span> <span class='ocrx_word' id='word_1_446' title='bbox 1484 3779 1611 3835; x_wconf 92' lang='lat' dir='ltr'>erat</span> <span class='ocrx_word' id='word_1_447' title='bbox 1666 3791 1907 3833; x_wconf 85' lang='lat' dir='ltr'>versum</span> <span class='ocrx_word' id='word_1_448' title='bbox 1939 3793 1972 3832; x_wconf 88' lang='lat' dir='ltr'>a</span> <span class='ocrx_word' id='word_1_449' title='bbox 2004 3774 2074 3835; x_wconf 88' lang='lat' dir='ltr'>K.</span> <span class='ocrx_word' id='word_1_450' title='bbox 2106 3774 2363 3833; x_wconf 87' lang='lat' dir='ltr'>Notke</span> <span class='ocrx_word' id='word_1_451' title='bbox 2407 3782 2604 3842; x_wconf 72' lang='lat'>18513</span> <span class='ocrx_word' id='word_1_452' title='bbox 2660 3780 2823 3837; x_wconf 81' lang='lat'>1883</span> <span class='ocrx_word' id='word_1_453' title='bbox 2858 3771 2949 3830; x_wconf 91' lang='lat' dir='ltr'>ed.</span> 
     </span>
     <span class='ocr_line' id='line_1_41' title="bbox 334 3861 2948 3941; baseline 0.001 -21"><span class='ocrx_word' id='word_1_454' title='bbox 334 3879 439 3936; x_wconf 86' lang='lat' dir='ltr'>par</span> <span class='ocrx_word' id='word_1_455' title='bbox 467 3863 952 3937; x_wconf 73' lang='lat' dir='ltr'>componendis,‘</span> <span class='ocrx_word' id='word_1_456' title='bbox 1005 3864 1207 3941; x_wconf 90' lang='lat' dir='ltr'>inquit</span> <span class='ocrx_word' id='word_1_457' title='bbox 1255 3866 1385 3941; x_wconf 88' lang='lat' dir='ltr'>ejus</span> <span class='ocrx_word' id='word_1_458' title='bbox 1431 3865 1609 3924; x_wconf 87' lang='lat' dir='ltr'>disci·</span> <span class='ocrx_word' id='word_1_459' title='bbox 1671 3871 1724 3923; x_wconf 84' lang='grc'>2.</span> <span class='ocrx_word' id='word_1_460' title='bbox 1792 3863 1987 3921; x_wconf 87' lang='lat' dir='ltr'>revisa</span> <span class='ocrx_word' id='word_1_461' title='bbox 2046 3883 2081 3921; x_wconf 90' lang='lat' dir='ltr'>a</span> <span class='ocrx_word' id='word_1_462' title='bbox 2143 3863 2231 3925; x_wconf 88' lang='lat' dir='ltr'>W.</span> <span class='ocrx_word' id='word_1_463' title='bbox 2282 3861 2810 3923; x_wconf 79' lang='lat' dir='ltr'>wattenbach.</span> <span class='ocrx_word' id='word_1_464' title='bbox 2860 3894 2948 3905; x_wconf 93' lang='grc'>--</span> 
     </span>
     <span class='ocr_line' id='line_1_42' title="bbox 333 3949 2949 4032; baseline -0 -24"><span class='ocrx_word' id='word_1_465' title='bbox 333 3950 529 4025; x_wconf 88' lang='lat' dir='ltr'>pulus.</span> <span class='ocrx_word' id='word_1_466' title='bbox 590 3953 767 4011; x_wconf 84' lang='lat' dir='ltr'>Brevi</span> <span class='ocrx_word' id='word_1_467' title='bbox 811 3957 1081 4028; x_wconf 88' lang='lat' dir='ltr'>tempore</span> <span class='ocrx_word' id='word_1_468' title='bbox 1125 3954 1395 4030; x_wconf 88' lang='lat' dir='ltr'>linguam</span> <span class='ocrx_word' id='word_1_469' title='bbox 1440 3973 1608 4032; x_wconf 87' lang='lat' dir='ltr'>grae-</span> <span class='ocrx_word' id='word_1_470' title='bbox 1664 3951 1844 4027; x_wconf 87' lang='lat' dir='ltr'>Apud</span> <span class='ocrx_word' id='word_1_471' title='bbox 1880 3951 2115 4028; x_wconf 84' lang='lat' dir='ltr'>Migne</span> <span class='ocrx_word' id='word_1_472' title='bbox 2148 3972 2206 4027; x_wconf 89' lang='lat' dir='ltr'>p.</span> <span class='ocrx_word' id='word_1_473' title='bbox 2232 3950 2654 4015; x_wconf 85' lang='lat' dir='ltr'>379-458alia</span> <span class='ocrx_word' id='word_1_474' title='bbox 2682 3949 2949 4026; x_wconf 87' lang='lat' dir='ltr'>ejusdem</span> 
     </span>
     <span class='ocr_line' id='line_1_43' title="bbox 332 4040 2949 4118; baseline -0.001 -20"><span class='ocrx_word' id='word_1_475' title='bbox 332 4058 456 4098; x_wconf 84' lang='lat' dir='ltr'>cam</span> <span class='ocrx_word' id='word_1_476' title='bbox 489 4040 901 4117; x_wconf 88' lang='lat' dir='ltr'>arabicamque</span> <span class='ocrx_word' id='word_1_477' title='bbox 921 4042 1004 4100; x_wconf 90' lang='lat' dir='ltr'>ita</span> <span class='ocrx_word' id='word_1_478' title='bbox 1022 4043 1280 4118; x_wconf 85' lang='lat' dir='ltr'>perfecte</span> <span class='ocrx_word' id='word_1_479' title='bbox 1307 4043 1608 4112; x_wconf 86' lang='lat' dir='ltr'>addidicit,</span> <span class='ocrx_word' id='word_1_480' title='bbox 1666 4040 1959 4115; x_wconf 87' lang='lat' dir='ltr'>opuscula</span> <span class='ocrx_word' id='word_1_481' title='bbox 2004 4040 2411 4110; x_wconf 88' lang='lat' dir='ltr'>astronomica,</span> <span class='ocrx_word' id='word_1_482' title='bbox 2459 4041 2685 4099; x_wconf 90' lang='lat' dir='ltr'>musica</span> <span class='ocrx_word' id='word_1_483' title='bbox 2715 4043 2823 4101; x_wconf 90' lang='lat' dir='ltr'>etc.</span> <span class='ocrx_word' id='word_1_484' title='bbox 2856 4057 2949 4096; x_wconf 89' lang='lat' dir='ltr'>re-</span> 
     </span>
     <span class='ocr_line' id='line_1_44' title="bbox 310 4127 2949 4205; baseline -0.002 -15"><span class='ocrx_word' id='word_1_485' title='bbox 310 4132 401 4190; x_wconf 12' lang='lat' dir='ltr'>iut</span> <span class='ocrx_word' id='word_1_486' title='bbox 419 4130 753 4205; x_wconf 88' lang='lat' dir='ltr'>quamlibet</span> <span class='ocrx_word' id='word_1_487' title='bbox 777 4149 980 4188; x_wconf 90' lang='lat' dir='ltr'>earum</span> <span class='ocrx_word' id='word_1_488' title='bbox 1010 4132 1201 4190; x_wconf 76' lang='lat' dir='ltr'>veluti</span> <span class='ocrx_word' id='word_1_489' title='bbox 1235 4133 1607 4192; x_wconf 86' lang='lat' dir='ltr'>vernaculam</span> <span class='ocrx_word' id='word_1_490' title='bbox 1667 4129 1880 4203; x_wconf 87' lang='lat' dir='ltr'>peries.</span> <span class='ocrx_word' id='word_1_491' title='bbox 1941 4130 2142 4204; x_wconf 88' lang='lat' dir='ltr'>Ipsius</span> <span class='ocrx_word' id='word_1_492' title='bbox 2173 4148 2304 4189; x_wconf 87' lang='lat' dir='ltr'>esse</span> <span class='ocrx_word' id='word_1_493' title='bbox 2349 4131 2550 4188; x_wconf 84' lang='lat' dir='ltr'>ferunt</span> <span class='ocrx_word' id='word_1_494' title='bbox 2593 4127 2949 4203; x_wconf 88' lang='lat' dir='ltr'>antiphonae</span> 
     </span>
     <span class='ocr_line' id='line_1_45' title="bbox 328 4216 2949 4297; baseline -0.001 -21"><span class='ocrx_word' id='word_1_495' title='bbox 328 4218 765 4293; x_wconf 86' lang='lat' dir='ltr'>pronunciaret.</span> <span class='ocrx_word' id='word_1_496' title='bbox 827 4219 1024 4278; x_wconf 86' lang='lat' dir='ltr'>Vitam</span> <span class='ocrx_word' id='word_1_497' title='bbox 1054 4222 1442 4279; x_wconf 88' lang='lat' dir='ltr'>monasticam</span> <span class='ocrx_word' id='word_1_498' title='bbox 1472 4239 1609 4297; x_wconf 92' lang='lat' dir='ltr'>pro-</span> <span class='ocrx_word' id='word_1_499' title='bbox 1666 4219 1927 4277; x_wconf 88' lang='lat' dir='ltr'>celebres</span> <span class='ocrx_word' id='word_1_500' title='bbox 1967 4218 2155 4285; x_wconf 88' lang='lat' dir='ltr'>,Veni</span> <span class='ocrx_word' id='word_1_501' title='bbox 2178 4237 2222 4281; x_wconf 92' lang='lat' dir='ltr'>s.</span> <span class='ocrx_word' id='word_1_502' title='bbox 2244 4219 2519 4294; x_wconf 78' lang='lat' dir='ltr'>Spiritus„</span> <span class='ocrx_word' id='word_1_503' title='bbox 2542 4227 2569 4255; x_wconf 67' lang='lat'>⁴&lt;</span> <span class='ocrx_word' id='word_1_504' title='bbox 2607 4218 2818 4286; x_wconf 84' lang='lat' dir='ltr'>,Salve</span> <span class='ocrx_word' id='word_1_505' title='bbox 2839 4216 2949 4274; x_wconf 84' lang='lat' dir='ltr'>Re-</span> 
     </span>
    </p>
   </div>
   <div class='ocr_carea' id='block_1_3' title="bbox 328 4306 2947 4406">
    <p class='ocr_par' dir='ltr' id='par_1_4' title="bbox 328 4306 2947 4406">
     <span class='ocr_line' id='line_1_46' title="bbox 328 4306 2947 4406; baseline 0.007 -42"><span class='ocrx_word' id='word_1_506' title='bbox 328 4306 521 4366; x_wconf 86' lang='lat' dir='ltr'>fessus</span> <span class='ocrx_word' id='word_1_507' title='bbox 543 4311 636 4366; x_wconf 91' lang='lat' dir='ltr'>est</span> <span class='ocrx_word' id='word_1_508' title='bbox 666 4308 731 4366; x_wconf 89' lang='lat' dir='ltr'>in</span> <span class='ocrx_word' id='word_1_509' title='bbox 751 4309 1108 4368; x_wconf 88' lang='lat' dir='ltr'>monasterio</span> <span class='ocrx_word' id='word_1_510' title='bbox 1129 4312 1359 4387; x_wconf 84' lang='lat' dir='ltr'>Augiae</span> <span class='ocrx_word' id='word_1_511' title='bbox 1378 4310 1607 4378; x_wconf 87' lang='lat' dir='ltr'>divitis,</span> <span class='ocrx_word' id='word_1_512' title='bbox 1744 4339 1782 4405; x_wconf 75' lang='lat'>¹)</span> <span class='ocrx_word' id='word_1_513' title='bbox 1794 4335 1877 4389; x_wconf 54' lang='grc' dir='ltr'>(χ,</span> <span class='ocrx_word' id='word_1_514' title='bbox 1891 4335 1986 4387; x_wconf 67' lang='lat' dir='ltr'>Ha</span> <span class='ocrx_word' id='word_1_515' title='bbox 1998 4353 2036 4388; x_wconf 72' lang='lat' dir='ltr'><strong>n</strong></span> <span class='ocrx_word' id='word_1_516' title='bbox 2050 4353 2075 4388; x_wconf 73' lang='lat' dir='ltr'>g</span> <span class='ocrx_word' id='word_1_517' title='bbox 2077 4336 2102 4406; x_wconf 82' lang='lat' dir='ltr'>j</span> <span class='ocrx_word' id='word_1_518' title='bbox 2114 4351 2148 4388; x_wconf 66' lang='lat' dir='ltr'>a</span> <span class='ocrx_word' id='word_1_519' title='bbox 2161 4334 2199 4387; x_wconf 78' lang='lat' dir='ltr'><strong>k</strong></span> <span class='ocrx_word' id='word_1_520' title='bbox 2214 4350 2247 4388; x_wconf 85' lang='lat'>0</span> <span class='ocrx_word' id='word_1_521' title='bbox 2262 4335 2296 4388; x_wconf 76' lang='lat' dir='ltr'>b</span> <span class='ocrx_word' id='word_1_522' title='bbox 2307 4332 2596 4387; x_wconf 72' lang='lat' dir='ltr'>Hermann</span> <span class='ocrx_word' id='word_1_523' title='bbox 2609 4330 2709 4386; x_wconf 83' lang='lat' dir='ltr'>der</span> <span class='ocrx_word' id='word_1_524' title='bbox 2720 4330 2947 4385; x_wconf 86' lang='lat' dir='ltr'>Lahme.</span> 
     </span>
    </p>
   </div>
   <div class='ocr_carea' id='block_1_4' title="bbox 328 4396 2949 4833">
    <p class='ocr_par' dir='ltr' id='par_1_5' title="bbox 328 4396 2949 4833">
     <span class='ocr_line' id='line_1_47' title="bbox 329 4396 2949 4474; baseline 0 -19"><span class='ocrx_word' id='word_1_525' title='bbox 329 4396 490 4472; x_wconf 90' lang='lat' dir='ltr'>quod</span> <span class='ocrx_word' id='word_1_526' title='bbox 536 4396 762 4456; x_wconf 88' lang='lat' dir='ltr'>virtute</span> <span class='ocrx_word' id='word_1_527' title='bbox 793 4400 856 4456; x_wconf 76' lang='lat' dir='ltr'>et</span> <span class='ocrx_word' id='word_1_528' title='bbox 892 4398 1227 4458; x_wconf 88' lang='lat' dir='ltr'>eruditione</span> <span class='ocrx_word' id='word_1_529' title='bbox 1275 4417 1383 4457; x_wconf 86' lang='lat' dir='ltr'>sua</span> <span class='ocrx_word' id='word_1_530' title='bbox 1429 4418 1605 4474; x_wconf 87' lang='lat' dir='ltr'>quam</span> <span class='ocrx_word' id='word_1_531' title='bbox 1666 4404 1801 4461; x_wconf 87' lang='lat' dir='ltr'>Sein</span> <span class='ocrx_word' id='word_1_532' title='bbox 1862 4405 2051 4460; x_wconf 89' lang='lat' dir='ltr'>Leben</span> <span class='ocrx_word' id='word_1_533' title='bbox 2114 4405 2234 4460; x_wconf 88' lang='lat' dir='ltr'>und</span> <span class='ocrx_word' id='word_1_534' title='bbox 2298 4405 2452 4458; x_wconf 87' lang='lat' dir='ltr'>seine</span> <span class='ocrx_word' id='word_1_535' title='bbox 2515 4403 2949 4466; x_wconf 82' lang='lat' dir='ltr'>wissenschaft,</span> 
     </span>
     <span class='ocr_line' id='line_1_48' title="bbox 328 4473 2949 4546; baseline -0.001 -17"><span class='ocrx_word' id='word_1_536' title='bbox 328 4485 582 4545; x_wconf 66' lang='lat' dir='ltr'>maxime</span> <span class='ocrx_word' id='word_1_537' title='bbox 631 4485 975 4546; x_wconf 61' lang='lat' dir='ltr'>illustravit,</span> <span class='ocrx_word' id='word_1_538' title='bbox 1046 4488 1343 4546; x_wconf 64' lang='lat' dir='ltr'>Plurimos</span> <span class='ocrx_word' id='word_1_539' title='bbox 1398 4487 1610 4546; x_wconf 63' lang='lat' dir='ltr'>habuit</span> <span class='ocrx_word' id='word_1_540' title='bbox 1666 4476 1858 4531; x_wconf 85' lang='lat' dir='ltr'>Mainz</span> <span class='ocrx_word' id='word_1_541' title='bbox 1890 4480 2055 4538; x_wconf 85' lang='lat'>1875;</span> <span class='ocrx_word' id='word_1_542' title='bbox 2082 4476 2426 4531; x_wconf 86' lang='lat' dir='ltr'>Potthast</span> <span class='ocrx_word' id='word_1_543' title='bbox 2452 4479 2586 4532; x_wconf 82' lang='lat'>587:</span> <span class='ocrx_word' id='word_1_544' title='bbox 2615 4473 2949 4529; x_wconf 87' lang='lat' dir='ltr'>Schroedl</span> 
     </span>
     <span class='ocr_line' id='line_1_49' title="bbox 328 4544 2948 4653; baseline 0.001 -21"><span class='ocrx_word' id='word_1_545' title='bbox 328 4573 655 4651; x_wconf 88' lang='lat' dir='ltr'>discipulos</span> <span class='ocrx_word' id='word_1_546' title='bbox 679 4593 898 4652; x_wconf 89' lang='lat' dir='ltr'>eosque</span> <span class='ocrx_word' id='word_1_547' title='bbox 930 4576 1105 4652; x_wconf 89' lang='lat' dir='ltr'>plane</span> <span class='ocrx_word' id='word_1_548' title='bbox 1136 4576 1422 4653; x_wconf 76' lang='lat' dir='ltr'>insigneS,</span> <span class='ocrx_word' id='word_1_549' title='bbox 1456 4595 1608 4652; x_wconf 89' lang='lat' dir='ltr'>quos</span> <span class='ocrx_word' id='word_1_550' title='bbox 1665 4548 1781 4642; x_wconf 51' lang='grc' dir='ltr'>ΚΡ·</span> <span class='ocrx_word' id='word_1_551' title='bbox 1807 4548 1876 4614; x_wconf 74' lang='lat' dir='ltr'>V’</span> <span class='ocrx_word' id='word_1_552' title='bbox 1909 4554 2042 4606; x_wconf 72' lang='lat'>¹8⁰7</span> <span class='ocrx_word' id='word_1_553' title='bbox 2070 4567 2146 4609; x_wconf 72' lang='lat'>⁸⁶³</span> <span class='ocrx_word' id='word_1_554' title='bbox 2197 4547 2499 4601; x_wconf 58' lang='lat' dir='ltr'>watten</span> <span class='ocrx_word' id='word_1_555' title='bbox 2520 4547 2649 4600; x_wconf 62' lang='lat' dir='ltr'>bac</span> <span class='ocrx_word' id='word_1_556' title='bbox 2667 4546 2703 4599; x_wconf 73' lang='lat' dir='ltr'><strong>h</strong></span> <span class='ocrx_word' id='word_1_557' title='bbox 2732 4546 2826 4610; x_wconf 53' lang='grc' dir='ltr'>[μ’</span> <span class='ocrx_word' id='word_1_558' title='bbox 2855 4544 2948 4609; x_wconf 65' lang='lat' dir='ltr'>IV’</span> 
     </span>
     <span class='ocr_line' id='line_1_50' title="bbox 330 4629 2949 4774; baseline 0.001 -34"><span class='ocrx_word' id='word_1_559' title='bbox 330 4664 395 4722; x_wconf 70' lang='lat' dir='ltr'>in</span> <span class='ocrx_word' id='word_1_560' title='bbox 425 4663 619 4723; x_wconf 59' lang='lat' dir='ltr'>literis</span> <span class='ocrx_word' id='word_1_561' title='bbox 651 4665 888 4741; x_wconf 64' lang='lat' dir='ltr'>egregie</span> <span class='ocrx_word' id='word_1_562' title='bbox 909 4665 1090 4741; x_wconf 60' lang='lat' dir='ltr'>jUVit·</span> <span class='ocrx_word' id='word_1_563' title='bbox 1136 4665 1243 4724; x_wconf 71' lang='lat' dir='ltr'>Vir</span> <span class='ocrx_word' id='word_1_564' title='bbox 1263 4668 1389 4724; x_wconf 58' lang='lat' dir='ltr'>erat</span> <span class='ocrx_word' id='word_1_565' title='bbox 1407 4666 1608 4725; x_wconf 64' lang='lat' dir='ltr'><strong>admo·</strong></span> <span class='ocrx_word' id='word_1_566' title='bbox 1665 4629 1692 4688; x_wconf 60' lang='grc' dir='ltr'>ἓ</span> <span class='ocrx_word' id='word_1_567' title='bbox 1720 4644 1781 4774; x_wconf 47' lang='grc' dir='ltr'>θ’.)</span> <span class='ocrx_word' id='word_1_568' title='bbox 1809 4690 1892 4745; x_wconf 82' lang='lat' dir='ltr'>Cf.</span> <span class='ocrx_word' id='word_1_569' title='bbox 1941 4693 2176 4747; x_wconf 75' lang='lat' dir='ltr'>Schfiz</span> <span class='ocrx_word' id='word_1_570' title='bbox 2227 4690 2289 4744; x_wconf 90' lang='lat' dir='ltr'>in</span> <span class='ocrx_word' id='word_1_571' title='bbox 2339 4691 2639 4745; x_wconf 87' lang='lat' dir='ltr'>comment.</span> <span class='ocrx_word' id='word_1_572' title='bbox 2704 4686 2829 4743; x_wconf 84' lang='lat' dir='ltr'>crit.</span> <span class='ocrx_word' id='word_1_573' title='bbox 2879 4688 2949 4742; x_wconf 88' lang='lat' dir='ltr'>de</span> 
     </span>
     <span class='ocr_line' id='line_1_51' title="bbox 331 4751 2443 4833; baseline 0.002 -22"><span class='ocrx_word' id='word_1_574' title='bbox 331 4751 476 4811; x_wconf 90' lang='lat' dir='ltr'>dum</span> <span class='ocrx_word' id='word_1_575' title='bbox 506 4752 780 4812; x_wconf 89' lang='lat' dir='ltr'>amabilis</span> <span class='ocrx_word' id='word_1_576' title='bbox 810 4758 871 4814; x_wconf 91' lang='lat' dir='ltr'>et</span> <span class='ocrx_word' id='word_1_577' title='bbox 902 4754 1171 4821; x_wconf 85' lang='lat' dir='ltr'>affabilis,</span> <span class='ocrx_word' id='word_1_578' title='bbox 1207 4754 1475 4832; x_wconf 85' lang='lat' dir='ltr'>religiosi</span> <span class='ocrx_word' id='word_1_579' title='bbox 1513 4756 1605 4814; x_wconf 87' lang='lat' dir='ltr'>lu·</span> <span class='ocrx_word' id='word_1_580' title='bbox 1664 4762 1895 4832; x_wconf 81' lang='lat' dir='ltr'>serrptis</span> <span class='ocrx_word' id='word_1_581' title='bbox 1922 4766 2027 4817; x_wconf 88' lang='lat' dir='ltr'>etc.</span> <span class='ocrx_word' id='word_1_582' title='bbox 2058 4782 2112 4833; x_wconf 90' lang='lat' dir='ltr'>p.</span> <span class='ocrx_word' id='word_1_583' title='bbox 2145 4768 2443 4818; x_wconf 79' lang='lat'>141-144,</span> 
     </span>
    </p>
   </div>
   <div class='ocr_carea' id='block_1_5' title="bbox 1664 4315 1982 4323">
    <p class='ocr_par' dir='ltr' id='par_1_6' title="bbox 1664 4315 1982 4323">
     <span class='ocr_line' id='line_1_52' title="bbox 1664 4315 1982 4323; baseline 0 838"><span class='ocrx_word' id='word_1_584' title='bbox 1664 4315 1982 4323; x_wconf 95' lang='lat' dir='ltr'> </span> 
     </span>
    </p>
   </div>
  </div>
 </body>
</html>
