3505 5161
388 4789 453 4838 Ἃ

976 192 1342 247 1051-1073.
1368 188 1640 245 Historia.
1666 189 1972 253 Cedrenus,
2000 187 2388 252 Gotschalcus,
2418 187 2723 243 Ekkehard
2750 187 2843 242 IV.

632 209 795 262 1007
3055 208 3202 262 1008

624 377 783 454 gina,
801 385 827 414 “¹
869 379 931 435 et
964 375 1178 445 ,Alma
1208 375 1618 450 Redemptoris
1650 378 1899 434 mater.·¹
1959 376 2197 434 litzae
2219 376 2663 434 Protovestiarii
2682 376 2757 434 ad
2776 396 2824 434 a.
2843 394 3032 451 usque
3057 388 3203 441 1080

626 467 713 525 De
732 474 851 525 octo
882 467 1039 524 vitiis
1062 465 1515 539 principalibus,
1552 483 1787 524 carmen
1808 466 1900 523 in-
1957 464 2323 540 pertinentia
2335 460 2401 546 ¹).

623 557 932 632 geniosum
963 558 1025 614 et
1056 555 1266 613 sollers
1300 554 1372 611 ad
1405 554 1705 623 moniales,
1747 554 1901 612 utile

625 663 731 719 pro
781 644 1028 704 historia
1072 643 1339 702 culturae
1382 642 1548 701 illius
1594 643 1898 719 temporie,
2048 652 2195 707 565.
2226 644 2271 701 G
2292 661 2325 701 o
2343 647 2410 702 ts
2429 643 2748 702 chalcus
2779 647 3093 704 monachus
3122 647 3212 706 be·

623 734 713 793 ed.
745 732 1135 792 Diimmler
1178 732 1243 790 in
1290 731 1567 794 Zeitschr.
1600 730 1901 791 ffirdeut-
1957 732 2462 791 nedictoburanus
2539 728 2621 814 (fl.
2715 728 2904 815 1055)
2982 735 3215 811 reliquit

624 823 791 881 sches
824 822 1077 881 Alterth.
1108 821 1264 889 XIII,
1303 830 1686 890 385—4343
1722 823 1902 897 ep.de
1957 821 2330 879 Breviarium
2391 821 2647 881 chronici
2709 822 3216 883 benedictoburani

623 930 862 987 corpore
908 931 953 970 s.
1018 911 1255 969 Vioentii
1313 910 1546 969 diaconi
1595 909 1901 969 Valentino
1962 920 2350 974 740-1052
2400 911 2491 970 ed.
2539 930 2574 969 a
2618 911 3119 971 wattenbach
3160 915 3213 972 in

622 1001 963 1076 quiescente
994 1004 1056 1058 et
1087 1000 1159 1058 de
1191 1000 1469 1058 coenobio
1502 1000 1768 1075 ejusdem
1794 1018 1899 1058 no·
1959 1000 2085 1058 ΜΘ.
2119 999 2217 1059 SS.
2248 1000 2350 1070 IX,
2401 1009 2771 1069 221-224,
2821 1001 2929 1059 ubi
2966 1003 3136 1060 etiam
3166 1024 3217 1079 p.

621 1090 794 1148 minis
818 1086 881 1171 (i,
902 1108 951 1148 e.
971 1089 1315 1148 monasterii
1340 1107 1385 1151 s,
1408 1088 1572 1148 Vinc.
1594 1088 1667 1147 de
1687 1083 1901 1170 Corvo)
1962 1098 2308 1152 224-229
2358 1089 2582 1166 legitur
2626 1090 2954 1149 Translatio
2997 1110 3045 1154 s.
3072 1094 3217 1150 Ana-

621 1178 846 1238 ibidem
877 1181 1234 1247 consecrato,
1268 1178 1333 1236 in
1364 1178 1536 1236 Anal.
1561 1177 1703 1238 boll.
1734 1187 1898 1241 1883
1958 1178 2174 1236 etesiae
2222 1179 2506 1254 patriciae
2557 1179 2622 1237 in
2654 1182 2928 1256 Aegypto
2981 1175 3043 1262 (†
3075 1178 3216 1261 567)

622 1267 698 1339 11,
726 1276 1013 1331 244-246
1033 1287 1046 1336 ;
1070 1267 1550 1344 Martyroloyium
1571 1288 1605 1326 a
1623 1269 1900 1326 Diimm-
1958 1268 2021 1325 in
2072 1267 2498 1327 monasterium
2551 1268 3145 1328 benedictoboranum
3174 1289 3219 1328 a.

621 1358 737 1415 ler
782 1360 1107 1431 repertum,
1151 1357 1312 1432 quod
1354 1357 1576 1415 nititur
1605 1358 1898 1432 martyro·
1967 1366 2129 1420 1053
2164 1356 2369 1415 eodem
2402 1360 2660 1425 auctore,
2710 1357 2870 1433 quod
2908 1360 3029 1434 jam
3063 1358 3219 1417 Mei-

622 1446 779 1523 logio
827 1445 1093 1523 Notgeri,
1140 1444 1683 1521 additionibusque,
1732 1464 1900 1521 prae-

621 1535 829 1594 sertim
873 1554 941 1594 ex
975 1533 1199 1592 Adonis
1244 1536 1306 1592 et
1338 1534 1403 1596 R.
1435 1535 1625 1593 Mauri
1674 1539 1900 1611 marty-

621 1624 868 1701 rologiis
917 1623 1168 1694 haustis,
1218 1627 1311 1683 est
1356 1623 1614 1682 ditatum
1665 1628 1725 1682 et
1776 1644 1899 1681 atn-

623 1714 896 1789 pliatum.
948 1712 1298 1771 Additiones
1320 1715 1554 1771 tantum
1575 1711 1903 1772 Hermanni

621 1802 891 1880 proprias
925 1802 972 1860 D
991 1802 1313 1859 iimmler
1344 1801 1406 1860 in
1439 1820 1547 1861 sua
1578 1802 1721 1864 diss.
1782 1803 1900 1860 Das

622 1891 1113 1968 Martyrologium
1138 1890 1191 1949 N
1195 1890 1392 1949 otkers
1423 1890 1546 1949 und
1575 1891 1735 1950 seine
1757 1891 1903 1950 Ver-

622 1982 898 2039 wandten
959 1981 1024 2038 in
1086 1979 1316 2037 Forsch.
1393 1999 1498 2038 zur
1575 1980 1902 2039 deutschen

622 2070 826 2129 Gesch.
888 2078 1047 2133 1885
1098 2068 1267 2139 XXV,
1324 2078 1687 2140 208—378‚
1740 2070 1902 2146 typis

622 2159 803 2222 dedit.

716 2347 860 2401 564.
895 2336 1305 2396 InOriente
1325 2336 1614 2415 Georgius
1637 2336 1899 2395 Cedre-

621 2445 796 2498 nus,
847 2425 1101 2501 scriptor
1149 2426 1416 2502 alioquin
1449 2428 1713 2501 ignotuS,
1762 2446 1897 2501 pro-

622 2515 900 2576 babiliter
967 2515 1305 2588 monachus,
1384 2515 1730 2592 compilavit
1792 2516 1899 2592 Sy-

621 2606 835 2682 nopsin
887 2605 1288 2676 historiarum,
1341 2606 1465 2665 sive
1499 2605 1761 2664 Annales
1793 2623 1900 2664 seu

628 2696 946 2755 Chronicon
980 2694 1054 2753 ab
1086 2694 1150 2754 Ο.
1184 2713 1233 2759 c.
1264 2696 1336 2753 ad
1370 2715 1420 2754 a.
1462 2705 1626 2758 1057
1659 2712 1729 2753 ex
1763 2695 1898 2771 plu-

622 2784 791 2844 ribus
807 2783 1168 2855 auctoribuS,
1187 2784 1535 2859 praesertim
1555 2802 1623 2842 ex
1647 2784 1901 2860 Georgio

624 2874 894 2950 Syncello
945 2878 1007 2932 et
1052 2873 1305 2950 Georgio
1355 2873 1659 2944 monacho,
1708 2872 1897 2931 Theo-

622 2966 817 3038 phane
862 2967 1001 3033 etc.;
1051 2962 1125 3020 ab
1158 2982 1209 3025 a.
1244 2972 1358 3026 811
1403 2964 1764 3022 verbotenus
1798 2961 1897 3019 de-

622 3052 863 3127 scripsit
910 3050 1226 3111 chronicon
1274 3051 1367 3110 J0.
1417 3051 1725 3127 SkylitzeS.
1791 3051 1899 3109 Vix

621 3142 852 3216 aliquid
884 3141 956 3199 de
989 3159 1097 3199 suo
1129 3141 1346 3216 adjecit
1376 3141 1493 3200 nisi
1528 3141 1677 3200 forte
1707 3139 1900 3198 fabel-

624 3231 709 3289 las
728 3235 833 3289 aut
863 3248 1068 3289 recens
1104 3230 1220 3288 sibi
1254 3230 1531 3289 obtrusas
1563 3233 1669 3289 aut
1692 3231 1817 3305 jam
1838 3229 1898 3286 in

622 3319 1063 3394 antiquioribus
1079 3319 1252 3377 libris
1270 3320 1561 3391 inventas,
1586 3337 1731 3394 quas
1747 3318 1902 3377 bona

624 3408 736 3467 fide
786 3408 1115 3484 majorique
1164 3408 1518 3467 credulitate
1569 3427 1746 3484 quam
1798 3407 1898 3466 de-

623 3499 781 3556 lectu
834 3497 1182 3573 judicioque
1246 3496 1505 3566 admisit,
1574 3502 1755 3572 atque
1815 3495 1903 3555 ita

629 3605 895 3661 ,pannos
928 3587 1149 3646 laceros
1188 3586 1547 3655 sordidosve‚
1598 3588 1669 3644 ut
1699 3588 1903 3643 censet

623 3676 1012 3734 Graveson
1061 3695 1117 3750 p.
1180 3687 1229 3737 l.
1274 3677 1319 3732 t.
1367 3686 1403 3737 4
1452 3675 1583 3733 coll.
1632 3673 1681 3733 V
1726 3693 1782 3750 p.
1825 3694 1901 3733 m.

631 3775 749 3826 109
785 3765 1102 3841 purpureis
1136 3764 1632 3826 intermisceret«.
1678 3764 1761 3821 Eo
1783 3765 1899 3822 sal·

622 3863 743 3912 tem
763 3853 998 3924 meruit,
1032 3853 1191 3929 quod
1209 3853 1497 3928 quosdam
1526 3853 1905 3928 exscripserit

622 3946 910 4012 auctoreS,
958 3960 1214 4018 quorum
1260 3960 1437 4018 opera
1465 3942 1777 4018 perierunt
1807 3942 1903 4001 vel

620 4031 884 4090 nondum
936 4034 1080 4090 sunt
1129 4031 1306 4094 edita.
1367 4031 1597 4090 Prodiit
1640 4031 1902 4089 Basileae

630 4130 792 4183 1566
827 4139 961 4179 cum
993 4121 1263 4179 versione
1296 4120 1500 4189 latina,
1543 4119 1644 4179 sed
1678 4138 1799 4179 non
1832 4120 1901 4178 fl-

622 4209 741 4268 deli
761 4210 1089 4286 interprete
1112 4210 1175 4269 G.
1196 4207 1246 4268 X
1260 4229 1299 4285 y
1316 4210 1385 4268 la
1402 4228 1442 4267 n
1459 4209 1496 4267 d
1511 4229 1541 4267 r
1558 4228 1621 4268 o:
1656 4209 1900 4268 Parisiis

630 4308 791 4364 1647
830 4299 1073 4374 repletis
1124 4298 1331 4357 multis
1364 4303 1425 4357 et·
1455 4298 1635 4358 etiam
1666 4299 1898 4376 magnis

622 4386 870 4458 lacunis,
905 4388 1062 4446 inter
1093 4388 1220 4463 byz.
1254 4387 1388 4451 hist.
1428 4388 1661 4463 script.;
1708 4387 1899 4447 Vene-

621 4478 723 4536 tiis
778 4487 977 4547 17293
1029 4479 1267 4536 Bonnae
1320 4485 1504 4540 1838.
1561 4487 1727 4539 1839
1777 4496 1898 4536 cur.

625 4567 729 4623 lm.
762 4565 1091 4636 Bekker3
1125 4565 1190 4623 in
1221 4566 1478 4642 Migne
1513 4567 1572 4627 P.
1608 4566 1670 4624 G.
1692 4566 1896 4626 CXXI:

624 4654 845 4725 CXXII,
900 4663 1172 4726 1—-368‚
1223 4656 1330 4713 ubi
1364 4655 1771 4730 subjiciuntur
1803 4674 1897 4713 ex-

1958 1446 2331 1505 chelbeck
2385 1447 2460 1505 in
2524 1447 2724 1509 chron.
2792 1448 3218 1506 benedictobur.

1958 1556 2014 1611 p.
2049 1544 2308 1598 43—72
2338 1535 2757 1611 publicaverat.
2787 1570 2871 1589 -.-
2909 1536 3216 1596 Historiam

1960 1623 2302 1683 monasterii
2355 1642 2402 1689 s.
2453 1625 2606 1683 Galli
2656 1625 2734 1684 ab
2780 1646 2831 1684 a.
2886 1635 3209 1689 891-971

1959 1713 2269 1772 continuat
2319 1714 2384 1772 in
2429 1714 2657 1773 casibus
2698 1735 2746 1774 s.
2799 1714 2959 1774 Galli
3002 1716 3218 1773 Ekke·

1958 1801 2142 1860 hard
2192 1800 2276 1882 (n.
2324 1822 2371 1861 c.
2422 1799 2599 1885 980),
2634 1804 2833 1863 dictus
2880 1805 2978 1877 IV,
3040 1808 3109 1862 ut
3152 1804 3219 1862 ab

1958 1891 2094 1950 aliis
2156 1892 2652 1970 distingueretur,
2738 1894 2969 1952 celeber
3040 1898 3216 1971 poeta.

1957 1982 2268 2058 glossator,
2302 1981 2545 2040 criticus
2565 1987 2626 2041 et
2647 1983 2935 2053 musicus,
2968 1984 3218 2058 aliquan-

1957 2069 2065 2129 diu
2109 2069 2188 2148 (p.
2222 2090 2271 2128 a.
2324 2070 2515 2146 1031)
2563 2072 2957 2135 scholasticus
2988 2074 3216 2148 Mogun-

1956 2160 2092 2226 tiae,
2128 2177 2277 2235 opus
2303 2160 2463 2218 lectu
2478 2160 2816 2235 jucundum
2838 2165 3077 2238 propter
3094 2179 3215 2218 nar·

1957 2248 2125 2307 randi
2174 2249 2581 2326 pingendique
2631 2252 2818 2308 artem
2874 2254 2938 2309 et
2983 2250 3211 2309 nitorem

1956 2338 2366 2412 factorumque
2401 2338 2643 2413 copiam,
2682 2338 2913 2413 quibus
2943 2339 3206 2397 internam

1956 2427 2303 2485 monasterii
2330 2427 2517 2486 vitam
2549 2427 2623 2486 ad
2655 2428 2864 2487 vivum
2897 2444 3203 2505 repraesen-

1957 2519 2078 2574 tat:
2135 2516 2236 2573 sed
2284 2535 2479 2592 neque
2524 2535 2758 2594 semper
2801 2519 2952 2576 satis
2998 2513 3196 2575 histori-

1955 2625 2108 2675 cum,
2156 2624 2349 2682 neque
2381 2626 2415 2664 a
2447 2606 2710 2682 partium
2756 2608 2965 2666 studio
2997 2619 3193 2683 prorsus

1955 2695 2236 2763 alienum,
2254 2696 2554 2754 erroribus
2570 2695 2992 2756 intermixtum
3000 2698 3065 2775 2).
3079 2694 3195 2750 Pro·

1956 2783 2070 2842 diit
2113 2784 2272 2842 curis
2303 2784 2414 2842 Ild.
2459 2785 2532 2843 ab
2579 2786 2726 2843 Arx
2772 2786 2838 2844 in
2877 2787 3002 2845 MG.
3031 2783 3113 2843 SS.
3139 2779 3199 2846 ll,

1962 2883 2280 2942 74-147,
2325 2875 2764 2932 commentariis
2798 2875 3151 2934 illustratum
3177 2888 3204 2926 a

1957 2963 2022 3024 G.
2055 2962 2113 3019 M
2129 2982 2160 3020 e
2175 2983 2215 3039 y
2231 2981 2263 3021 e
2278 2981 2309 3019 r
2341 2981 2456 3021 von
2478 2964 2731 3021 Knonau
2750 2964 2815 3022 in
2838 2964 2926 3022 St.
2948 2960 3203 3022 Gallische

1959 3050 2549 3126 Geschichtsquellen
2578 3052 2758 3116 Abth.
2780 3051 2890 3111 111.
2925 3053 3007 3111 St.
3028 3049 3204 3110 Galles

1966 3150 2125 3203 1877
2177 3161 2233 3216 p.
2275 3150 2548 3212 1—450,
2602 3144 2664 3199 et
2707 3143 2960 3201 seorsim
3003 3141 3061 3198 in
3111 3146 3202 3202 12„

1957 3229 2162 3289 eodem
2225 3229 2551 3305 interprete
2607 3231 2953 3307 'germanice
3000 3225 3205 3303 Leipzig

1965 3327 2130 3382 1878
2211 3317 2370 3376 inter
2437 3319 3054 3379 Geschichtschreiber
3119 3315 3206 3372 der

1957 3406 2284 3466 deutschen
2331 3407 2564 3466 Vorzeit
2594 3408 2662 3466 X.
2694 3408 2905 3467 Jahrh.
2957 3411 3001 3466 l.
3032 3406 3112 3474 11;
3155 3401 3205 3460 ib

1967 3505 2121 3559 1891
2165 3500 2206 3557 t..
2241 3496 2554 3556 XXXVIII.
2600 3498 2689 3555 ed.
2729 3507 2783 3560 2.
2836 3530 2924 3542 -
2973 3497 3053 3555 Ex
3094 3493 3204 3566 ejus

1957 3585 2102 3644 libro
2134 3585 2583 3645 benedictionum
2612 3586 2850 3662 aliquot
2873 3581 3204 3645 benedictio-

1957 3692 2062 3733 nes
2095 3674 2169 3732 ad
2202 3693 2433 3734 mensas
2465 3675 2656 3734 edidit
2685 3675 2748 3733 F.
2781 3676 3048 3734 Keller
3087 3670 3204 3729 nit-

1957 3763 2121 3821 theil.
2173 3763 2277 3821 der
2330 3766 2514 3839 antiq.
2567 3766 2697 3823 Ges.
2746 3765 2812 3822 in
2863 3762 3081 3823 Ziirich
3115 3757 3202 3825 m,

1961 3861 2284 3921 97-121,
2349 3857 2410 3911 et
2469 3872 2685 3930 magna
2746 3872 2889 3913 eura
2946 3853 3001 3911 J.
3052 3843 3201 3923 Egli

1961 3942 2119 3999 Neue
2168 3941 2529 4019 Dichtunyen
2576 3939 2666 4018 (8)
2715 3960 2825 4000 aus
2876 3942 3006 4000 dem
3047 3936 3204 3997 Liber

1958 4029 2452 4090 Benedictionum
2493 4031 2839 4090 Ekkehards
2869 4031 2950 4088 IV
2980 4077 2994 4092 .
3025 4073 3039 4088 .
3068 4076 3081 4089 .
3109 4022 3203 4082 mit

1958 4119 2301 4178 Ekkehards
2351 4120 2619 4191 Glossen,
2671 4119 2756 4179 St.
2790 4120 2993 4178 Gallen
3044 4118 3200 4178 1898.

1958 4208 2038 4266 cf.
2088 4209 2477 4268 Diimmler
2538 4210 2603 4267 in
2654 4209 2844 4268 Ztsch.
2893 4208 2980 4267 ed.
3027 4202 3202 4274 Haupt

2033 4402 2074 4470 ¹)
2102 4397 2731 4453 Cf.Kru1nbacher
2757 4396 2950 4451 Gesch.
2978 4393 3071 4446 der
3096 4389 3198 4455 byz-

1957 4469 2065 4523 Lit.
2091 4490 2146 4539 p.
2174 4475 2278 4525 3158
2305 4489 2347 4522 s.
2387 4470 2472 4525 ed.
2501 4477 2564 4530 ’.ἐς
2622 4468 2974 4523 Potthast
3010 4464 3198 4532 p.21·.>:

1954 4541 2736 4609 Schuzl.c.p.121-123.

2031 4611 2180 4682 ²⁰)Cf.
2244 4615 2470 4680 praeter
2534 4611 2779 4679 Meyer
2839 4607 2895 4663 in
2959 4622 3052 4660 sua
3108 4596 3194 4652 ed·-

1955 4682 2223 4735 Greith
2277 4682 2389 4734 KL.
2447 4684 2536 4746 [v.
2588 4690 2693 4739 353
2743 4700 2817 4738 s.:
2881 4671 3195 4733 Potthast

631 4747 829 4816 cerpta
860 4761 927 4799 ex
948 4742 1251 4802 Breviario
1284 4744 1566 4802 historico
1597 4743 1689 4802 Jo.
1724 4743 1760 4800 S
1779 4745 1898 4819 ky·
1955 4773 2010 4822 p.
2036 4745 2170 4810 399:
2202 4753 2245 4805 B
2263 4771 2294 4806 a
2313 4771 2348 4806 u
2369 4773 2421 4808 m
2439 4775 2477 4824 g
2494 4771 2525 4807 a
2543 4772 2570 4806 1·
2588 4759 2608 4807 t
2627 4772 2665 4807 n
2682 4771 2756 4807 er
2785 4751 2873 4814 lv,
2898 4756 2996 4805 315
3022 4764 3084 4798 ss.
