3505 5161
483 222 604 279 327
1147 211 1448 264 401—431.
1473 204 1790 275 Theologia
1818 204 2090 274 practica..
2119 205 2433 269 Maruthas,
2525 252 2530 257 ,
2972 224 3102 279 323

479 413 628 469 quae
670 393 994 470 diligenter
1039 393 1392 469 descripsit..
1432 393 1662 452 Rursus
1708 413 1758 451 a.
1915 401 2053 456 179.
2085 392 2324 466 Reliqui
2355 394 2502 451 sunt
2526 390 2715 466 aliqui
2730 386 2799 472 ¹),
2842 410 3100 467 quorum

479 478 711 561 409110
766 483 1001 559 legatus
1062 500 1364 541 caesareus
1424 482 1502 541 ad
1562 482 1756 542 aulam
1796 478 2038 558 *scripta
2067 481 2142 541 ad
2173 480 2534 558 theologiam
2564 480 2766 556 potius
2796 483 3100 556 practi÷

476 573 790 631 Persarum
840 571 1008 630 venit
1062 572 1344 647 variaque
1393 572 1633 650 negotia
1694 570 1761 629 in
1815 589 1968 630 cam
1997 572 2272 647 spectant
2289 570 2387 631 vel
2415 587 2586 629 asce
2605 570 2839 633 ticam
2865 573 3106 645 praeter

475 661 698 719 bonum
718 659 1010 723 Ecclesiae
1032 659 1349 736 promovit,
1382 662 1542 720 unde
1576 659 1670 720 vei
1693 660 1759 719 in
1815 662 1910 721 tot
1938 659 2208 720 illustres
2239 659 2534 719 Ecclesiae
2572 658 2844 718 doctores
2890 663 2951 718 et
2997 679 3102 736 pa·

475 749 899 826 martyrologio
933 767 1180 808 romano
1216 760 1272 811 4.
1303 750 1438 813 Dec.
1470 750 1759 827 legimus:
1817 751 1955 819 tres,
1989 766 2139 824 quos
2171 749 2459 807 hactenus
2488 748 2884 811 laudavimus,
2935 748 3102 808 Inter

478 839 588 907 ,In
622 839 1043 913 Mesopotamia
1075 857 1119 897 s.
1153 840 1461 898 Mamthae
1494 857 1603 915 ep„
1653 838 1762 914 qui
1816 853 1916 896 eos
1950 840 2152 899 autem
2196 837 2421 897 eminet
2466 855 2511 897 s.
2556 836 2743 895 Nilu
2762 855 2789 895 s
2813 832 2865 918 2)
2912 838 3106 897 nobili

478 927 765 1004 collapsas
795 927 861 986 in
881 926 1083 986 Persia
1101 927 1210 999 Dei
1230 927 1505 987 ecclesias
1527 928 1603 987 ob
1623 947 1759 1003 per—
1816 927 1944 985 loco
1976 929 2175 997 natus,
2211 925 2437 1002 opibus,
2486 925 2842 1001 eloquentia,
2892 945 3096 990 mune-

478 1016 844 1075 secutionem
864 1015 1241 1093 Jezdegerdis
1263 1017 1421 1094 regis
1440 1016 1758 1093 reparavit,
1815 1015 1985 1074 ribus
2016 1015 2289 1086 illustris,
2329 1018 2458 1074 erat
2487 1015 2648 1075 enim
2680 1014 3097 1076 Constantino·

476 1105 804 1181 multisque
820 1105 1121 1164 miraculis
1141 1105 1354 1176 clarus,
1378 1107 1537 1182 apud
1558 1108 1760 1166 hostes
1819 1105 2117 1180 politanae
2135 1104 2324 1179 urbis,
2357 1104 2508 1163 forte
2532 1105 2595 1162 et
2613 1104 2908 1179 praetorio
2929 1124 3097 1180 prae·

475 1194 655 1253 etiam
717 1194 938 1253 meruit
986 1193 1282 1258 honorari.
1298 1203 1325 1233 ⁴¹
1410 1195 1568 1255 Haec
1628 1196 1759 1271 ejus
1816 1194 2024 1255 fectus.
2055 1193 2397 1252 Honoribus
2413 1197 2616 1254 tamen
2630 1192 3106 1270 muneribusque

480 1301 688 1358 opera:
724 1283 1328 1361 Liberdemartyriis‚
1351 1285 1524 1358 cujus
1545 1286 1758 1351 saltem
1817 1282 2098 1341 omnibus
2121 1301 2330 1342 rerum
2361 1282 2703 1347 divinarum
2735 1300 2934 1341 amore
2967 1302 3105 1343 suc·

476 1390 616 1447 pars
644 1372 946 1448 'reperitur
977 1373 1137 1432 inter
1166 1377 1297 1432 acta
1327 1391 1406 1433 ss.
1426 1376 1758 1449 martyrum
1817 1389 2034 1431 census
2065 1370 2217 1431 forte
2249 1389 2298 1430 c.
2328 1391 2380 1433 a.
2404 1381 2527 1435 390
2552 1370 2945 1442 renunciavit,
2980 1391 3100 1449 quo

475 1461 856 1523 orientalium
919 1465 981 1520 et
1030 1462 1486 1522 occidentalium
1534 1463 1627 1524 ed.
1683 1463 1759 1521 ab
1816 1460 1882 1520 in
1911 1461 2222 1537 proposito
2244 1463 2446 1519 sancto
2466 1460 2925 1536 Chrysostomus
2944 1461 3103 1521 mul·

474 1553 892 1610 Assemano
935 1553 979 1609 t.
1022 1562 1073 1623 l,
1120 1551 1455 1628 germanice
1500 1572 1535 1610 a
1578 1552 1760 1610 Zin-
1815 1553 1947 1608 tum
1978 1568 2116 1608 eum
2147 1550 2459 1625 promovit.
2521 1549 2779 1607 Secessit
2808 1567 2943 1608 cum
2976 1550 3098 1610 filio

474 1638 686 1715 gerle
704 1683 718 1709 ,
772 1640 1104 1716 Oeniponte
1156 1649 1353 1710 18363
1406 1641 1642 1718 plenius
1692 1659 1762 1700 ea
1816 1638 2120 1697 Theodulo
2165 1639 2229 1696 in
2275 1638 2436 1698 Sinai
2466 1641 2751 1708 montem,
2797 1641 2870 1697 ut
2913 1639 3098 1699 vitam

475 1728 665 1787 edidit
694 1728 845 1787 Bed
851 1729 877 1804 j
895 1747 987 1787 an
1032 1729 1096 1786 in
1141 1729 1290 1788 actis
1320 1731 1650 1806 Martyrum
1698 1734 1761 1788 et
1817 1727 2058 1805 degeret
2087 1727 2431 1789 asceticam:
2480 1730 2659 1803 atque
2704 1726 2849 1785 adeo
2881 1729 3102 1787 sancti·

475 1822 812 1877 sanctorum
845 1817 1089 1877 Parisiis
1119 1828 1275 1881 1891
1305 1819 1380 1888 II,
1420 1828 1757 1889 57—3963
1815 1818 1941 1876 tate
1973 1819 2434 1892 sanctorumque
2466 1815 2712 1874 emicuit
2731 1815 2994 1887 scientia,
3028 1821 3101 1877 ut

475 1906 622 1965 actis
665 1909 1000 1982 martyrum
1056 1907 1469 1982 praemittitur
1517 1907 1761 1984 egregia
1815 1905 2086 1980 undique
2139 1905 2326 1964 fuerit
2374 1905 2701 1965 consultus.
2781 1903 2916 1964 Zelo
2961 1906 3098 1966 fidei

476 1994 721 2054 homilia
764 1994 839 2054 de
883 1994 1248 2054 cruciatibus
1278 1999 1609 2072 martyrum
1657 2014 1755 2056 eo-

473 2101 728 2158 rumque
771 2083 1097 2159 triumph0.
1175 2085 1389 2162 Magna
1432 2084 1756 2160 probabili·

474 2174 598 2230 tate
629 2173 770 2231 haec
800 2173 932 2231 acta
961 2191 1165 2231 revera
1197 2176 1342 2233 sunt
1370 2175 1679 2233 Maruthae
1692 2175 1758 2249 ἓ).

473 2260 673 2336 Ipsius
717 2263 1021 2337 praeterea
1070 2263 1164 2320 est
1207 2280 1359 2338 opus
1408 2264 1477 2321 de
1520 2264 1756 2322 concilio

474 2351 731 2424 nicaeno,
763 2367 884 2425 quo
917 2350 1300 2411 continentur
1320 2351 1558 2410 concilii
1578 2370 1754 2412 cano·

473 2457 580 2496 nes
615 2435 678 2520 (7
690 2448 724 2501 3
758 2438 980 2515 partim
1009 2440 1321 2517 genuinos,
1356 2441 1577 2517 partim
1610 2459 1755 2516 sup·

474 2523 746 2611 positos),
798 2529 1037 2588 nomina
1085 2531 1341 2606 patrum,
1407 2529 1512 2606 qui
1562 2530 1755 2590 eidem

472 2617 897 2687 interfuerunt,
933 2618 1096 2677 varia
1127 2621 1258 2678 acta
1287 2623 1349 2678 et
1381 2619 1752 2690 documenta,

472 2725 543 2765 ex
591 2706 813 2782 quibus
865 2706 1066 2782 aliqua
1117 2708 1432 2784 supposita
1493 2711 1556 2767 et
1603 2710 1756 2768 forte

473 2796 654 2854 etiam
685 2814 866 2855 manu
898 2796 1090 2855 aliena
1120 2800 1326 2872 postea
1356 2799 1500 2856 sunt
1528 2801 1751 2867 assuta,

472 2884 779 2944 haeresum
814 2885 1121 2962 catalogus
1153 2888 1264 2949 etc.
1332 2886 1529 2962 Hujus
1561 2886 1754 2962 operis

471 2972 802 3050 fragmenta
820 2974 1056 3049 copiosa
1074 2974 1408 3052 germanice
1428 2993 1595 3034 versa
1626 2976 1756 3034 edi-

471 3062 562 3121 dit
623 3063 801 3121 Oscar
859 3064 1113 3122 Braun
1173 3064 1235 3122 in
1298 3065 1752 3141 Kirchengesch.

473 3151 724 3210 Studien
742 3152 1094 3229 herausgeg.
1116 3172 1231 3213 von
1252 3154 1350 3211 Dr.
1372 3152 1752 3229 Knopfler,

472 3241 571 3298 Dr.
619 3239 882 3312 Schrors,
911 3259 914 3261 ’
946 3241 1041 3305 Dr.
1092 3242 1337 3300 Sdralek
1382 3241 1463 3301 IV
1507 3241 1645 3300 fasc.
1695 3251 1751 3312 3,

472 3331 742 3388 Miinster
782 3338 967 3394 1898.
1031 3330 1113 3392 Of.
1160 3331 1494 3406 fragmenta
1530 3331 1755 3407 syriace

471 3421 533 3476 et
573 3417 759 3476 latine
791 3418 854 3475 in
886 3419 1031 3476 Mai
1065 3419 1275 3496 Script.
1308 3424 1424 3479 vet.
1454 3438 1590 3480 nov.
1622 3420 1755 3482 coll.

472 3506 539 3574 X,
578 3515 856 3568 3—361.
904 3506 1230 3566 Haeresum
1256 3509 1595 3586 catalogum
1629 3508 1752 3567 edi·
1829 3549 1834 3554 .

472 3592 564 3652 dit
592 3594 777 3652 etiam
804 3594 1153 3654 Harnaek
1189 3596 1368 3654 Texte
1396 3598 1521 3656 und
1543 3598 1754 3656 Unter-

473 3682 634 3741 such.
668 3682 741 3740 N.
762 3683 823 3741 T.
848 3683 947 3745 1v.
978 3686 1023 3744 t.
1064 3696 1114 3746 l.
1147 3703 1281 3743 cum
1314 3686 1749 3757 commentariO,

470 3770 704 3846 Lipsiae
744 3782 940 3836 1899.
989 3808 1073 3816 -
1119 3774 1264 3833 Cum
1312 3775 1511 3834 Isaaco
1561 3775 1754 3834 archi·

471 3860 749 3936 episcopo
800 3860 1152 3921 seleuciensi
1208 3881 1452 3922 canones
1510 3862 1754 3923 videtur

470 3948 810 4008 condidisse
840 3951 1076 4009 concilii
1109 3951 1408 4012 Seleuciae
1458 3956 1521 4012 et
1565 3953 1751 4012 Ctesi-

468 4039 691 4115 phonte
722 4039 913 4098 habiti
933 4059 984 4097 a.
1010 4049 1156 4111 410,
1191 4059 1340 4117 quos
1361 4042 1583 4117 syriace
1616 4059 1751 4100 cum

470 4128 744 4187 versione
790 4128 974 4187 latina
1019 4131 1081 4187 et
1122 4130 1285 4189 notis
1327 4130 1519 4210 edidit
1547 4131 1748 4207 Lamy,

467 4217 715 4275 Lovanii
771 4228 956 4281 1869.
1024 4218 1255 4277 Obiisse
1305 4218 1546 4278 videtur
1596 4220 1750 4279 circa

468 4324 518 4363 a.
555 4315 699 4370 420.

1813 2012 2096 2054 accensus
2118 1998 2362 2054 strenuo
2388 1998 2596 2053 contra
2624 2011 2887 2069 paganos
2918 1999 3101 2070 atque

1814 2083 2141 2142 haereticos
2191 2084 2486 2161 pugnavit
2532 2085 2714 2158 atque
2777 2101 2882 2157 pro
2944 2085 3098 2144 bono

1813 2171 2163 2249 disciplinae
2196 2173 2424 2232 veritus
2454 2191 2574 2231 non
2606 2172 2700 2230 est
2730 2170 2972 2232 abbates
3004 2178 3099 2232 at·-

1815 2280 1930 2336 que
1962 2261 2289 2338 episcopos,
2324 2261 2664 2337 praefectos,
2711 2260 2832 2319 imo
2878 2265 2940 2320 et
2985 2263 3100 2321 im·

1814 2354 2143 2425 peratorem
2157 2350 2602 2426 delinquentem
2613 2352 3102 2411 commonefacere

1812 2440 1886 2497 ad
1944 2442 2199 2501 mortem
2260 2457 2453 2515 usque
2514 2456 2561 2496 c.
2613 2459 2664 2498 a.
2719 2449 2865 2503 430.
2945 2441 3102 2501 Hinc

1812 2546 2065 2606 magnus
2098 2531 2191 2588 est
2234 2528 2589 2605 scriptorum
2621 2530 2753 2605 ejus
2785 2546 3092 2601 numerus,

1812 2637 1967 2694 quae
2015 2618 2365 2682 thesaurum
2427 2617 2735 2677 continent
2793 2618 3095 2678 doctrinae

1812 2706 2115 2777 asceticae,
2165 2708 2227 2766 et
2269 2707 2354 2765 ad‘
2375 2707 2660 2766 virtutem
2693 2707 3102 2783 pietatemque

1811 2796 2191 2854 excolendam
2283 2796 2716 2871 fovendamque
2808 2800 3098 2872 spectant.

1811 2884 2121 2959 Ejusmodi
2153 2887 2297 2943 sunt
2328 2885 2644 2943 Peristeria
2675 2885 2750 2944 ad
2770 2886 3096 2962 Agathium

1812 2969 2221 3055 (monachum)
2253 2990 2363 3032 seu
2393 2976 2468 3036 tr.
2514 2973 2589 3032 de
2633 2974 2966 3034 virtutibus
2996 2994 3095 3034 ex-

1812 3062 2074 3124 colendis
2138 3064 2202 3120 et
2261 3062 2426 3122 vitiis
2478 3061 2781 3139 fugiendis
2830 3066 3104 3141 exemplo

1812 3151 2695 3212 Peristeriaeclarissimae
2726 3171 2796 3212 eo
2829 3157 3100 3229 tempore

1809 3239 2060 3304 feminae
2093 3236 2370 3321 (Migne
2401 3241 2465 3298 P.
2498 3240 2563 3299 G.
2591 3241 2840 3314 LXXIX,
2877 3250 3098 3306 811—-

1814 3326 2001 3409 963);
2047 3328 2116 3387 de
2161 3328 2554 3408 orationeob.
2596 3328 3094 3413 1166—1199);

1810 3419 1879 3476 de
1907 3426 2027 3476 octo
2047 3419 2351 3492 wir-itibus
2370 3420 2628 3477 malitiae
2646 3419 2903 3496 egregiis
2925 3439 3096 3496 prae·

1891 3627 1926 3695 ¹)
1979 3623 2493 3679 Praetermittimus
2543 3623 2587 3676 Ε
2607 3643 2642 3676 u
2661 3642 2686 3677 s
2703 3640 2732 3677 e
2757 3625 2792 3678 b
2807 3623 2828 3677 i
2845 3642 2883 3677 u
2901 3644 2974 3689 m,
3025 3626 3096 3679 de

1811 3711 1926 3763 quo
1953 3695 2398 3749 Gennadius
2424 3713 2468 3750 c.
2498 3702 2569 3752 34
2593 3695 2677 3748 ita
2703 3695 2909 3749 habet:
2952 3696 3094 3757 „Eu-

1811 3766 2000 3821 sebius
2029 3766 2260 3837 scripsit
2298 3771 2360 3821 de
2398 3772 2570 3821 crucis
2595 3771 2818 3821 Domini
2842 3774 3097 3837 mysterio

1809 3841 1867 3890 et
1891 3839 2279 3908 apostolorum
2321 3839 2742 3908 praecipueque
2783 3837 2937 3891 Petri
2966 3855 3096 3892 con·

1809 3909 2024 3962 stantia
2050 3909 2266 3963 virtute
2294 3908 2477 3963 crucis
2503 3908 2773 3979 indepta:
2799 3926 2934 3964 nam
2962 3911 3092 3964 scri-

1810 3983 1973 4051 ptum
1993 3980 2164 4050 periit
2179 3983 2237 4034 et
2251 3981 2491 4049 quinam
2506 3980 2687 4034 fuerit
2700 3979 2795 4034 hic
2812 3980 3097 4035 Eusebius

1811 4054 1978 4120 plane
2041 4052 2375 4122 ignoratur:
2447 4070 2586 4106 num
2649 4052 3096 4108 mediolanensis

1808 4122 2110 4205 episcopus
2136 4125 2408 4248 (MS-46⁴8
2438 4140 2512 4177 an
2542 4123 2935 4188 cremonensis,
2965 4125 3095 4178 Hie·

1807 4210 2031 4263 ronymi
2081 4194 2316 4248 amicus.
2412 4195 2451 4248 f.
2495 4194 2537 4247 F
2554 4211 2588 4247 a
2607 4195 2642 4248 b
2657 4212 2685 4246 r
2700 4192 2721 4246 i
2738 4213 2767 4250 c
2783 4194 2804 4248 i
2820 4213 2857 4248 u
2876 4213 2901 4248 s
2952 4196 3092 4250 bibl.

1808 4267 1909 4319 lat.
1937 4265 2157 4319 mediae
2184 4269 2243 4319 et
2267 4265 2370 4319 inf.
2398 4264 2604 4319 aetatis
2633 4267 2673 4328 Ι,
2703 4272 3002 4322 536—538.

1884 4339 1923 4406 ²)
1977 4335 2141 4391 Ultra
2187 4337 2402 4406 viginti
2453 4337 2596 4393 alios
2643 4337 2695 4390 N
2711 4337 2732 4389 i
2751 4337 2809 4390 li
2861 4338 3098 4392 nomine

1807 4408 1929 4461 desi
2010 4412 2135 4462 atos
2177 4411 2433 4463 recenset
2481 4409 2592 4463 Leo
2638 4408 2721 4461 Al
2737 4409 2756 4461 l
2772 4425 2806 4461 a
2822 4408 2883 4462 ti
2902 4427 2937 4462 u
2954 4426 2980 4462 s
3029 4409 3092 4462 in

1807 4496 1910 4533 sua
1976 4478 2179 4534 iatriba
2223 4480 2293 4533 de
2334 4479 2501 4545 Nilis,
2540 4481 2672 4534 locu
2719 4479 2895 4534 letata
2933 4481 3092 4550 apud

1807 4550 2605 4606 Fabricium-Harless
2717 4551 2815 4606 ibl.
2875 4570 2960 4620 gr.
3024 4552 3090 4616 X,

545 4622 583 4686 ¹)
612 4617 692 4673 Cf.
724 4618 771 4672 D
790 4637 827 4672 u
846 4637 880 4672 v
896 4619 967 4672 al
1014 4619 1333 4677 Anciennes
1374 4621 1749 4676 Litteratures
1811 4629 1999 4678 l--40.
2029 4622 2339 4692 Cujusdam
2361 4622 2413 4675 N
2430 4622 2521 4675 ili
2547 4621 2814 4675 meminit
2838 4624 2897 4675 et
2922 4621 2964 4674 P
2982 4622 3018 4674 h
3036 4640 3090 4675 o-

467 4689 826 4744 chretiennes
880 4691 947 4748 11.
996 4691 1076 4744 La
1128 4691 1320 4746 Litter.
1373 4694 1638 4762 syriaque
1692 4713 1745 4763 p.
1807 4692 1866 4745 ti
1884 4711 1919 4745 u
1937 4711 1962 4745 s
1989 4694 2112 4750 cod.
2140 4693 2475 4758 CCLXXVI,
2509 4696 2568 4747 et
2592 4709 2659 4746 ex
2687 4693 2810 4747 e‘us
2836 4692 3094 4748 homiliis

475 4766 574 4816 132
602 4779 669 4812 ss,

1805 4768 2070 4834 excerpta
2090 4765 2329 4818 adducit
2354 4765 2411 4818 M
2427 4764 2448 4818 i
2464 4784 2503 4834 g
2517 4784 2555 4818 n
2573 4781 2601 4819 e
2630 4765 2698 4819 Ol
2755 4806 2768 4829 ‚
2791 4771 3092 4822 246—258.
