3505 5161
390 258 423 309 7
435 257 467 309 0
477 254 512 306 5
1472 234 1710 288 Alcuini
1739 251 1929 306 opera.
2886 257 2917 309 7
2930 263 2963 313 0
2974 260 3010 312 6

386 442 627 483 sensum
679 422 1008 500 genuinum
1059 421 1417 481 eruendum:
1468 421 1669 481 minus
1726 422 1818 481 dit
1831 418 1910 505 ¹):
1960 423 2120 481 unde
2163 423 2451 481 Alcuinus
2501 425 2714 485 merito
2765 427 3012 503 gloriari

384 515 537 573 forte
582 512 763 570 etiam
803 511 1061 587 placebit
1093 511 1455 586 quibusdam
1488 511 1669 570 nimis
1725 513 1955 587 potuit:
2008 512 2172 589 ,Ego
2217 512 2471 571 Felicem
2515 515 2636 573 Deo
2688 515 3010 577 miserante

384 603 635 671 minuta,
688 619 870 675 quam
912 600 1219 659 interdum
1265 600 1666 675 persequitur,
1724 601 2086 660 catholicum
2133 601 2245 660 feci
2292 596 2357 682 (l.
2405 614 2428 665 1
2483 603 2614 665 adv.
2649 604 3010 679 Elipandum

385 691 747 767 etymologia
794 690 1106 749 nominum
1166 689 1545 765 propriorum
1608 692 1671 748 et
1724 708 1782 750 n.
1809 690 1935 770 78).
1953 700 1978 728 ⁶¹
2001 723 2090 735 —
2110 692 2284 749 Parte
2315 695 2593 767 quarta
2624 693 3009 752 continentur

385 780 711 856 explicatio,
777 778 850 836 In
899 780 1026 838 suis
1077 779 1319 854 scriptis
1352 778 1667 855 exegeticis
1724 780 2014 855 opuscula
2073 780 2465 857 liturgica
2524 784 2587 840 et
2645 782 3009 854 moralia,

384 869 714 947 generatim
745 886 853 944 pro
888 887 1049 927 more
1069 868 1237 926 illius
1256 867 1544 944 temporis
1566 867 1667 925 de·
1722 869 2059 944 cujusmodi
2109 872 2254 928 sunt
2303 871 2448 928 liber
2490 878 3018 947 sacramentorum„

384 961 638 1017 lectatur
669 976 853 1016 sensu
882 957 1140 1034 mystico
1172 960 1233 1014 et
1264 957 1598 1033 allegorico.
1724 959 1830 1033 qui
1862 959 2238 1035 componitur
2279 978 2350 1017 ex
2396 960 2765 1019 orationibus
2797 961 3007 1025 missa-

1722 1046 1884 1105 libus
1928 1066 2033 1122 per
2092 1047 2218 1106 dies
2276 1048 2600 1107 hebdomae
2650 1050 3007 1121 distributis,

1723 1136 2010 1207 collecti8‚
2075 1137 2347 1208 secretis,
2410 1138 2879 1213 praefationibus
2942 1158 3010 1198 ac

478 1235 621 1289 385.
655 1224 940 1300 Sequitur
961 1225 1086 1300 jam
1130 1223 1376 1282 tertia
1422 1242 1667 1300 operum
1722 1226 2396 1300 postcommunionibus,
2431 1245 2566 1285 cum
2587 1227 2765 1287 initio
2785 1228 3008 1303 episto-

384 1333 521 1391 pars
569 1314 963 1389 complectens
1024 1313 1312 1389 opuscula
1356 1313 1574 1390 dogm
1591 1332 1666 1370 a·
1723 1315 1916 1373 larum
1948 1318 2009 1375 et
2039 1316 2479 1393 evangeliorum
2500 1316 3004 1386 convenientium,

383 1404 540 1463 tica
570 1404 694 1463 scil.
741 1405 810 1461 de
839 1403 952 1477 fide
981 1410 1218 1462 sanctae
1249 1410 1299 1460 et
1328 1404 1669 1462 individuae
1722 1403 1829 1479 qui
1859 1404 2086 1479 prodiit
2115 1405 2274 1463 inter
2305 1423 2485 1480 opera
2515 1406 2798 1482 liturgica
2829 1425 2864 1463 a
2896 1407 3012 1463 Pa·

394 1495 702 1552 Trinitatis
744 1493 808 1554 11.
860 1504 895 1555 3
945 1491 1019 1550 ad
1066 1492 1206 1569 imp.
1255 1492 1529 1550 Carolum
1570 1493 1664 1564 M„
1723 1493 1899 1551 melio
1945 1494 2190 1552 collecta
2237 1497 2280 1556 t.
2326 1494 2419 1563 11„
2478 1494 2749 1553 Coloniae
2801 1504 3004 1564 1561;

382 1583 638 1659 epitome
658 1582 831 1657 quasi
851 1581 1179 1658 theologiae
1202 1576 1283 1662 (si
1303 1583 1668 1639 sacramenta
1730 1591 1887 1645 1571
1913 1605 1927 1653 ;
1969 1593 2133 1646 1609
2154 1604 2167 1653 3
2209 1584 2462 1659 Migne
2494 1582 2581 1653 CI,
2619 1593 2965 1647 445—466
2988 1604 3003 1653 ;

382 1667 680 1752 excipias),
728 1690 797 1729 ex
830 1670 1269 1747 Augustini
1315 1669 1667 1745 praesertim
1720 1673 1790 1729 de
1810 1674 2183 1745 psalmorum
2213 1691 2325 1731 usu
2355 1690 2490 1730 cum
2522 1672 2702 1731 variis
2733 1672 3006 1730 formulis

382 1761 660 1836 operibus
679 1759 951 1829 deducta,
986 1760 1148 1818 edita
1177 1769 1340 1823 1509
1376 1760 1441 1817 in
1465 1778 1662 1817 mona·
1719 1761 1792 1818 ad
1825 1780 1919 1820 res
1960 1761 2338 1836 quotidianas
2388 1761 2869 1831 accommodatas,
2922 1761 3002 1822 ib.

383 1850 564 1909 sterio
585 1849 1028 1919 Ottenburano;
1063 1848 1444 1926 Argentorati
1469 1857 1661 1918 15303
1725 1859 2106 1921 465—5093
2138 1852 2333 1926 officia
2364 1870 2469 1927 per
2497 1850 2673 1909 ferias
2705 1868 2813 1909 seu
2843 1850 3003 1925 psal·

380 1938 752 1998 Francofurti
781 1947 942 2001 1555
980 1940 1106 2008 etc„
1138 1939 1391 2014 Migne
1422 1937 1512 2011 cl,
1554 1948 1662 1999 11·
1720 1940 1804 1997 mi
1836 1940 2164 1999 secundum
2204 1940 2330 1999 dies
2363 1939 2762 1999 hebdomadae
2795 1940 3002 2015 singu-

386 2038 499 2098 583
553 2028 928 2103 quaestiones
976 2027 1217 2086 XXVIII
1260 2028 1328 2084 de
1380 2027 1664 2085 Trinitate
1719 2028 1823 2099 los,
1872 2028 2092 2104 quibus
2125 2029 2189 2086 in
2221 2028 2469 2088 ecclesia
2497 2031 2829 2099 cantantur,
2877 2027 3001 2086 dis-

380 2117 455 2175 ad
490 2116 892 2193 Fredegisum,
939 2117 1019 2179 ib.
1071 2126 1361 2185 57—64;
1409 2117 1477 2173 de
1517 2132 1663 2188 pro·
1719 2118 1902 2192 positi
1932 2137 2065 2176 cum
2097 2117 2485 2188 orationibus,
2548 2118 2803 2193 hymnis,
2864 2136 3002 2176 con-

380 2208 626 2265 cessione
654 2205 913 2281 Spiritus
942 2224 1008 2281 s.,
1044 2206 1124 2267 ib.
1156 2213 1448 2274 64--823
1482 2204 1521 2267 l.
1556 2205 1661 2262 ad·
1720 2206 2076 2266 sessionibus
2127 2211 2189 2266 et
2236 2208 2463 2266 litaniis
2518 2227 2576 2282 p.
2628 2217 2998 2277 509—612,

378 2314 578 2354 versus
609 2295 818 2353 Felicis
848 2290 1250 2377 (urgellitani)
1296 2295 1559 2352 haeresin
1590 2292 1663 2351 ad
1717 2295 2081 2355 breviarium
2132 2298 2303 2371 quasi
2352 2295 2648 2372 quoddam
2711 2297 2774 2355 in
2824 2314 3006 2355 usum

381 2384 624 2443 abbates
644 2386 705 2442 et
723 2387 1038 2442 monachos
1056 2384 1302 2442 Gothiae
1323 2403 1357 2441 a
1376 2383 1438 2444 P.
1459 2383 1662 2440 Franc.
1719 2384 1907 2442 Caroli
1940 2385 2014 2443 M.
2048 2420 2135 2429 ——·
2167 2386 2253 2444 De
2283 2385 2592 2444 virtutibus
2637 2392 2688 2443 et
2729 2386 2886 2443 vitiis
2920 2384 2995 2441 ad

377 2474 715 2550 Foggini
753 2474 816 2531 in
847 2472 1206 2531 bibliotheca
1235 2472 1507 2530 vaticana
1540 2471 1661 2545 pri·
1718 2474 2030 2532 Widonem
2063 2475 2355 2544 comitem,
2406 2478 2478 2532 ut
2521 2474 2682 2533 inter
2712 2472 3003 2533 secularia

379 2583 543 2624 mum
593 2565 884 2638 repertus,
955 2561 1036 2620 ib.
1084 2582 1141 2638 p.
1195 2569 1533 2632 87—1203
1588 2560 1659 2619 ad
1716 2563 1960 2639 negotia
2019 2564 2262 2623 haberet
2317 2564 2593 2622 libellum
2642 2563 2996 2637 manualem,

378 2654 579 2729 ipsum
610 2655 812 2711 autem
839 2652 1094 2710 Felicem
1126 2652 1364 2728 scripsit
1393 2650 1660 2708 caritatis
1716 2652 1790 2710 ad
1823 2671 2002 2727 quem
2034 2653 2271 2711 assidue
2302 2671 2438 2712 suos
2471 2655 2639 2711 actus
2670 2652 3002 2710 examinare

379 2743 616 2813 calam0,
665 2760 784 2800 non
823 2741 1224 2800 contentionis
1258 2739 1504 2799 stimulo
1536 2741 1658 2813 epi·
1717 2759 1900 2815 seque
1931 2743 2003 2799 ad
2026 2745 2299 2800 aeternae
2318 2741 2708 2800 beatitudinis
2728 2740 3000 2798 studium

377 2832 586 2890 stolam
635 2826 697 2912 (7
712 2825 838 2910 93),
891 2849 1011 2905 qua
1060 2848 1197 2888 eum
1247 2830 1538 2898 hortatur,
1590 2829 1662 2886 ut
1715 2830 1969 2888 excitare
2019 2834 2238 2905 posset,
2306 2831 2410 2906 qui
2459 2830 2611 2888 liber
2661 2849 2877 2905 magna
2924 2847 2996 2886 ex

376 2921 706 2979 novitatem
732 2919 1033 2977 doctrinae
1065 2918 1297 2977 deserat
1327 2921 1390 2976 et
1418 2917 1657 2975 univer·
1715 2921 1884 2993 parte
1930 2938 1998 2977 ex
2044 2939 2086 2977 s,
2132 2918 2570 2995 Augustini
2621 2916 3000 2976 sermonibus

378 3010 517 3068 salis
564 3008 859 3068 Ecclesiae
910 3012 1368 3083 sanctorumque
1417 3009 1658 3081 patrum
1714 3008 1966 3065 haustus
1999 3012 2111 3084 est,
2145 3009 2399 3084 Migne
2430 3027 2486 3082 p.
2511 3015 2879 3070 613-639.
2911 3039 2998 3050 -

378 3099 708 3157 doctrinam
736 3100 1022 3172 sequatur
1042 3098 1147 3172 (ib.
1166 3118 1223 3173 p.
1253 3108 1274 3159 1
1299 3093 1656 3175 19—126):
1715 3097 1803 3154 De
1832 3099 2065 3156 animae
2097 3099 2320 3155 ratione
2365 3097 2403 3155 1.
2444 3096 2518 3154 ad
2549 3095 2844 3154 Eulaliam
2876 3095 2995 3155 vir-

378 3188 475 3246 cui
519 3187 623 3245 ille
666 3205 789 3245 non
833 3187 1139 3261 epistolari
1182 3185 1493 3255 brevitate,
1554 3184 1657 3242 sed
1713 3186 1931 3262 ginem,
1973 3186 2274 3260 specimen
2304 3185 2720 3261 psychologiae
2751 3184 2992 3243 moralis

376 3276 564 3336 libelli
599 3276 940 3351 prolixitate
961 3275 1314 3351 respondere
1344 3275 1515 3332 nisus
1548 3276 1655 3335 est.
1704 3275 1881 3349 juxta
1900 3275 2192 3350 principia
2221 3295 2266 3334 s.
2286 3274 2721 3350 Augustini
2752 3275 2813 3331 et
2834 3273 2997 3331 Cas-

375 3366 533 3424 Hinc
578 3365 860 3441 opposuit
903 3384 1050 3440 opus
1095 3372 1304 3439 septem
1346 3365 1402 3421 ll.
1451 3380 1656 3421 omnes
1714 3364 1951 3433 siani,
2002 3365 2097 3422 Mi
2112 3383 2254 3440 gne
2301 3384 2357 3437 p.
2403 3372 2785 3432 639—6503
2837 3362 3003 3419 inter·

376 3455 508 3530 ejus
539 3454 853 3530 pravitatis
879 3472 1169 3512 evacuans
1201 3453 1517 3522 doctrinas,
1552 3452 1656 3526 qui
1712 3472 1801 3527 ep.
1834 3452 1973 3511 ed.a
1994 3454 2042 3510 D
2061 3453 2382 3511 fimmler
2412 3450 2993 3510 etWattenbach

376 3544 519 3602 olim
569 3543 897 3601 Paulino
951 3542 1308 3618 aquilejensi
1358 3540 1655 3616 suppositi
1717 3549 1860 3604 243.
1897 3574 1976 3583 —-
2012 3542 2102 3600 De
2143 3543 2494 3618 confessione
2533 3548 2895 3617 peccatorum
2938 3559 2993 3614 p.

374 3632 558 3703 fuere,
612 3633 864 3709 Migne
912 3654 967 3709 p.
1023 3641 1385 3694 119—231.
1433 3663 1518 3674 —-
1562 3629 1656 3687 Ad
1715 3639 2082 3700 649—656,
2135 3651 2254 3707 quo
2303 3632 2368 3689 in
2418 3631 2706 3707 opusculo
2751 3647 2857 3705 pro
2902 3628 2994 3685 hi-

373 3721 843 3796 Elipandum
892 3740 983 3796 ep.
1033 3723 1365 3779 toletanum
1416 3718 1657 3794 scripsit
1710 3719 1897 3778 storia
1943 3719 2292 3795 dogmatum
2341 3720 2604 3795 pretioso
2666 3718 2993 3777 utilitatem

372 3810 598 3886 pariter
652 3811 949 3885 epistolam
1010 3809 1494 3869 cohortatoriam:
1559 3807 1655 3866 cui
1710 3826 1776 3866 ac
1807 3808 2223 3867 necessitatem
2244 3808 2415 3867 docet
2435 3807 2782 3883 poenitendi
2815 3809 2998 3881 atque

374 3899 478 3957 ille
514 3899 707 3958 literis
752 3898 889 3957 felle
936 3901 998 3956 et
1043 3898 1277 3974 injuriis
1322 3897 1516 3973 plenis
1562 3915 1653 3954 re·
1709 3896 2029 3955 confitendi
2049 3900 2285 3973 peccata
2316 3915 2425 3956 sua
2455 3896 2881 3958 sacerdotibus.
2905 3929 2994 3938 ——

374 3987 637 4064 spondit.
710 3989 1175 4062 Responsionem
1242 3989 1485 4045 enervat
1549 3986 1653 4043 Al·
1708 3987 1781 4044 In
1823 4005 1880 4061 p.
1928 3986 2212 4061 quinta
2256 4003 2434 4062 opera
2464 3985 2822 4044 exhibentur
2860 3984 2991 4041 ha-

374 4077 587 4136 cuinus
631 4077 936 4152 prioribus
969 4077 1030 4134 ll.
1068 4087 1122 4140 2.
1171 4076 1267 4134 sui
1311 4075 1504 4150 operis
1550 4075 1652 4132 ad-

370 4184 581 4225 versus
613 4166 989 4241 Elipandum,
1042 4165 1263 4241 quibus
1310 4164 1455 4222 alios
1502 4163 1652 4222 duos
1789 4162 1824 4229 ¹)
1854 4157 2065 4211 Felix
2105 4154 2413 4223 aliquoties
2454 4171 2620 4209 Suum
2659 4152 2996 4207 retractavit

372 4255 641 4330 subjicit,
686 4255 749 4313 in
792 4255 1014 4331 quibus
1045 4256 1223 4330 plano
1257 4271 1526 4311 sermone
1558 4270 1651 4309 ca·
1709 4246 1973 4353 ffforemv
2002 4228 2097 4282 sed
2139 4246 2201 4280 ¹¹²
2240 4243 2370 4308 eum
2411 4229 2636 4280 fferam
2662 4224 2885 4278 ”mbas
2910 4239 2992 4277 ἴθ’

1732 4318 1906 4370 apsus
1949 4303 2048 4357 est.
2101 4298 2235 4352 Post
2277 4298 2491 4351 editam
2536 4297 2684 4349 hanc
2728 4296 2992 4347 retracta.-

368 4344 630 4402 thOlicae
659 4343 732 4402 de
751 4343 982 4402 Christo
1004 4343 1140 4402 fidei
1172 4341 1482 4402 Veritatem
1514 4359 1652 4440 ⁰⁰¹?
1709 4372 1925 4426 tionem
1941 4371 2188 4424 traditus
2205 4372 2292 4423 est
2305 4369 2366 4423 in
2377 4367 2697 4422 custodiam
2710 4365 2990 4420 Leidrado

370 4433 569 4492 firmas·
598 4452 654 4508 Ρ.
678 4442 1059 4503 231-3ΟΟ;
1093 4432 1254 4490 hisce
1273 4431 1421 4490 adde
1441 4431 1485 4488 F
1488 4431 1653 4489 011018
1708 4442 2137 4513 archiepiscopo
2199 4439 2578 4511 lugdunensi,
2649 4455 2715 4491 ac
2777 4455 2824 4492 c.
2885 4443 2992 4493 818

370 4521 798 4581 confessionem
837 4518 921 4605 (Μ
936 4522 957 4579 i
973 4540 1069 4598 gn
1085 4539 1116 4579 e
1147 4519 1317 4591 XCII,
1365 4528 1558 4584 882-8
1570 4519 1649 4597 8),
1709 4515 1916 4569 obiisse
1955 4514 2185 4569 videtur
2229 4511 2516 4582 prioribus
2561 4508 2679 4564 suis
2705 4507 2992 4563 erroribus

370 4630 550 4687 quam
584 4611 821 4670 demum
854 4611 1159 4669 convictus
1203 4611 1343 4685 post
1380 4608 1651 4685 disputa·
1707 4586 1991 4668 addictus.
2019 4586 2166 4667 Nam
2196 4587 2325 4656 P9⁸¹⁵
2350 4584 2473 4664 ejus
2500 4584 2739 4636 mortem
2767 4582 2991 4680 reperta

1708 4661 1845 4711 sunt
1870 4675 1993 4726 ejus
2020 4659 2249 4726 scripta,
2293 4655 2505 4724 quibus
2549 4671 2717 4706 suum
2744 4666 2988 4705 erroiem

369 4700 595 4760 tionem
616 4702 846 4776 septem
866 4699 1096 4759 dierum
1124 4717 1257 4757 cum
1290 4717 1358 4757 eo
1389 4697 1651 4756 habitam
1705 4731 2006 4783 restaurat.
2060 4728 2142 4782 Cf·
2193 4726 2339 4780 ΗΜ.
2389 4725 2476 4779 lit·
2527 4725 2596 4778 de
2645 4725 2703 4778 la
2754 4723 2842 4777 Fr,
2894 4721 2990 4786 lv,

370 4789 435 4848 in
477 4789 724 4848 concilio
757 4788 1210 4865 aquisgranensi
1255 4808 1304 4848 a.
1354 4797 1477 4851 799
1528 4785 1650 4845 edi·
1706 4806 2020 4862 428—433;
2047 4800 2354 4853 warner
2380 4797 2592 4852 Aleuin
2618 4815 2672 4867 p.
2703 4801 2928 4853 54-·62.

587 4896 775 4956 Hui-ter,
802 4897 1130 4945 Nomenclator
1154 4897 1176 4943 1
1202 4898 1273 4944 ed.
1301 4895 1382 4943 111.
2602 4895 2669 4944 23
