3505 5161
502 222 622 277 787

589 399 737 455 429.
782 391 1053 466 Denique
1101 409 1170 448 ex
1219 388 1516 466 theologis
1560 390 1777 465 pole-

496 480 722 539 micis
771 479 1031 538 Orientis
1075 478 1491 538 memorandus
1535 483 1629 537 est
1673 479 1776 536 ad-

499 570 614 628 huc
646 569 694 627 N
716 569 999 638 icetas,
1047 569 1238 644 patria
1281 570 1353 626 ut
1391 567 1631 626 videtur
1661 568 1778 643 By-

495 647 789 728 zantinus,
824 658 975 716 alius
1009 677 1042 715 a
1072 657 1282 716 Niceta
1313 655 1632 727 Davide‚
1677 675 1776 716 cu-

495 750 591 821 ius
612 767 791 824 supra
807 744 891 826 (p.
908 755 939 813 7
952 757 982 809 7
994 756 1029 810 8
1043 742 1119 827 a.)
1132 746 1491 805 mentionem
1511 746 1778 805 fecimus:

499 837 601 913 qui
649 836 852 895 floruit
882 839 1134 894 exeunte
1166 853 1276 897 sec.
1311 835 1405 895 IX.
1468 834 1580 894 Hic
1623 836 1776 895 enim

495 926 744 1003 reliquit
763 926 1186 1001 Refutationem
1206 928 1266 983 et
1284 926 1622 983 eversionem
1651 926 1777 1001 epi-

498 1017 685 1075 stolae
734 1015 808 1073 ab
858 1014 1173 1073 Armeniae
1229 1014 1497 1090 principe
1546 1016 1778 1086 missae,

500 1124 649 1180 quae
696 1104 990 1163 invidiose
1039 1102 1217 1162 fidem
1264 1106 1529 1162 nostram
1578 1104 1779 1162 ortho-

500 1195 715 1254 doxam
745 1197 808 1251 et
839 1213 881 1251 s.
924 1198 985 1252 et
1017 1192 1451 1252 oecumenicam
1485 1193 1777 1268 synodum

502 1283 598 1343 IV.
632 1283 997 1353 criminatur,
1032 1283 1212 1357 jussu
1243 1281 1543 1340 Christum
1577 1301 1778 1341 aman-

501 1373 581 1430 tis
604 1374 665 1430 et
684 1371 939 1447 piissimi
957 1371 1353 1447 imperatoris,
1387 1389 1539 1445 quae
1559 1371 1783 1446 scripta

499 1464 591 1521 est
620 1461 693 1519 ad
729 1460 1054 1536 principem
1088 1464 1151 1520 et
1194 1460 1258 1518 in
1298 1479 1418 1535 qua
1448 1460 1783 1535 patriarcha

499 1549 808 1610 inducitur
847 1549 1117 1625 loquens.
1176 1549 1262 1608 Ea
1306 1552 1399 1608 est
1443 1549 1782 1608 doctissima

498 1643 630 1700 tum
670 1643 1162 1716 argumentorum
1207 1638 1374 1713 copia
1419 1643 1481 1697 et
1526 1639 1599 1708 vi,
1647 1641 1777 1696 tum

498 1729 929 1789 sententiarum
962 1729 1276 1805 gravitate,
1322 1731 1385 1785 et
1429 1745 1506 1788 ss.
1538 1731 1778 1803 patrum

499 1818 956 1877 auctoritatibus
988 1815 1376 1875 refertissima
1416 1820 1478 1874 et
1509 1835 1644 1875 vere
1675 1835 1779 1874 au·

498 1926 614 1978 rea,
648 1907 739 1970 ed.
772 1908 834 1965 in
867 1906 1160 1966 Allatii
1192 1907 1443 1965 Graecia
1461 1906 1782 1965 orthodoxa

499 2000 544 2059 t.
575 1996 633 2066 I;
685 1996 1017 2068 Confutatio
1044 1995 1188 2067 falsi
1218 1992 1373 2070 libri,
1425 2013 1600 2069 quem
1634 1996 1779 2054 scri·

499 2085 627 2160 psit
660 2083 1213 2143 Mohammedes
1247 2084 1437 2153 arabs,
1474 2084 1563 2145 ed.
1586 2085 1781 2143 aMai

498 2173 642 2232 bibl.
675 2191 827 2231 nova
860 2174 967 2236 PP.
1002 2172 1096 2242 IV,
1135 2181 1253 2235 321
1296 2191 1389 2244 ss„
1431 2172 1496 2232 in
1526 2192 1645 2248 qua
1674 2171 1778 2232 ad-

502 2262 669 2321 ducit
698 2262 763 2320 in
800 2261 1054 2338 singulis
1087 2279 1168 2326 cc.
1200 2262 1617 2320 Mohammedis
1650 2266 1777 2321 tex·

499 2355 649 2420 tum,
683 2370 859 2426 quem
891 2350 1129 2413 refellit.
1190 2351 1274 2409 Eo
1317 2351 1383 2409 in
1427 2370 1520 2426 op.
1553 2352 1782 2425 theolo-

502 2440 632 2518 giae
695 2441 848 2515 apud
913 2458 1149 2516 graecos
1213 2440 1599 2499 scholasticae
1675 2458 1782 2499 seu

503 2529 899 2605 speculativae
918 2529 1233 2607 imaginem
1268 2529 1588 2607 genuinam
1620 2529 1781 2604 aspi-

502 2619 709 2690 cimus,
742 2623 803 2679 et
832 2620 1025 2697 graeci
1056 2619 1282 2696 ingenii
1312 2624 1374 2678 et
1404 2620 1608 2678 doctae
1641 2620 1782 2678 soli-

500 2708 728 2784 daeque
775 2709 1130 2768 subtilitatis
1181 2709 1418 2786 insigne
1464 2709 1781 2783 specimen.

497 2797 694 2856 Habes
723 2803 1051 2874 utrumque
1083 2798 1305 2856 librum
1335 2798 1399 2855 in
1431 2798 1685 2874 Migne
1716 2798 1780 2856 P.

500 2887 562 2950 G.
597 2886 707 2955 CV,
747 2897 1112 2950 583—843.
1175 2887 1286 2945 Sed
1329 2887 1569 2963 scripsit
1600 2886 1781 2945 etiam

499 2977 704 3034 contra
724 2976 965 3035 Latinos
985 2978 1053 3034 de
1065 2978 1427 3050 processione
1449 2976 1711 3051 Spiritus
1733 2995 1782 3040 s.

498 3083 567 3122 ex
617 3065 744 3124 solo
798 3066 988 3134 Patre,
1053 3084 1231 3141 quem
1294 3066 1332 3128 1.
1393 3065 1570 3124 habes
1618 3064 1780 3139 apud

497 3154 1137 3230 Hergenroether
1168 3156 1553 3213 Monumenta
1572 3173 1783 3231 graeca

497 3246 624 3312 etc„
662 3243 1048 3321 Regensburg
1088 3252 1250 3308 1869
1286 3263 1343 3319 p.
1368 3251 1690 3307 84—138.

591 3431 737 3486 430.
770 3424 903 3482 Jam
950 3440 1059 3480 nos
1093 3424 1505 3481 convertamus
1537 3422 1609 3480 ad
1643 3422 1779 3480 Oc-

497 3511 897 3579 cidentem,
930 3511 1037 3568 ubi
1068 3510 1272 3585 plures
1287 3511 1636 3585 reperimuS,
1676 3510 1781 3586 qui

498 3600 569 3658 de
621 3601 800 3659 rebus
852 3599 1178 3659 subtilibus
1244 3600 1552 3658 subtiliter
1600 3600 1782 3658 etiam

500 3689 897 3763 scripserunt:
960 3693 1121 3748 ortae
1170 3689 1332 3747 enim
1382 3692 1528 3747 sunt
1576 3691 1638 3748 et
1686 3688 1783 3747 hic

499 3778 927 3837 controversiae
948 3778 1266 3847 literariae‚
1303 3777 1406 3836 sed
1437 3796 1557 3836 non
1587 3796 1782 3852 usque

498 3867 569 3924 ad
626 3868 889 3926 haereses
941 3869 1001 3926 et
1059 3867 1393 3930 schismata.
1474 3866 1779 3942 Ejusmodi

497 3957 913 4015 controversiis
960 3956 1322 4015 occasionem
1375 3956 1782 4031 praebuerunt

498 4045 615 4104 duo
649 4046 994 4120 praesertim
1029 4045 1292 4121 theologi
1326 4046 1780 4106 Gotteschal-

496 4153 627 4193 cus
660 4136 783 4194 scil.
821 4138 884 4193 et
920 4135 1263 4193 Joannes
1310 4133 1583 4210 Erigona,
1633 4152 1780 4209 quo·

497 4223 777 4283 rumille
817 4222 1289 4300 Fulgentius
1344 4221 1522 4301 (forte
1571 4243 1605 4281 a
1651 4223 1778 4280 suis

495 4313 732 4371 asseclis
754 4313 830 4372 ob
851 4316 1223 4388 praetensam
1257 4330 1302 4374 s.
1323 4312 1645 4388 Augustini
1680 4312 1780 4370 de-

496 4397 844 4482 fensionem)
889 4402 1361 4478 cognominatus,
1413 4401 1529 4459 fuit
1574 4420 1776 4460 mona-

497 4623 796 4676 'I'rinitatis
816 4624 1030 4693 reperit
1045 4622 1341 4691 ediditque
1363 4622 1577 4691 Trudp.
1604 4623 1656 4675 N
1675 4641 1704 4677 e
1721 4641 1782 4676 u·

498 4697 670 4762 gart
710 4695 774 4746 in
814 4695 1060 4763 append.
1088 4695 1159 4747 ad
1188 4713 1356 4749 suum
1384 4713 1527 4765 opus
1555 4694 1782 4764 Episco-

501 4765 671 4830 patus
697 4765 1137 4818 constantiensis
1168 4767 1204 4828 l,
1235 4773 1354 4821 520.

1004 208 1304 259 851—900.
1333 201 1528 256 Theol.
1555 201 1855 271 polemica.
1883 200 2130 265 Nicetes,
2160 199 2606 254 Gotteschalcus.

2990 218 3111 271 788

1832 389 1977 448 chus
2012 389 2076 452 Ο.
2110 388 2166 446 S.
2197 387 2342 446 Ben.
2373 387 2615 446 natione
2649 388 2813 460 Sam,
2854 387 3115 463 parenti-

1833 478 1946 537 bus
1977 477 2281 537 nobilibus
2311 480 2511 551 natus,
2545 479 2725 553 atque
2756 496 2907 553 puer
2936 476 3010 534 ab
3042 476 3115 534 iis

1834 568 1957 627 Deo
2018 568 2080 625 in
2134 565 2494 625 monasterio
2545 566 2811 626 fuldensi
2860 566 3115 625 oblatus.

1834 658 1979 716 Cum
2029 657 2116 715 ita
2164 655 2240 714 ad
2289 654 2661 714 induendum
2714 674 2760 717 s.
2809 654 3115 715 Benedicti

1834 746 2102 806 habitum
2136 748 2199 804 et
2231 743 2305 805 ad
2338 762 2414 803 ss.
2448 745 2861 820 suscipiendos
2880 744 3116 804 ordines

1834 836 2222 912 obligaretur,
2257 834 2496 911 aufugit
2527 837 2587 892 et
2616 833 2692 893 ad
2711 834 3023 909 episcopos
3053 833 3118 890 in

1834 927 2057 1002 synodo
2077 923 2432 1002 moguntina
2453 919 2634 1005 (829)
2653 924 3013 1000 provocavit,
3047 926 3119 981 ut

1835 1016 1909 1074 ab
1944 1015 2049 1073 hac
2080 1015 2413 1073 solveretur
2431 1013 2811 1089 obligatione.
2864 1012 2979 1071 Sed
3010 1010 3112 1071 ob-

1835 1104 1996 1163 stitit
2005 1103 2282 1163 Rabanus
2293 1103 2537 1161 Maurus
2556 1101 2756 1167 abbas.
2778 1103 2910 1176 ejus
2931 1119 3116 1176 quon-

1836 1193 1974 1253 dam
2004 1196 2066 1251 et
2097 1192 2401 1269 magister,
2447 1192 2606 1250 edito
2636 1191 2814 1250 etiam
2848 1190 2886 1249 l.
2917 1193 3119 1249 contra

1837 1300 1955 1352 eos,
2018 1282 2121 1358 qui
2182 1283 2524 1357 repugnant
2571 1280 2874 1339 institutis
2923 1279 2980 1343 b.
3054 1279 3116 1335 P.

1838 1370 2163 1441 Benedicti,
2213 1389 2322 1429 seu
2369 1371 2439 1429 de
2483 1371 2762 1428 oblatione
2794 1386 3118 1443 puerorum

1839 1457 2120 1543 (Migne
2152 1459 2350 1519 CXXV
2380 1458 2470 1519 ad.
2507 1469 2632 1522 419
2667 1455 2790 1539 ss).
2838 1458 2993 1516 Hinc
3023 1475 3116 1515 co·

1835 1553 2003 1609 actus
2038 1552 2131 1607 est
2168 1548 2361 1608 redire
2405 1548 2478 1608 ad
2524 1547 2968 1615 monasterium,
3015 1546 3119 1604 sed

1835 1639 2191 1715 permissum
2224 1638 2278 1696 ei
2306 1637 2442 1707 fuit,
2477 1638 2550 1696 ut
2577 1637 2875 1696 secederet
2905 1635 2970 1694 in
2994 1654 3118 1694 mo-

1835 1728 2167 1788 nasterium
2187 1727 2522 1796 orbacense,
2550 1726 2654 1786 ubi
2677 1744 2893 1803 magno
2911 1724 3117 1783 ardore

1838 1819 2037 1877 studio
2070 1835 2133 1876 se
2165 1816 2345 1884 dedit,
2380 1815 2729 1892 praesertim
2748 1814 3114 1891 quaestioni-

1835 1908 1949 1967 bus
1995 1926 2057 1966 se
2102 1905 2394 1964 immersit
2438 1904 2511 1964 de
2558 1903 3115 1981 praedestinatione.

1836 1997 1906 2055 In
1922 2015 2058 2056 eum
2091 1994 2304 2055 incidit
2330 2012 2606 2065 errorem,
2638 1995 2711 2054 ut
2741 1992 3121 2053 contenderet

1835 2086 1943 2145 Dei
1997 2084 2641 2161 ,praedestinationem
2691 2083 2896 2152 facere,
2962 2081 3122 2156 quod

1837 2193 1945 2233 nec
1964 2175 2139 2233 homo
2170 2173 2238 2233 ad
2275 2173 2460 2231 vitam
2479 2171 2962 2248 praedestinatus
2983 2188 3120 2247 pos-

1838 2264 1918 2323 sit
1949 2264 2015 2321 in
2041 2267 2292 2321 mortem
2314 2261 2592 2332 incidere,
2626 2279 2735 2320 nec
2765 2260 2838 2319 ad
2871 2264 3123 2319 mortem

1838 2351 2316 2429 praedestinatus
2349 2351 2475 2409 ullo
2506 2351 2681 2410 modo
2727 2367 2791 2410 se
2831 2350 3019 2424 possit
3048 2348 3124 2407 ad

1839 2443 2022 2500 vitam
2075 2459 2425 2515 recuperare
2441 2448 2488 2514 ⁸,
2553 2439 2855 2515 duplicem
2914 2438 3123 2496 distin-

1837 2548 2028 2609 guens
2049 2528 2667 2606 praedestinationem.
2721 2528 2870 2588 Suas
2890 2527 3124 2603 opinio-

1837 2639 1941 2680 nes
1975 2640 2080 2696 per
2111 2619 2304 2679 varias
2338 2618 2582 2679 diffudit
2613 2620 2904 2696 regiones,
2947 2636 3126 2691 quam

1838 2711 1914 2769 ob
1963 2728 2089 2768 rem
2138 2708 2415 2768 Rabanus
2461 2712 2668 2770 contra
2716 2725 2815 2767 eas
2861 2706 3119 2781 scripsit,

1837 2817 2056 2874 eaeque
2080 2799 2258 2857 etiam
2279 2798 2589 2857 damnatae
2609 2797 2776 2856 fuere
2806 2795 2872 2854 in
2892 2793 3121 2871 synodo

1839 2887 2192 2965 moguntina
2225 2881 2431 2965 (848),
2469 2889 2530 2945 et
2560 2885 2691 2961 ipse
2721 2884 2979 2943 traditus
3009 2901 3120 2959 pro

1837 2976 2200 3036 correctione
2232 2976 2552 3034 Hincmaro
2583 2974 2858 3034 remensi.
2919 2972 2989 3031 In
3022 2991 3119 3048 sy-

1838 3064 1992 3125 nodo
2025 3064 2303 3124 carisiaci
2334 3064 2539 3124 habita
2569 3059 2756 3144 (849)
2790 3062 2907 3124 fuit
2937 3061 3117 3138 depo-

1839 3155 1993 3213 situs
2027 3155 2104 3213 ob
2145 3153 2597 3230 presbyteratus
2630 3152 2902 3212 ordinem
2933 3150 3118 3210 inscio

1837 3244 2107 3320 episcopo
2153 3241 2514 3310 diocescano,
2562 3241 2829 3300 Rothado
2861 3239 3119 3299 suessio·

1836 3332 2028 3403 nensi,
2064 3336 2431 3407 susceptum,
2480 3334 2542 3390 et
2568 3334 2858 3407 perpetuo
2890 3329 2963 3389 de
2995 3328 3119 3388 suis

1837 3421 2219 3498 opinionibus
2252 3420 2494 3480 silentio
2526 3420 2581 3478 ei
2610 3419 2895 3494 imposito
2919 3436 3120 3478 mona·

1838 3511 2022 3569 sterio
2055 3510 2344 3569 inclusus.
2412 3510 2644 3585 Scripta
2689 3527 2814 3579 sua,
2867 3525 3118 3580 quorum

1837 3601 2266 3659 accuratiorem
2315 3598 2595 3657 notitiam
2646 3617 2768 3657 non
2817 3597 3115 3665 habemus,

1837 3689 1966 3766 igni
2004 3689 2237 3747 tradere
2282 3691 2375 3746 est
2409 3689 2640 3763 jussus,
2687 3689 2751 3745 et
2795 3686 3120 3746 secundum

1838 3797 1882 3841 s,
1932 3776 2238 3836 Benedicti
2287 3777 2556 3853 regulam
2605 3775 2956 3835 verberibus
3004 3773 3120 3832 fuit

1837 3885 2059 3926 caesus.
2131 3865 2413 3940 Superest
2456 3865 2650 3924 adhuc
2697 3863 2919 3941 duplex
2964 3865 3119 3939 ejus-

1838 3956 1973 4015 dem
2023 3957 2319 4030 confessio,
2385 3954 2622 4014 brevior
2671 3955 2874 4025 altera,
2937 3954 3121 4011 altera

1837 4045 2121 4120 prolixior
2151 4044 2352 4103 verbis
2389 4043 2650 4120 turgidis
2694 4043 2758 4102 in
2804 4061 2948 4101 suae
2992 4041 3117 4116 opi-

1834 4133 2033 4192 nionis
2052 4134 2452 4192 defensionem
2472 4132 2809 4207 conscripta
2842 4129 2926 4211 (M
2944 4131 2965 4189 i
2981 4148 3120 4208 gne

1837 4222 2028 4293 CXXI,
2081 4232 2403 4290 346-3503
2440 4218 2836 4302 349—366).
2887 4220 3120 4280 Rabano

1836 4312 2120 4371 suadente
2138 4312 2430 4370 attentius
2446 4310 2565 4370 fuit
2579 4310 2946 4369 custoditus:
2966 4307 3124 4367 unde

1835 4401 2033 4460 nullas
2054 4401 2311 4475 amplius
2332 4400 2542 4460 habuit
2558 4406 2760 4475 partes
2791 4399 2856 4457 in
2889 4401 3123 4458 contro-

1834 4491 2028 4548 versia
2059 4492 2153 4548 sat
2183 4490 2322 4562 acri,
2356 4508 2507 4565 quae
2540 4507 2644 4564 per
2673 4488 2905 4564 aliquot
2935 4503 3120 4545 annos

1836 4579 2000 4637 inter
2045 4579 2389 4655 praecipuos
2435 4578 2616 4653 hujus
2661 4577 2947 4652 temporis
2996 4574 3121 4651 epi-

1838 4685 2046 4742 scopos
2087 4670 2149 4726 et
2189 4668 2500 4743 theologos
2533 4667 2638 4726 hac
2669 4666 2741 4724 de
2772 4665 3123 4742 quaestione

1836 4756 1954 4814 fuit
1994 4756 2235 4832 agitata.
2299 4756 2411 4816 Vix
2456 4755 2576 4815 fuit
2619 4757 2828 4814 auctor
2869 4754 3130 4829 alicujus
