3505 5161
459 215 535 269 31
558 216 583 269 1
1266 202 1565 252 401—431.
1592 194 1846 249 Historia
1873 191 2270 248 ecclesiastica.
2950 210 3073 264 312

455 389 555 444 ter
583 383 1103 460 Epiphaniam
1138 384 1202 441 et
1229 382 1740 458 Hieronymum
1798 379 1966 438 heret
1994 379 2288 439 Massiuae
2324 397 2518 439 moras
2549 380 2614 437 in
2647 379 2848 438 Sicilia
2878 399 2928 440 a.
2953 390 3076 442 410

460 474 763 533 mentione
808 472 1027 549 dignus
1074 474 1169 530 est
1211 472 1544 548 Tyrannius
1592 470 1739 528 Ru·
1801 470 1966 529 obiit.

458 563 517 621 fi
536 581 677 623 nus
740 562 1040 637 quondam
1088 560 1439 638 Hieronymi
1498 560 1741 629 amicus,

464 652 567 711 sed
615 652 754 711 dein
794 655 1042 727 propter
1070 650 1322 709 nimium
1357 648 1600 726 Origeni
1632 648 1743 706 im·
1901 657 2041 710 169.
2071 647 2263 706 Multa
2292 665 2537 723 prorsus
2570 666 2601 705 e
2632 666 2838 724 graeco
2883 647 2949 705 in
2996 648 3081 705 la-

462 759 717 817 pensum
767 740 1028 799 favorem
1083 738 1453 798 adversarius
1503 737 1577 796 ab
1640 737 1745 796 illo
1801 738 1999 796 tinum
2043 736 2372 799 transtulit.
2436 737 2529 795 Ita
2574 754 2620 799 s.
2653 735 2941 795 Basilii
2989 755 3081 794 re·

463 830 744 889 acerrime
784 830 1190 906 impugnatus.
1257 827 1592 904 Tyr-annius
1623 826 1743 884 Bu·
1798 829 1969 904 qulas
1997 828 2281 901 utrasque
2314 820 2412 907 (cf.
2431 845 2487 901 p.
2518 822 2668 908 153)
2701 826 2766 884 in
2788 844 2966 885 unam
2982 843 3082 885 eas

462 920 623 978 finus
655 937 703 977 c.
736 939 784 977 a.
822 928 942 981 345
978 918 1075 977 vel
1112 927 1233 980 346
1284 935 1467 993 prope
1496 915 1745 990 Aquile-
1804 916 2190 992 conjungens,
2235 934 2387 990 quae
2432 918 2671 974 constat
2713 934 2782 974 ex
2821 934 2919 991 qq.
2955 923 3080 979 203

450 1009 582 1085 jam
630 1011 827 1077 natus,
878 1027 913 1066 a
960 1006 1224 1083 pueritia
1271 1006 1336 1065 in
1385 1004 1744 1065 monasterio
1803 1024 1938 1063 cum
1988 1023 2193 1064 earum
2239 1004 2755 1080 responsionibus3
2819 1005 3086 1062 homilias

465 1097 820 1173 aquilejensi
851 1095 1109 1156 adolevit
1132 1096 1256 1171 jam
1287 1099 1435 1153 tunc
1467 1112 1513 1153 s.
1534 1094 1744 1152 Hiero·
1803 1093 2069 1171 ejusdem
2147 1093 2314 1163 VIII3
2397 1111 2443 1152 s.
2522 1093 2885 1171 Gregorii
2960 1112 3084 1152 naz.

466 1205 644 1263 nymo
675 1185 954 1245 familiari
992 1186 1242 1261 junctus
1276 1184 1555 1244 amicitia.
1615 1184 1668 1242 A
1700 1199 1746 1241 s.
1804 1183 2081 1259 opuscula
2113 1199 2220 1241 seu
2252 1182 2548 1241 orationes
2582 1181 2662 1252 X3
2727 1182 3086 1242 Anatolii

462 1275 798 1334 Chromatio
829 1275 1165 1350 baptizatus
1198 1279 1292 1332 est
1330 1292 1380 1331 a.
1417 1284 1495 1336 37
1514 1282 1563 1333 1.
1626 1272 1747 1330 Me·-
1805 1273 1951 1332 alex.
1970 1272 2619 1345 canonempaschalem;
2635 1272 3087 1347 s.Pamphili

466 1365 687 1423 leniam
716 1364 959 1423 viduam
990 1382 1293 1422 romanam
1312 1360 1747 1421 nobilissimam
1805 1362 1881 1419 M.
1912 1362 2208 1437 apoloyiae
2251 1379 2358 1437 pro
2405 1361 2659 1438 Origene
2705 1361 2745 1418 l.
2775 1361 2820 1418 1.
2854 1356 2951 1441 (cf.
2984 1378 3086 1419 su-

467 1453 648 1513 simul
679 1471 745 1512 ac
775 1453 1109 1529 piissimam
1139 1452 1213 1511 ad
1235 1453 1361 1511 loca
1382 1453 1585 1510 sancta
1603 1449 1748 1509 Hie·
1806 1470 1915 1527 pra
1944 1468 2000 1525 p·
2039 1449 2165 1527 64),
2199 1449 2296 1508 cui
2326 1450 2542 1526 adjecit
2573 1449 2717 1513 diss.
2749 1451 2817 1508 de
2862 1450 3084 1508 adulte-

466 1543 783 1620 rosolymis
833 1542 1314 1619 peregrinantem
1360 1545 1452 1600 est
1505 1537 1749 1599 comita·
1806 1541 2032 1598 ratione
2050 1540 2107 1596 ll.
2133 1538 2399 1616 Oriqenis
2415 1560 2445 1611 ,·
2473 1540 2677 1615 plures
2712 1538 3041 1615 Origeni
3061 1556 3088 1595 s

463 1636 587 1703 tus,
651 1630 755 1690 sed
804 1631 1083 1707 pluribus
1134 1631 1307 1689 annis
1366 1631 1432 1688 in
1477 1631 1749 1704 Aegypto
1806 1629 2091 1700 homilias,
2137 1634 2199 1686 et
2243 1633 2288 1686 t.
2336 1627 2438 1686 XV
2481 1630 2546 1687 in
2594 1647 2679 1704 ep.
2724 1647 2769 1687 s.
2802 1628 2979 1687 Pauli
3008 1629 3091 1686 ad

469 1721 659 1779 haesit
718 1720 1030 1779 familiaris
1091 1719 1477 1778 eremitarum
1527 1717 1751 1776 deserti
1809 1718 2119 1788 Romanos,
2153 1717 2475 1794 Evagrii
2506 1720 2835 1790 sententias,
2872 1716 3087 1778 Sexti

468 1809 671 1868 uitrici
682 1809 1087 1885 etdiscipulus
1099 1808 1330 1885 Didymi
1344 1801 1750 1889 (cf.pag.l74)‚
1808 1807 2213 1883 pythagoraei,
2265 1806 2606 1883 philosophi
2652 1806 2913 1884 gentilis,
2960 1825 3089 1864 sen-

464 1917 587 1973 quo
604 1898 891 1975 magistro
907 1916 1101 1956 amore
1112 1897 1381 1956 imbutus
1393 1900 1486 1955 est
1496 1916 1637 1975 erga
1647 1915 1751 1972 pa·
1808 1898 2031 1971 tentius,
2068 1913 2215 1970 quas
2247 1895 2436 1953 latine
2454 1913 2657 1954 versas
2677 1914 2785 1972 pro
2809 1895 2959 1954 Sixti
2984 1913 3093 1954 seu

468 1989 591 2047 tres
622 2005 880 2064 graecos,
916 1986 1231 2063 Origenem
1261 1987 1325 2045 in
1346 1986 1574 2061 primis.
1610 1986 1750 2044 Hie·
1808 1984 1984 2062 Xysti
2016 2003 2201 2061 papae
2231 1988 2293 2043 et
2324 1985 2603 2060 martyris
2635 1984 2949 2043 sententiis
2978 1984 3092 2042 im-

469 2078 825 2153 rosolymam
846 2076 982 2134 dein
1002 2093 1257 2151 pergens
1284 2093 1507 2134 moram
1530 2075 1752 2134 ibidem
1808 2074 2072 2149 prudens
2094 2073 2452 2143 venditavit3
2488 2073 2736 2133 Gleme
2752 2073 2909 2132 ntis
2940 2091 3088 2135 rom.

469 2166 612 2223 fecit
654 2164 1235 2242 peregrinationibus
1289 2167 1491 2223 tamen
1546 2165 1612 2223 in
1659 2182 1751 2222 re·
1810 2163 2221 2240 recoquitiones
2250 2165 2311 2221 et
2342 2163 2615 2236 epistolas
2643 2162 2794 2223 duas
2825 2161 2900 2221 ad
2921 2180 2966 2220 s.
2987 2161 3091 2220 Ja-

472 2254 683 2331 giones
716 2253 958 2312 dissitas
992 2253 1408 2330 interruptam.
1441 2255 1492 2311 A
1524 2254 1752 2312 Joanne
1810 2252 2024 2310 cobum
2055 2270 2148 2327 ep.
2181 2251 2410 2320 hieros„
2463 2269 2611 2328 quas
2661 2250 2749 2310 ita
2796 2250 2968 2311 nobis
2998 2269 3088 2309 as-

472 2343 738 2419 ejusdem
771 2342 939 2401 urbis
989 2343 1267 2419 episcopo
1316 2342 1631 2419 presbyter
1661 2344 1756 2400 est
1811 2340 2088 2412 servavit,
2122 2358 2255 2399 cum
2286 2330 2487 2399 textus
2519 2358 2765 2416 graecus
2815 2339 3085 2415 perierit3

474 2431 785 2490 ordinatus
817 2449 865 2496 c.
886 2451 935 2491 a.
961 2441 1104 2494 390.
1140 2430 1430 2500 Quoniam
1460 2450 1599 2491 vero
1616 2431 1752 2507 plus
1810 2430 1920 2490 LL.
1982 2428 2064 2486 IV
2127 2428 2493 2507 Origenis
2563 2432 2695 2511 περὶ
2756 2426 2963 2513 ἀρχῶν
3024 2429 3094 2486 de

463 2521 632 2597 justo
664 2520 899 2579 favebat
917 2519 1164 2598 Origeni
1182 2521 1477 2598 gradatim
1505 2522 1750 2597 ruptum
1800 2520 2141 2593 principiis,
2189 2534 2336 2593 quos
2381 2519 2606 2595 pariter
2645 2519 2733 2577 ita
2761 2518 2934 2577 nobis
2967 2536 3092 2576 ser-

471 2613 567 2669 est
615 2610 912 2669 amicitiae
961 2628 1096 2668 cum
1130 2628 1177 2673 s.
1209 2610 1570 2686 Hieronymo
1622 2609 1756 2668 vin-
1813 2608 1996 2678 ravit,
2031 2627 2150 2684 qua
2181 2610 2382 2666 tamen
2414 2608 2687 2666 versione
2717 2625 2962 2685 magnas
2994 2626 3096 2666 ex-

470 2699 678 2758 culum
717 2699 974 2774 litesque
1020 2717 1142 2757 non
1187 2699 1387 2757 minus
1434 2699 1757 2758 diuturnae
1810 2698 2016 2755 citavit
2045 2697 2255 2755 turbas
2284 2696 2520 2774 sibique
2552 2697 2841 2756 conscivit
2870 2696 3095 2755 incom-

472 2808 652 2863 quam
684 2788 930 2847 acerbae
962 2792 1107 2846 sunt
1126 2790 1305 2847 ortae.
1338 2789 1484 2847 Pace
1516 2787 1755 2847 demum
1815 2786 2002 2849 moda.
2048 2786 2200 2845 Nam
2231 2803 2366 2845 cum
2398 2786 2576 2845 multi
2609 2787 2715 2845 hos
2760 2786 3102 2845 lectitarent

472 2879 695 2936 iterum
742 2877 902 2936 inter
949 2895 1049 2936 eos
1095 2877 1382 2936 restituta
1412 2877 1661 2936 Rufinus
1693 2876 1758 2935 in
1811 2875 2013 2952 libros,
2031 2875 2236 2950 plures
2267 2874 2587 2934 catholicae
2619 2875 2756 2934 fidei
2784 2875 2985 2934 studio
3007 2875 3100 2932 in-

473 2966 709 3025 ltaliam
741 2961 849 3047 (39
860 2961 922 3048 7)
970 2968 1150 3041 atque
1202 2966 1266 3023 in
1296 2967 1550 3042 patriam
1586 2984 1758 3024 suam
1814 2965 1977 3023 censi
2027 2983 2153 3023 rem
2202 2964 2553 3024 detulerunt
2599 2964 2674 3022 ad
2718 2962 3100 3024 Anastasium

473 3054 668 3114 rediit.
730 3056 862 3114 Mox
910 3074 1050 3114 vero
1101 3055 1408 3114 recruduit
1437 3054 1757 3114 dissidium
1814 3072 1959 3116 rom.
1990 3053 2329 3128 pontificem
2362 3072 2497 3112 eum
2530 3052 2998 3128 interpellantes,
3030 3056 3104 3110 ut

475 3163 649 3220 aegre
681 3145 941 3220 sopitum
974 3144 1335 3220 scriptisque
1384 3145 1564 3202 nimis
1610 3142 1759 3202 acri-
1818 3158 2062 3217 serpens
2124 3145 2520 3219 compesceret
2582 3142 2824 3204 malum.
2908 3141 3102 3211 Quare

475 3233 591 3291 bus
624 3233 790 3293 dedit
819 3235 1201 3297 occasionem.
1234 3233 1634 3292 Barbarorum
1679 3232 1760 3290 ir-
1818 3230 2070 3290 Rufinus
2102 3231 2178 3289 ad
2199 3231 2583 3290 Anastasium
2603 3231 2770 3290 misit
2788 3230 3104 3307 epistolam

475 3323 759 3396 ruptione
790 3322 854 3380 in
886 3322 1088 3397 quiete
1119 3322 1402 3393 literaria,
1437 3341 1552 3397 qua
1574 3321 1762 3396 Aqui·
1819 3337 1929 3379 seu
1959 3316 2289 3397 apoloyiam
2302 3315 2350 3400 ¹)
2387 3338 2495 3395 pro
2511 3320 2626 3378 fide
2642 3339 2751 3379 sua
2768 3315 2841 3400 (c.
2857 3339 2906 3378 a.
2926 3313 3101 3400 400),

478 3411 627 3485 lejae
658 3411 986 3482 fruebatur,
1019 3411 1298 3469 turbatus
1339 3411 1467 3469 loca
1495 3413 1762 3485 repetere

480 3503 681 3557 sancta
700 3498 1006 3575 cogitavit,
1039 3500 1135 3557 sed
1159 3499 1302 3558 dum
1321 3499 1621 3576 longiores
1642 3502 1761 3557 tra-

1898 3545 1935 3625 1)
1965 3544 2054 3598 Ab
2077 3543 2187 3595 hac
2233 3542 2615 3613 distinguitur
2655 3544 2996 3613 opusculum
3023 3542 3106 3595 in-

1822 3617 2100 3684 scriptum
2142 3616 2293 3668 Fides
2318 3618 2510 3681 Rufini
2547 3613 2626 3686 (M
2642 3612 2663 3667 i
2678 3633 2717 3684 g
2735 3632 2771 3665 n
2787 3629 2817 3667 e
2854 3612 3104 3674 XLVIII,

477 3702 584 3741 aec.
600 3686 704 3757 V.).
722 3686 825 3754 qui
841 3687 998 3739 totus
1018 3685 1182 3739 estin
1203 3686 1527 3740 extollendo
1550 3685 1767 3756 Apolli·
1821 3689 2143 3755 239—255)‚
2172 3685 2241 3738 de
2268 3701 2383 3753 quo
2412 3685 2495 3739 ita
2522 3686 2568 3738 G
2585 3701 2619 3738 a
2633 3703 2662 3737 r
2676 3683 2797 3737 nie
2813 3701 2842 3738 r
2867 3684 2929 3737 in
2949 3700 3105 3755 prae-

478 3757 673 3812 nario:
700 3774 767 3811 ea
785 3759 976 3811 tamen
988 3756 1175 3827 periit.
1189 3791 1256 3799 —-
1271 3759 1356 3811 Ita
1375 3762 1434 3811 et
1452 3757 1765 3813 Historiam
1821 3758 1916 3812 via
1943 3758 2139 3812 annot.
2161 3778 2172 3810 ι
2226 3755 2474 3818 „Mirum
2523 3773 2696 3825 quam
2747 3756 2930 3809 multa
2979 3755 3106 3809 doc-

479 3828 855 3883 conciliorum
881 3844 979 3882 seu
1006 3833 1272 3903 συναγωγὴ
1309 3837 1410 3882 τῶν
1444 3830 1707 3884 συναδικῶν
1732 3845 1768 3882 a
1823 3828 2009 3882 trinae
2050 3831 2174 3881 tum
2218 3827 2526 3883 historicae
2577 3830 2701 3882 tum
2747 3825 3107 3899 dogmaticae

481 3899 718 3954 nicaeno
747 3915 928 3968 usque
971 3900 1043 3953 ad
1073 3916 1156 3964 ea,
1199 3916 1346 3969 quae
1392 3901 1500 3954 sub
1525 3900 1767 3955 Valente
1822 3915 2031 3953 arcana
2047 3898 2280 3953 libellus
2297 3898 2403 3952 iste
2416 3899 2782 3953 brevissimus
2798 3898 3107 3961 contineat,

481 3972 621 4041 imp.
683 3972 971 4042 (364—78)
1035 3970 1234 4026 habita.
1297 3975 1449 4035 sunt,
1498 3972 1583 4026 Sa
1601 3972 1635 4024 b
1655 3970 1769 4024 ini
1825 3974 1893 4025 ut
1915 3969 2140 4041 magnis
2166 3969 2559 4024 voluminibus
2603 3970 2692 4024 sin
2732 3969 2925 4024 minus
2950 3986 3109 4040 prae-

481 4041 1021 4097 Macedonianorum
1072 4042 1228 4112 apud
1271 4042 1601 4097 Heracleam
1651 4043 1768 4113 epi·
1825 4042 1979 4106 ferri,
2006 4043 2208 4095 saltem
2235 4041 2505 4111 componi
2531 4044 2755 4109 queat.“
2787 4040 2964 4095 Totus
2992 4041 3108 4094 fere

479 4112 657 4184 scopi,
709 4113 811 4181 qui
858 4113 1063 4167 horum
1109 4113 1484 4168 conciliorum
1529 4116 1658 4168 acta
1705 4113 1770 4167 in
1825 4118 1910 4168 est
1936 4114 2005 4167 de
2032 4112 2468 4182 quaestionibus
2486 4115 2612 4166 tum
2627 4114 2702 4166 ab
2717 4111 2962 4182 Origene
2984 4115 3108 4165 tum

484 4203 664 4239 unum
690 4201 897 4256 corpus
923 4184 1176 4254 collegit.
1204 4185 1257 4238 Is
1283 4185 1512 4240 nicaeni
1536 4184 1772 4240 concilii
1825 4201 1859 4237 a
1903 4185 2108 4240 Rufino
2155 4183 2328 4239 motis
2372 4184 2734 4255 speciemque
2818 4182 3109 4238 alinodiae

482 4257 800 4311 sacerdotes
826 4255 990 4323 quasi
1016 4254 1187 4310 rudes
1221 4272 1289 4312 ac
1315 4256 1599 4328 simplices
1624 4256 1772 4310 deri·
1826 4272 1961 4327 prae
1989 4273 2045 4310 se
2072 4256 2197 4309 fert.
2227 4255 2499 4320 Quamvis
2524 4271 2658 4309 vero
2683 4272 2718 4307 a
2837 4254 2925 4308 rio
2943 4254 3000 4307 Μ
3016 4271 3045 4307 e
3061 4272 3109 4306 r-

483 4327 597 4391 det,
624 4327 903 4381 nonnulla
946 4328 1015 4379 de
1044 4326 1329 4382 industria
1369 4327 1770 4399 praetermisit,
1826 4330 1996 4381 cato
2012 4344 2086 4381 re
2113 4326 2320 4380 Rufino
2346 4328 2539 4381 nostro
2566 4326 2872 4390 tribuatur,
2898 4325 2962 4379 in
2981 4341 3109 4380 oon-

486 4398 767 4467 quaedam
820 4413 953 4451 vero
1005 4398 1286 4467 pervertit
1323 4402 1382 4453 et
1418 4399 1769 4453 immutavit.
1828 4398 2071 4453 trarium
2099 4400 2236 4451 sunt
2260 4397 2457 4452 valida
2496 4414 2630 4453 sane
2658 4400 2998 4479 argumenta
3023 4412 3109 4450 ea-

485 4469 747 4523 Ceterum
772 4471 980 4522 cuncta.
1006 4469 1080 4521 ad
1107 4469 1442 4527 institutum
1464 4487 1629 4524 suum
1652 4486 1773 4524 sen·
1827 4487 1939 4539 que
1966 4487 2080 4525 non
2098 4486 2300 4540 pauca.
2327 4469 2512 4534 Quare
2529 4469 2766 4522 con'icit
2791 4468 2839 4523 G
2855 4486 2888 4522 a
2903 4486 2931 4521 r
2947 4487 2985 4520 n
3001 4467 3023 4521 i
3038 4486 3067 4522 e
3083 4485 3110 4519 r

485 4556 727 4664 ἒιηὲᾳιίθ
766 4539 1063 4664 pell-traxit.
1118 4543 1202 4594 Ita
1230 4541 1265 4595 S
1283 4559 1314 4595 o
1333 4558 1454 4596 cra.
1472 4545 1539 4595 te
1557 4560 1582 4594 s
1608 4542 1679 4623 de
1705 4559 1771 4596 eo
1828 4542 1889 4594 in
1915 4543 2123 4622 annot..
2144 4539 2434 4610 subjectis,
2451 4557 2581 4594 eum
2597 4488 2840 4594 aiterius
2865 4539 2962 4624 Ru
2975 4538 3112 4594 fini

492 4619 1045 4735 ..at-..zscfff‘sssz
1061 4629 1519 4752 iisszqffiyzffi.
1536 4629 1773 4739 aas&
1829 4612 2010 4764 {2355
2026 4613 2442 4751 §raama
2466 4611 3112 4762 &lassescas

490 4757 630 4808 1898
652 4753 776 4816 VH,
807 4759 1107 4809 265—284.
1795 4797 1802 4823 ,
1829 4754 2039 4808 vicinis
2067 4754 2318 4809 ecclesiis
2345 4755 2738 4828 versabantur)
2778 4755 3112 4824 presbyten,
