3505 5161
226 4793 229 4796 ’
242 4801 307 4852 ²⁵1.

530 248 649 301 847
1103 234 1403 283 851—900.
1434 225 1850 297 Hagiographi.
1878 226 2158 297 Eulogius
2185 225 2571 290 cordubensiS,
3021 243 3154 297 348

526 416 811 492 quaedam
832 414 1034 473 omisit
1056 413 1415 488 Antverpiae
1447 422 1607 476 1583
1629 434 1643 481 3
1664 430 1808 471 cura
1863 417 2057 473 torum
2078 414 2360 473 cadavera
2378 414 2620 491 collegit
2638 431 2702 471 ac
2720 414 2957 471 tumulo
2988 430 3153 471 com-

526 504 854 564 Sollerii
894 502 1253 578 Antverpise
1292 512 1476 565 1714.
1518 512 1679 565 1717
1716 502 1806 561 ed.
1862 503 2077 578 posuit.
2142 503 2251 561 His
2281 502 2610 562 virtutibus
2643 503 2881 571 meruit,
2925 505 2996 560 ut
3026 502 3152 560 etsi

526 594 779 670 optima3
830 592 1092 651 Venetiis
1138 602 1332 661 17453
1378 591 1443 649 in
1490 590 1654 649 Actis
1703 591 1803 650 SS.
1862 592 2112 650 alterius
2145 592 2315 651 urbis
2348 591 2494 651 civis
2541 592 2866 668 eligeretur
2911 591 2974 649 in
3020 591 3149 666 epi-

525 687 567 743 t.
591 683 670 742 VI
697 686 758 741 et
779 682 901 742 VII.
922 682 960 739 J
966 681 1112 751 unii,
1148 680 1285 738 hinc
1316 698 1522 739 recusa
1552 680 1756 756 Mign
1775 699 1807 737 e
1864 699 2105 756 scopum
2137 681 2473 740 toletanum
2503 676 2569 765 (8
2582 676 2705 763 58).
2770 681 2912 739 Eam
2945 685 3149 739 tamen

525 772 775 841 CXXIII,
812 779 1157 834 453—992
1184 772 1245 827 et
1265 768 1508 836 CXXIV,
1548 779 1803 832 9—-860
1864 770 2062 828 sedem
2108 788 2415 845 nunquam
2462 770 2612 829 adiit
2656 788 2855 828 rerum
2899 770 3149 828 obvian-

524 861 823 920 ditissimo
875 861 1164 935 apparatu
1212 858 1614 927 illustratum3
1669 877 1809 917 cura
1863 860 2014 918 tium
2047 858 2409 918 adversitate
2449 859 2792 936 impeditus,
2847 870 2943 921 ll.
2977 859 3149 916 Mart.

524 949 1031 1018 Bouillartii,
1108 946 1350 1005 Parisiis
1421 956 1619 1016 17183
1683 966 1807 1009 cur.
1868 958 2011 1018 859,
2047 951 2117 1006 ut
2136 947 2421 1017 creditur,
2456 948 2581 1024 ipse
2601 948 2882 1007 occubuit
2901 951 3145 1023 martyr.

525 1038 848 1115 Rigollot
878 1041 939 1096 et
958 1036 1495 1117 JO.Carnandet,
1528 1036 1607 1094 ib.
1640 1046 1803 1100 1866

523 1128 611 1187 ed.
665 1125 1065 1199 novissimal).
1133 1124 1297 1183 Obiit
1344 1125 1650 1184 Usuardus
1711 1135 1805 1187 13.

524 1216 657 1275 Jan.
690 1217 840 1274 sorte
871 1235 921 1273 a.
959 1224 1101 1285 875,
1137 1214 1227 1272 vel
1264 1211 1561 1295 8761877.

617 1404 759 1458 464.
793 1393 1064 1453 Plurium
1085 1395 1413 1467 martyrum
1434 1392 1629 1470 elogia
1647 1410 1807 1450 com-

525 1485 731 1560 plexus
762 1488 857 1542 est
886 1483 949 1540 iu
982 1500 1092 1540 suo
1116 1481 1450 1540 Memoriali
1468 1488 1806 1540 sanctorum

524 1594 569 1631 s,
603 1572 982 1648 Eulogius
1024 1570 1327 1630 Cordubae
1359 1573 1537 1629 natus
1568 1590 1600 1629 e
1634 1588 1804 1629 sena-

523 1662 677 1722 toria
708 1661 911 1737 stirpe,
946 1661 1018 1719 ad
1053 1678 1099 1718 s.
1121 1659 1284 1736 Zoyli
1316 1660 1607 1736 templum
1640 1677 1805 1734 pres·

522 1753 715 1827 byter,
762 1750 867 1826 qui
920 1749 1168 1819 ,multis
1212 1752 1273 1808 et
1314 1748 1656 1808 clarissimis
1689 1749 1806 1807 vir—

526 1840 784 1909 tutibus,
817 1843 889 1899 ut
919 1839 1050 1913 ejus
1071 1838 1436 1915 biographus
1469 1838 1806 1896 Alvarus

524 1932 798 1999 testatur,
843 1927 1063 1996 floruit,
1110 1927 1341 2003 magnis
1386 1931 1448 1985 et
1490 1926 1806 1985 laudabili-

521 2014 760 2101 bus²).‘
829 2018 951 2075 Sub
983 2015 1254 2074 doctrina
1285 2016 1630 2091 praesertim
1665 2017 1806 2091 Spe-

522 2107 752 2165 raindei
798 2105 1029 2164 abbatis
1076 2124 1193 2162 una
1249 2122 1381 2162 cum
1432 2106 1648 2163 Alvaro
1700 2104 1804 2163 do-

523 2215 688 2253 mum
721 2196 851 2271 ejus
882 2193 1286 2268 frequentem,
1336 2193 1531 2252 evasit
1561 2211 1682 2252 non
1713 2212 1806 2252 so-

525 2286 650 2344 lum
686 2284 745 2342 in
775 2283 970 2342 literis
1002 2282 1172 2341 valde
1205 2282 1435 2350 doctus,
1483 2283 1587 2342 sed
1633 2288 1705 2341 et
1742 2283 1804 2340 in

526 2373 792 2432 moribus
812 2377 950 2431 ante
970 2372 1119 2431 alios
1139 2371 1445 2448 probatus.
1478 2373 1807 2448 Ingruente

523 2462 954 2538 persecutionis
968 2461 1233 2532 turbine,
1249 2461 1429 2538 quiin
1440 2461 1806 2520 Christianos

525 2552 635 2611 sub
666 2551 1146 2610 Abderrahmane
1165 2550 1222 2608 11
1246 2569 1385 2628 rege
1418 2549 1723 2610 Cordubae
1755 2569 1805 2608 a.

529 2650 652 2704 850
676 2641 971 2708 excitatus
1004 2640 1136 2710 fuit,
1170 2638 1579 2709 contumelias,
1614 2644 1806 2698 terro—

526 2748 620 2789 res
682 2730 993 2807 plurimos,
1059 2747 1349 2789 carcerem
1411 2748 1650 2804 quoque
1712 2729 1803 2787 in·

445 2826 453 2832 '
523 2820 745 2878 fractus
796 2820 922 2895 ipse
973 2819 1295 2878 sustinuit:
1357 2837 1573 2894 magno
1622 2818 1805 2877 animi

522 2908 730 2968 robore
792 2909 1047 2968 invictos
1111 2912 1407 2983 martyres
1485 2908 1807 2982 utriusque

524 3016 695 3056 sexus
727 3015 847 3056 non
880 2998 1070 3055 solum
1119 2996 1190 3055 ad
1238 2997 1509 3073 martyrii
1541 2996 1805 3055 subeun-

525 3086 665 3144 dum
699 3105 944 3162 agonem
982 3084 1267 3155 incendit,
1316 3087 1418 3144 sed
1452 3090 1513 3143 et
1552 3086 1806 3144 decolla—

606 3297 638 3348 1)
670 3290 815 3343 Hist.
857 3289 944 3343 lit.
987 3291 1052 3353 V,
1081 3296 1393 3348 436—44ssz
1435 3290 1536 3344 Ild.
1578 3289 1804 3344 Veith

527 3360 637 3414 KL.
665 3362 784 3426 XII,
814 3368 915 3417 512
944 3380 1017 3420 s.;
1069 3360 1431 3416 Potthast
1475 3366 1639 3420 1081;
1694 3360 1806 3413 Fa·

525 3432 818 3487 bricius
862 3432 999 3486 bibl.
1040 3435 1138 3487 lat.
1182 3432 1417 3490 111599:

526 3520 658 3556 vero
687 3504 1071 3558 Sollerius
1113 3503 1170 3556 in
1213 3502 1559 3557 doctissimis
1587 3505 1805 3573 proleg.

524 3574 596 3627 ad
654 3589 812 3626 suani
864 3574 970 3637 ed.,
1021 3574 1193 3627 etiam
1240 3574 1301 3627 iu
1350 3574 1595 3645 Migne
1645 3574 1702 3626 P.
1746 3575 1804 3628 L.

526 3645 768 3708 Cxxtu,
797 3650 1101 3701 453-582,

1864 1037 2008 1113 Ejus
2041 1055 2217 1113 opera
2247 1037 2504 1113 collegit,
2538 1037 2729 1114 longis
2762 1055 2829 1095 ac
2861 1036 2981 1095 fere
3015 1055 3145 1111 per—

1863 1127 2064 1202 petuis
2095 1127 2536 1185 commentariis
2569 1126 2899 1185 illustravit
2926 1125 3146 1185 edidit-

1863 1234 1978 1291 que
2009 1215 2213 1277 Ambr.
2262 1215 2594 1274 Morales
2636 1215 2941 1274 Cordubae
2983 1226 3142 1277 1574

1862 1306 1924 1363 in
1958 1305 2026 1373 f‚;
2060 1303 2414 1380 prodierunt
2444 1305 2508 1363 in
2539 1304 2738 1363 tribus
2766 1304 3144 1363 bibliothecis

1863 1394 1991 1464 ΡΡ.,
2028 1394 2091 1452 in
2123 1393 2400 1453 Schott
2431 1394 2598 1470 Hisp.
2637 1394 2939 1453 illustrata
2968 1398 3010 1456 t.
3042 1392 3142 1463 IV,

1863 1483 1952 1541 ed.
1986 1502 2137 1558 quae
2157 1481 2390 1541 mendis
2410 1487 2557 1543 sunt
2577 1482 2955 1558 inquinatae;
2988 1483 3145 1540 inter

1862 1576 2061 1647 patres
2108 1572 2405 1631 toletanos
2455 1573 2544 1631 ed.
2592 1592 2627 1630 a
2670 1572 3142 1640 Lorenzana,

1865 1661 2093 1720 Mati-iti
2134 1669 2315 1723 1781.
2348 1662 2424 1731 11,
2475 1672 2589 1725 391
2636 1679 2741 1730 88.;
2792 1662 2857 1719 in
2893 1660 3144 1738 Migne

1865 1751 1923 1808 P.
1987 1750 2050 1808 L.
2113 1750 2274 1820 CXV,
2345 1760 2601 1813 731—‘0
2623 1758 2712 1812 12.
2812 1749 3144 1808 Memor-lale

1863 1847 2193 1899 sanctorum
2243 1840 2329 1896 III
2375 1840 2438 1901 ll.
2477 1842 2729 1905 constat,
2780 1838 2840 1897 in
2890 1857 3142 1913 quorum

1863 1929 2052 2004 primo
2097 1923 2189 2012 (in
2234 1946 2463 1988 carcere
2494 1924 2855 2008 conscripto)
2902 1947 3003 1986 ora
3045 1945 3143 1985 eo-

1862 2037 1998 2076 rum
2030 2017 2303 2088 occludit,
2337 2017 2440 2093 qui
2470 2017 2857 2093 martyribus,
2890 2035 3143 2092 quorum

1864 2110 2033 2184 gesta
2061 2111 2284 2177 narrat,
2317 2106 2585 2183 martyrii
2605 2106 2855 2183 gloriam
2888 2105 3145 2164 adimere

1862 2214 1981 2256 non
2026 2196 2409 2266 verebantur,
2462 2214 2531 2254 eo
2581 2195 2741 2271 quod
2791 2195 3031 2270 propria
3080 2213 3144 2252 se

1863 2285 2023 2361 ipsos
2085 2285 2394 2344 voluntate
2455 2284 2786 2343 discrimini
2847 2283 3144 2353 offerrent,

1862 2392 1981 2432 non
2030 2373 2152 2432 ulla
2197 2374 2484 2433 violentia
2522 2374 2696 2433 fidem
2728 2392 2896 2433 suam
2929 2391 3146 2449 negare

1863 2464 2376 2539 compellerentur.
2443 2463 2589 2522 Dein
2640 2458 2727 2543 (in
2774 2462 2836 2520 ll.
2885 2471 2920 2524 2
2972 2470 3033 2519 et
3081 2460 3146 2535 3)

1869 2552 2209 2630 ,passiones
2242 2552 2593 2629 singillatim
2626 2555 2958 2628 martyrum
2990 2551 3146 2610 claro

1863 2643 2025 2700 fonte
2072 2643 2388 2701 locutionis
2433 2642 2719 2718 explicuit
2762 2645 2824 2700 et
2867 2658 3144 2717 prosecu-

1862 2732 2024 2790 tione
2057 2731 2379 2790 sufficienti
2412 2749 2802 2808 quaecunque
2841 2733 2973 2789 acta
3002 2746 3148 2788 sunt

1864 2817 1964 2900 (ad
1999 2840 2047 2879 a.
2086 2817 2238 2901 856)
2287 2821 2350 2878 in
2396 2819 2762 2896 martyribus
2802 2819 3039 2878 Domini
3083 2824 3146 2877 et

1864 2909 2023 2968 dicta
2068 2910 2363 2968 secuturis
2409 2909 2899 2986 generationibus
2931 2927 3145 2985 propa-

1862 2998 2070 3058 lavit<
2153 2998 2402 3056 Morales
2449 3017 2481 3056 e
2527 3016 2636 3057 sua
2681 2997 2945 3056 editione
2989 2997 3146 3056 dieta

1862 3087 2149 3162 quaedam
2215 3087 2606 3146 Mohammedi
2676 3086 3022 3162 blasphema
3081 3087 3143 3144 in

1863 3175 2162 3235 Christum
2181 3176 2427 3251 ejusque
2461 3194 2538 3239 ss,
2572 3179 2816 3234 matrem
2839 3174 3142 3250 expunxit,

1862 3283 1935 3323 ne
1980 3265 2303 3325 lectoribus
2350 3264 2623 3324 scandalo
2668 3266 2887 3327 essent.
2953 3264 3142 3322 Docu-

1864 3363 2115 3412 mentum
2146 3357 2420 3428 martyrii
2450 3373 2555 3413 seu
2587 3355 2948 3429 martyriale,
2983 3353 3141 3428 quod

1472 3432 1805 3502 praesertim
1863 3443 1925 3501 in
1976 3461 2204 3501 carcere
2253 3444 2492 3518 positus
2535 3443 2883 3520 virginibus
2931 3441 3142 3501 Christi

1861 3533 2066 3591 Florae
2113 3535 2171 3590 et
2205 3532 2425 3591 Mariae
2455 3532 2758 3609 ergastulo
2791 3531 3140 3607 mancipatis

1863 3621 2099 3690 dicavit,
2149 3639 2267 3695 quo
2313 3621 2449 3679 illas
2496 3622 2846 3697 eloquenter
2885 3621 2959 3679 ad
2988 3639 3138 3678 mar-

601 3719 639 3787 ε·)
669 3716 1094 3770 Illustrissimus
1120 3716 1213 3770 hic
1239 3717 1417 3771 abbas
1461 3717 1551 3786 Sp
1570 3717 1801 3771 erain-
1860 3710 2084 3785 tyrium
2131 3710 2508 3769 subeundum
2556 3710 2853 3770 solidavit.
2918 3710 3137 3768 Harum

524 3787 557 3838 ‘¹
582 3804 611 3840 ί·
631 3805 707 3840 ¹1⁸
759 3788 1156 3871 QSperandeusi
1200 3787 1301 3854 qui
1344 3791 1487 3841 teste
1530 3790 1615 3842 Al
1635 3806 1805 3842 varo
1861 3798 2163 3876 virginum
2186 3797 2367 3856 vitam
2400 3801 2462 3857 et
2492 3800 2830 3874 passionem
2861 3797 3052 3858 fusius
3081 3798 3137 3855 in

525 3858 712 3911 «Vitae
754 3859 901 3914 hccl.
942 3863 1068 3922 (3.1)
1114 3859 1324 3919 „totius
1364 3859 1626 3913 Baeticae
1668 3861 1807 3913 fines

525 3930 865 3998 prudentiae
910 3931 1115 3985 rivulis
1161 3930 1513 3990 dulcorabat,
1542 3933 1631 3986 vel
1658 3931 1808 3985 inter

1864 3886 2192 3946 Memoriali
2225 3888 2296 3956 11,
2350 3897 2384 3949 8
2434 3887 2730 3948 describit.
2798 3887 2977 3946 Liber
3005 3905 3135 3963 apo·

527 4002 1026 4055 mohammedauos
1051 4000 1291 4071 positus,
1320 4002 1539 4055 veritus
1567 4020 1682 4057 non
1722 4008 1810 4056 est
1863 3978 2131 4054 &melicus
2181 3984 2510 4052 ’nar‘yrl‘m
2565 3973 2642 4060 (a,
2696 3972 2871 4060 857),
2926 3977 3136 4052 prioris

523 4073 793 4126 adversus
822 4073 1104 4128 Coranum
1127 4073 1534 4127 Saracenorum
1563 4074 1807 4128 scribere
1864 4084 1955 4141 op.
1990 4066 2159 4124 velut
2196 4066 2585 4137 continuatio,
2632 4068 2695 4124 in
2740 4085 2858 4141 quo
2905 4084 3136 4125 rursum

524 4151 579 4197 et
606 4162 675 4197 ss.
702 4148 1012 4212 martyrum
1041 4144 1351 4198 certamina
1369 4146 1681 4198 celebrare:
1710 4148 1809 4198 sed
1864 4155 2197 4213 ultroneam
2249 4154 2343 4213 gui
2394 4155 2822 4213 exhibitionem
2885 4160 2948 4213 et
3008 4154 3136 4213 fidei

526 4219 833 4283 utrumque
897 4217 1172 4284 scriptum
1248 4216 1481 4285 periisse
1560 4215 1806 4270 videtur.

525 4287 793 4356 Superest
820 4291 1041 4340 tautum
1069 4304 1158 4355 ep.
1185 4287 1492 4341 admodum
1535 4288 1784 4341 modesta

1865 4243 2286 4302 consessionem
2309 4249 2643 4303 sanctorum
2664 4244 2911 4302 heroum
2945 4264 2978 4301 a
3009 4243 3138 4319 qui·

524 4358 879 4428 responsoria
906 4358 978 4410 ad
1007 4358 1205 4411 Alvari
1234 4357 1702 4428 postulationem,
1743 4330 1808 4412 in'
1863 4332 2116 4391 bUSdam
2137 4334 2548 4408 reprehensam
2580 4337 2711 4392 tum
2741 4333 2976 4402 iisdssmv
3011 4332 3137 4409 qni·

525 4445 638 4495 qua
666 4430 928 4498 disputent
954 4430 1153 4481 contra.
1190 4429 1501 4484 haereticos
1530 4432 1807 4497 quosdam
1862 4421 1974 4480 bus
2023 4423 2085 4480 in
2137 4422 2461 4481 Memoriali
2519 4422 2731 4490 utitur,
2794 4425 2922 4481 tum
2975 4422 3137 4482 DOViS

530 4505 803 4569 negantes
845 4501 904 4553 iu
934 4500 1049 4554 Deo
1090 4500 1409 4555 trinitatem
1436 4518 1807 4570 personarum
1865 4514 2073 4569 tuetur
2092 4512 2476 4586 argumentis,
2516 4510 2738 4569 Narrat
2769 4512 2832 4570 in
2862 4530 2933 4570 eo
2965 4511 3138 4570 etiam

528 4570 587 4621 iu
615 4571 838 4625 unitate
867 4573 1222 4624 substantiae
1243 4576 1418 4640 atque
1440 4573 1806 4627 divinitatem

528 4641 586 4694 iu
640 4642 882 4696 Christo.
938 4643 1076 4695 Eam
1128 4643 1303 4696 habes
1352 4644 1505 4714 apud
1560 4645 1613 4696 M
1634 4646 1808 4714 igne

1864 4606 2028 4676 gesta
2073 4603 2132 4656 et
2172 4600 2525 4675 martyrium
2559 4599 2828 4658 Roderici
2873 4604 2936 4659 et
2981 4600 3138 4658 Salo-

530 4713 591 4766 P.
632 4713 690 4764 L.
738 4714 903 4776 cxx‘,
944 4720 1242 4770 960-966.
1295 4716 1376 4768 ef.
1424 4715 1548 4770 Nic.
1596 4718 1807 4768 Anto.
1863 4690 2063 4751 monis,
2110 4722 2196 4730 --
2244 4688 2580 4764 Supersunt
2629 4688 2808 4747 etiam
2856 4689 3137 4764 quaedam

534 4782 659 4833 uiu
681 4800 704 4833 s
734 4783 878 4838 Bibl.
906 4783 1038 4835 hist.
1070 4789 1175 4837 vet.
1204 4784 1302 4837 lib.
1331 4785 1405 4838 Vl
1434 4803 1479 4840 e.
1508 4791 1537 4838 7
1567 4806 1622 4846 ιι,
1656 4795 1772 4843 135.

1864 4778 1992 4852 ejus
2055 4777 2336 4850 epistolae.
2427 4778 2612 4835 Tanta
2674 4780 2871 4837 autem
2935 4777 3140 4837 scribit
