3505 5161
462 227 584 280 499

1117 213 1413 265 501—550.
1441 203 1756 274 Theologia
1781 204 2051 276 practica.
2079 203 2418 268 Fen-andus,

2948 223 3069 276 500

461 389 636 475 462),
670 393 938 470 plurium
973 389 1065 476 (7)
1097 395 1478 467 epistolarum
1507 394 1736 453 theolo-
1794 391 2057 452 sinensia
2087 412 2144 468 p.
2171 402 2335 453 5--7
2362 384 2680 472 (appendix
2714 392 2786 450 ad
2819 391 3076 451 indicem

458 486 739 562 gicarum,
792 502 1048 558 quarum
1097 483 1202 542 illa
1252 483 1325 542 ad
1369 482 1738 560 Eugippium
1795 483 2131 541 scholarum
2162 481 2225 539 i'n
2255 480 2421 543 univ.
2452 480 2542 539 lit.
2562 480 2793 540 vratisl.
2812 500 2921 557 per
2952 482 3078 541 hie-

458 576 527 632 de
558 574 804 631 essentia
831 574 1136 631 Trinitatis
1165 574 1226 631 et
1257 572 1491 631 duabus
1523 572 1738 631 Christi
1795 590 1948 631 mem
1979 592 2035 647 p.
2075 579 2419 633 1871—72
2454 565 2907 650 habendarum).

456 662 691 722 naturis
722 662 958 738 integra
988 664 1222 737 reperta
1260 665 1321 721 et
1365 662 1527 720 edita
1557 662 1675 720 fuit
1706 682 1741 720 a

457 751 600 810 Mai
648 752 855 827 Script.
907 754 1022 809 vet.
1070 769 1225 809 nova
1268 751 1396 812 coll.
1440 751 1528 809 ΠΙ
1574 771 1634 827 p,
1682 760 1737 812 2.

1888 758 2032 813 281.
2062 750 2230 808 Inter
2270 749 2589 825 praesume,
2639 750 2744 824 qui
2790 750 3078 808 sermoni-

466 853 491 904 1
506 851 539 904 6
552 852 712 904 9-1
728 849 810 904 84
831 861 845 911 ;
902 838 1063 915 apud
1111 842 1169 898 M
1185 842 1205 897 i
1222 860 1261 917 g
1275 859 1316 899 n
1332 859 1363 898 e
1412 859 1467 916 p.
1523 849 1645 904 908
1671 874 1734 884 -—
1792 839 1908 897 bus
1928 842 2106 915 atque
2126 839 2620 898 instructionibus
2638 838 2917 914 practicis
2938 857 3077 898 oves

459 941 583 994 910
635 931 830 988 exstat
873 931 1108 988 tantum
1148 930 1415 1005 ejusdem
1446 930 1738 1008 fragmen-

457 1024 605 1081 tum.
668 1020 740 1077 In
787 1038 876 1094 ep.
910 1020 982 1077 ad
1015 1018 1310 1095 Reginum
1340 1018 1616 1078 comitem
1648 1038 1738 1077 sa-

456 1109 679 1168 tisfacit
730 1107 1083 1182 quaestioni,
1149 1127 1327 1183 quam
1377 1108 1474 1165 hic
1523 1126 1738 1184 propo-

458 1200 663 1256 suerat
694 1215 740 1255 s.
761 1197 1111 1273 Fulgentio:
1146 1196 1300 1266 Quid
1332 1197 1460 1256 viro
1494 1197 1737 1255 militari

457 1286 813 1346 servandum
846 1289 1001 1345 esset
1032 1286 1105 1344 ad
1138 1287 1510 1345 retinendam
1541 1287 1738 1346 colen-

458 1377 709 1452 damque
754 1376 817 1433 in
864 1393 931 1433 eo
977 1374 1134 1433 vitae
1179 1394 1393 1452 genere
1439 1376 1737 1451 pietatem.

457 1467 602 1525 Cum
635 1467 875 1523 sanctus
910 1464 1013 1522 ille
1043 1467 1232 1523 morte
1252 1468 1613 1539 praeventus
1646 1483 1739 1522 re-

457 1554 747 1632 spondere
784 1572 905 1611 non
940 1554 1221 1629 potuerit,
1269 1554 1328 1611 id
1374 1553 1602 1630 negotii
1634 1554 1739 1613 Fe-

458 1643 681 1703 randns
715 1643 778 1700 in
812 1660 874 1702 se
913 1643 1190 1717 suscepit,
1239 1642 1343 1701 has
1390 1646 1617 1718 septem
1647 1661 1739 1702 re-

457 1734 628 1810 gulas
661 1733 718 1789 ei
748 1731 1085 1791 inculcans:
1122 1731 1399 1800 ,Gratiae
1431 1732 1539 1792 Dei
1571 1732 1740 1808 adju-

456 1822 681 1881 torium
757 1821 870 1879 tibi
947 1821 1340 1893 necessarium
1403 1841 1511 1898 per
1570 1824 1739 1881 actus

459 1911 728 1987 singulos
755 1910 956 1980 crede;
991 1909 1130 1991 Vita
1160 1912 1267 1968 tua
1298 1912 1604 1986 speculum
1641 1910 1738 1981 sit,

456 2001 564 2058 ubi
615 1999 836 2057 milites
886 1999 982 2058 tui
1030 1999 1295 2068 videant,
1360 1999 1504 2077 quid
1555 2019 1741 2077 agere

458 2090 741 2158 debeant;
806 2087 941 2145 Non
990 2105 1259 2164 praeesse
1308 2090 1586 2163 appetas,
1639 2087 1739 2147 sed

459 2177 773 2253 prodesse;
821 2177 1004 2253 dilige
1050 2195 1173 2234 rem
1207 2177 1523 2252 publicam,
1582 2178 1742 2235 sicut

456 2270 519 2325 te
563 2266 794 2341 ipsum3
841 2266 1133 2324 Humanis
1180 2265 1384 2325 divina
1413 2285 1739 2341 praepone;

460 2355 599 2415 Noli
631 2371 760 2413 esse
791 2355 1051 2413 multum
1075 2355 1314 2431 justus;
1355 2357 1649 2414 Memento
1680 2357 1740 2413 te

460 2462 587 2503 esse
607 2443 1084 2502 Christianum‘:
1120 2462 1268 2519 quas
1302 2445 1439 2504 dein
1469 2445 1741 2521 singulas

461 2534 680 2610 optime
721 2534 1001 2609 explanat
1014 2530 1078 2613 ¹).
1155 2534 1315 2592 Duas
1363 2534 1543 2593 habes
1585 2534 1744 2593 inter

460 2643 548 2699 ep.
571 2641 617 2686 s,
637 2623 831 2699 Fulg
846 2641 877 2680 e
893 2642 935 2681 n
950 2623 1049 2681 tii
1081 2642 1116 2680 a
1133 2622 1307 2681 nobis
1328 2623 1518 2682 editas
1540 2641 1740 2699 opusc.

460 2712 656 2782 XLVI,
700 2721 901 2781 1—83
937 2721 1216 2775 44—48.
1272 2713 1400 2771 Una
1429 2715 1523 2771 est
1555 2711 1645 2792 (6)
1677 2713 1741 2772 in

458 2802 719 2860 favorem
794 2819 1002 2860 causae
1077 2802 1264 2859 trium
1325 2801 1739 2878 capitulorum.

457 2890 603 2966 Ejus
652 2890 874 2965 scripta
917 2887 1167 2970 edidit2)
1215 2891 1277 2948 P.
1308 2891 1372 2955 F.
1403 2890 1587 2949 Chif
1595 2890 1625 2948 f
1633 2891 1743 2949 let

457 2979 709 3038 Divione
748 2987 931 3048 1649,
980 2978 1346 3038 Gallandi
1375 2979 1474 3050 XI,
1525 2989 1741 3043 317-

461 3077 620 3138 398;
667 3068 924 3143 Migne
956 3067 1185 3139 LXVII,
1222 3078 1604 3139 887—9623
1651 3088 1740 3145 ep.

456 3157 508 3216 V
557 3174 739 3216 novas
789 3156 1108 3215 familiares
1160 3158 1407 3217 minoris
1455 3159 1741 3217 momenti

457 3246 1082 3304 Reifferscheidt
1112 3246 1271 3305 inter
1301 3247 1606 3306 Anecdota
1637 3248 1740 3307 Ca-

535 3418 575 3486 ι)
602 3414 753 3468 Bene
798 3414 951 3469 idem
1001 3415 1292 3486 praestitit
1341 3417 1390 3468 A
1406 3435 1445 3486 g
1458 3432 1492 3469 a
1508 3436 1546 3487 p
1563 3433 1593 3470 e
1609 3419 1635 3470 t
1649 3435 1685 3469 ιι
1699 3434 1742 3481 s,

458 3484 491 3537 J
494 3485 775 3539 ustiniani
801 3486 939 3556 imp.
961 3504 1053 3540 ma
1095 3486 1249 3550 ister,
1271 3487 1546 3543 diaconus
1573 3489 1743 3544 eccle-

459 3557 574 3611 siae
599 3557 673 3608 ad
700 3574 741 3609 s.
764 3556 1039 3638 Sophiam
1105 3558 1184 3622 Ρ.,
1212 3559 1315 3626 qui
1340 3558 1449 3623 illi,
1471 3560 1607 3613 dum
1629 3577 1743 3613 sus·

1795 928 1911 987 sibi
1943 928 2285 988 commissas
2331 928 2627 1003 praeclare
2660 928 3073 998 instituerunt,

1795 1018 2016 1076 eminet
2047 1036 2091 1080 e.
2125 1018 2165 1076 C
2180 1037 2213 1074 a
2229 1036 2260 1075 e
2278 1035 2305 1075 s
2321 1036 2356 1074 a
2371 1036 2402 1074 r
2419 1017 2441 1074 i
2456 1037 2498 1074 ιι
2515 1036 2542 1076 s
2576 1017 2929 1079 arelatensis
2943 1017 2989 1097 ¹)
3010 1017 3072 1075 in

1796 1125 1935 1184 agro
1968 1105 2357 1165 cabillonensi
2401 1102 2682 1186 (Chalcus
2727 1125 2832 1165 sur
2864 1103 3070 1187 Saone)

1796 1214 1842 1255 c.
1874 1216 1922 1254 a.
1959 1205 2085 1259 469
2134 1196 2230 1255 vel
2265 1206 2387 1258 470
2436 1195 2625 1254 nobili
2678 1197 2845 1254 ortus
2876 1196 3073 1272 stirpe.

1794 1287 1998 1343 Annos
2031 1288 2216 1345 natus
2241 1293 2319 1348 20
2344 1303 2407 1343 se
2438 1285 2657 1359 recepit
2688 1285 2752 1343 in
2783 1285 3076 1361 lerinense

1797 1373 2237 1444 monasterium,
2302 1374 2409 1433 ubi
2457 1375 2732 1432 omnibus
2780 1374 3079 1449 praeluxit

1796 1464 2080 1538 exemplo,
2113 1462 2489 1522 Valetudinis
2523 1462 2705 1520 nimia
2724 1463 3074 1521 austeritate

1796 1552 2037 1611 attritae
2068 1551 2363 1611 curandae
2395 1570 2569 1610 causa
2599 1552 2899 1610 Arelatem
2929 1552 3075 1610 mis-

1796 1659 1918 1712 sus,
1951 1642 2027 1699 ob
2060 1641 2325 1719 egregias
2359 1659 2499 1699 suas
2530 1641 2784 1700 virtutes
2807 1659 2901 1699 as.
2922 1641 3072 1699 Aeo-

1794 1730 1896 1789 nio
1928 1730 2092 1789 illius
2122 1730 2288 1789 urbis
2322 1731 2597 1806 episcopo
2618 1730 2915 1800 diaconus,
2939 1729 3079 1789 dein

1795 1822 1856 1878 et
1886 1819 2201 1896 presby-ter
2230 1820 2539 1878 ordinatus
2572 1822 2749 1894 atque
2779 1821 3075 1877 monaste-

1794 1908 1884 1967 rio
1917 1909 1980 1966 in
2011 1908 2276 1967 Rhodani
2327 1909 2527 1967 insula
2570 1926 2751 1984 prope
2794 1907 3079 1966 Arelaten

1796 1998 1971 2056 datus
2001 2001 2094 2055 est
2125 1998 2305 2055 abbas
2339 2015 2385 2055 c.
2418 2018 2467 2055 a.
2503 2008 2649 2060 499.
2712 1998 2843 2056 Mox
2874 1999 3077 2056 tamen

1796 2090 1932 2163 post
1964 2105 2008 2149 s,
2042 2087 2254 2146 Aeonii
2302 2089 2555 2145 mortem
2606 2089 2845 2144 evectus
2879 2088 2971 2145 est
3002 2086 3080 2144 ad

1796 2193 2016 2234 munus
2067 2176 2396 2251 episcopale
2448 2172 2522 2255 (a.
2562 2172 2733 2256 502),
2781 2194 2899 2250 quo
2932 2174 3076 2233 fide-

1796 2264 2025 2323 lissime
2058 2269 2147 2323 est
2178 2265 2422 2324 functus
2469 2265 2626 2324 vitae
2676 2283 2811 2323 vere
2842 2268 3077 2340 aposto·

1796 2353 1943 2413 licae
1975 2354 2290 2430 exemplar,
2326 2353 2677 2429 disciplinae
2721 2353 3077 2412 ecclesiasti-

1797 2461 1895 2501 cae
1925 2445 2290 2502 restaurator
2320 2445 2381 2501 et
2412 2446 2631 2512 cust08,
2665 2461 2996 2519 pauperum
3015 2446 3075 2501 et

1797 2533 2143 2592 miserorum
2164 2532 2576 2608 pientissimus
2601 2535 2791 2608 pater.
2822 2531 2965 2591 Fuit
2981 2550 3070 2591 ac-

1797 2625 2058 2691 cusatus,
2093 2622 2195 2680 sed
2228 2625 2369 2697 post
2399 2623 2576 2681 breve
2599 2621 2882 2680 exsilium
2915 2640 3072 2680 revo-

1797 2714 1963 2770 catus
2016 2708 2088 2792 (c,
2126 2706 2311 2791 505);
2356 2711 2577 2770 iterum
2624 2711 2782 2787 apud
2816 2711 3071 2770 Theodo-

1795 2801 1985 2859 ricum
2031 2801 2102 2878 (c.
2141 2811 2263 2864 508
2299 2803 2360 2858 et
2394 2795 2548 2880 513)
2600 2800 2912 2859 calumniis
2958 2800 3076 2858 fuit

1796 2889 2130 2965 impetitus,
2174 2891 2278 2949 sed
2322 2889 2848 2948 innocentissimus
2880 2907 3078 2965 reper-

1796 2981 1916 3038 tus.
1974 2980 2157 3054 Capta
2187 2979 2337 3038 urbe
2369 2980 2688 3037 arelatensi
2719 2997 2826 3054 per
2856 2978 3079 3037 Gothos

1797 3088 1845 3126 a.
1883 3078 2004 3131 510
2041 3068 2265 3126 multos
2297 3068 2565 3143 captivos
2587 3068 2836 3143 copiosis
2869 3086 2904 3124 a
2934 3066 3079 3125 fide-

1796 3158 1957 3215 libus
1990 3157 2203 3216 oblatis
2234 3157 2624 3234 eleemosynis
2656 3159 2832 3230 atque
2864 3174 2931 3213 ex
2964 3155 3075 3214 Ec-

1797 3246 2005 3304 clesiae
2033 3246 2330 3305 thesauris
2357 3245 2633 3308 redemit.
2665 3245 3080 3321 ASymmacho

1796 3335 2073 3410 pontifice
2104 3336 2320 3394 Romae
2353 3335 2670 3394 honorifice
2687 3339 2779 3393 est
2797 3336 3078 3409 exceptus

1796 3424 2149 3501 magnisque
2226 3428 2439 3483 auctus
2500 3424 2852 3501 privilegiiS,
2900 3426 3079 3498 atque

1798 3514 2050 3572 vicarius
2081 3515 2446 3589 apostolicus
2491 3532 2600 3588 per
2632 3513 2849 3572 Gallias
2881 3516 2943 3571 et
2971 3512 3076 3570 Hi-

456 3629 676 3697 ciperef,
699 3627 929 3698 impetu
953 3629 1346 3698 gubernacula
1372 3646 1424 3683 a,
1452 3632 1572 3695 527,
1609 3631 1742 3687 3510
1799 3603 2066 3679 spaniam
2086 3603 2473 3664 constitutus.
2505 3603 2688 3662 Plura
2706 3602 2921 3661 habuit
2937 3619 3070 3660 con-

456 3716 603 3768 puro
632 3701 690 3752 et
712 3698 999 3754 rhetorico
1027 3700 1217 3754 officia
1243 3701 1512 3772 exposuit
1534 3701 1744 3826 {finci-
1798 3692 1934 3750 cilia
1976 3710 2082 3767 pro
2131 3691 2520 3751 restauranda
2566 3691 3075 3768 promovendaque

457 3770 547 3841 pis
572 3768 872 3823 christiani
899 3775 968 3827 72
1003 3771 1324 3843 capitibus:
1366 3773 1470 3841 qui
1507 3773 1554 3826 11

457 3841 658 3912 magni
684 3841 1038 3909 aestimatus,
1066 3843 1395 3914 saepissime
1457 3843 1633 3899 rodiit
1658 3845 1743 3900 in-

457 3929 568 3981 que
583 3913 766 3966 varias
778 3913 893 3967 fuit
905 3930 1100 3969 versus
1111 3914 1197 3969 lin
1240 3931 1359 3969 uas.
1469 3918 1564 3970 bes
1577 3916 1742 3971 illum

1595 3774 1743 3829 ellus
1798 3780 2129 3857 disciplina,
2144 3785 2319 3858 atque
2330 3783 2394 3840 in
2406 3782 2652 3840 concilio
2662 3778 3078 3840 arausicanoll.

1798 3870 2399 3947 Semipelagianorum
2449 3889 2678 3930 errores
2729 3869 3077 3928 solemniter

457 3983 921 4040 inGallandi
961 3985 1096 4043 bibl.
1138 3988 1188 4040 x
1236 4008 1248 4046 ;
1312 3986 1560 4058 Migne
1587 3987 1647 4046 P.
1677 3988 1742 4042 e.
1798 3962 1858 4017 et
1907 3960 2260 4037 singillatim
2310 3959 2615 4019 damnavit-
2647 3955 2850 4039 (529),
2899 3976 3078 4033 quam

455 4055 753 4120 LXXXVI,
779 4066 824 4120 1,
857 4061 1151 4115 1163—86.
1178 4057 1475 4112 Editiones
1489 4061 1745 4112 recenset
1798 4047 2236 4108 damnationem
2314 4049 2637 4125 apostolica
2723 4047 3079 4106 auctoritate

455 4125 1226 4183 Fabricius-Harless
1291 4130 1453 4193 Vm,
1530 4135 1741 4186 36—42
1796 4137 2137 4198 Bonifacius
2187 4140 2245 4196 II
2281 4135 2463 4221 (530)
2513 4137 2817 4196 roboravit
2865 4140 2926 4195 et
2974 4154 3078 4212 pe-

456 4198 631 4270 (apud
658 4199 753 4252 Mi
824 4216 907 4253 ne
934 4199 974 4254 1.
1000 4219 1047 4256 c.
1078 4204 1481 4272 1155—1162);
1513 4200 1577 4254 in
1594 4201 1742 4255 bibl-

455 4270 604 4351 belg.
646 4269 771 4324 Gan
855 4278 1152 4329 1880-90,
1194 4273 1218 4325 l
1256 4273 1324 4325 A.
1350 4276 1437 4328 74.
1466 4273 1584 4327 Sec.
1611 4272 1743 4327 XVI

453 4341 790 4395 indicantur
815 4341 964 4396 circa
978 4348 1045 4398 20
1056 4343 1143 4397 ed.
1169 4343 1252 4398 Of.
1268 4343 1319 4396 Κ
1329 4361 1357 4396 ι·
1367 4361 1405 4397 ιι
1418 4362 1475 4396 ιιι
1486 4343 1523 4396 b
1535 4360 1569 4396 a
1580 4360 1610 4396 c
1620 4345 1661 4398 h
1673 4344 1743 4418 essr

456 4429 546 4482 op.
575 4412 699 4466 cit.²
723 4433 779 4484 p.
807 4417 929 4468 456.

530 4487 570 4556 ²)
598 4483 1152 4539 Bardenhewer
1177 4494 1205 4553 ἓ
1235 4492 1339 4541 114
1363 4504 1419 4538 ιι.
1448 4494 1478 4542 5
1501 4508 1512 4547 ;
1539 4490 1598 4539 et
1623 4486 1738 4540 KL.

456 4556 577 4618 IV2,
633 4559 785 4612 1217.
863 4556 1350 4611 Fessler-Jun
1421 4573 1633 4613 mann
1685 4558 1740 4611 II

453 4647 508 4698 p.
538 4634 569 4682 2
596 4643 724 4697 pag.
753 4632 858 4683 423
883 4630 1113 4689 annot.;
1139 4629 1208 4681 de
1230 4644 1317 4698 ep.

1872 4346 1912 4414 ¹)
1940 4343 2203 4398 Casei-ius
2231 4384 2243 4397 .
2267 4384 2279 4397 .
2307 4385 2320 4398 .
2370 4345 2504 4397 darf
2545 4343 2632 4397 als
2677 4341 2872 4413 Typus
2913 4342 3081 4411 jener

1795 4415 2080 4486 thatigen,
2141 4415 2560 4488 aufopfernden
2624 4413 2889 4470 Bischofe
2938 4412 3077 4466 sud-

1871 4487 2040 4542 lliens
2066 4488 2276 4558 gelten,
2303 4487 2518 4540 welche
2546 4485 2695 4541 beim
2710 4485 2890 4539 Unter
2968 4499 3079 4555 nge

1836 4574 1897 4612 er
1910 4558 2231 4613 romischen
2247 4559 2403 4614 Welt
2417 4557 2509 4611 die
2527 4557 2859 4613 christliche
2918 4558 3080 4611 ultur
3110 4578 3120 4587 ·

1390 4628 1458 4681 11.
1479 4628 1553 4681 ad
1575 4629 1653 4682 Re
1698 4630 1740 4683 i·
1797 4629 1855 4682 in
1883 4629 1976 4683 die
2005 4646 2191 4684 neuen
2207 4630 2674 4700 Staatengebilde
2690 4628 3081 4684 barbarischer

453 4716 593 4751 num
620 4697 670 4749 K
686 4703 724 4750 fi
741 4716 778 4750 n
796 4715 821 4749 s
836 4698 944 4752 tle
971 4697 1120 4752 Zwei
1140 4698 1491 4754 Documente
1518 4717 1668 4753 zura
1694 4703 1738 4754 t-
1796 4700 2010 4754 Volker
2023 4702 2530 4757 herfiberretteten.
2548 4700 2593 4754 B
2609 4717 2644 4754 a
2659 4719 2688 4753 r
2702 4703 2739 4753 d
2756 4717 2786 4754 e
2803 4700 3037 4754 nhewe
3049 4716 3080 4751 r

454 4767 671 4824 christl.
697 4768 1214 4840 Militarseelsorge,
1240 4769 1429 4824 Mainz
1461 4776 1613 4828 1900.

1793 4780 1821 4838 5
1852 4777 1954 4828 112
1981 4791 2037 4825 n.
2063 4779 2113 4829 6.
