3505 5161
478 211 602 266 179

474 381 755 457 pluribus
788 380 1108 439 interesset
1138 379 1423 448 conciliis,
1463 381 1631 438 totus
1663 377 1755 437 vi-

472 470 650 529 vebat
679 488 788 529 suo
821 469 990 546 gregi
1009 468 1286 528 omnibus
1315 469 1514 528 omnia
1543 467 1757 527 factus.

1183 198 1484 249 326—400.
1509 193 1562 245 S.
1588 189 1926 245 Ambrosius
1951 190 2410 249 mediolanensis,

2976 208 3097 266 180

1813 376 2026 436 stino
2057 371 2337 458 dicitur1)
2372 375 2591 445 ,homo
2607 377 2733 448 Dei,
2767 378 3102 440 catholicus

1812 468 1873 524 et
1917 466 2239 525 catholicae
2271 465 2541 525 veritatis
2573 465 2859 527 adversus
2891 469 3101 529 haere-

474 560 630 618 Hinc
678 558 1024 617 catervatim
1070 577 1206 617 eum
1251 556 1500 617 adibant
1548 556 1757 617 auxilii
1811 554 1964 614 ticos
2015 573 2206 631 usque
2269 554 2343 615 ad
2393 555 2733 630 periculum
2781 558 3101 635 sanguinis

473 649 701 724 inopes,
749 666 1005 723 quorum
1048 646 1501 707 infirmitatibus
1534 645 1756 705 servie-

473 738 610 797 bat:
669 754 845 795 nemo
895 737 1209 795 vetabatur
1257 736 1509 813 ingredi,
1561 754 1756 811 neque
1811 732 1984 791 miles
2000 732 2362 792 etEcclesiae
2377 732 2570 793 fidelis
2586 733 2856 805 doctor;‘

2568 646 2854 705 strenuus
2874 646 3098 707 Christi

2880 756 3097 813 ,quem

1812 642 2087 703 defensor
2106 643 2428 703 acerrimus
2449 686 2466 701 .
2486 690 2497 702 .
2520 687 2534 702 .

473 844 602 886 mos
634 828 764 885 erat
808 825 863 883 ei
898 826 1234 886 venientem
1265 826 1581 885 nunciare:
1628 826 1759 883 erat
1811 840 2062 881 veneror
2109 825 2182 881 ut
2229 822 2478 898 patrem,
2538 823 2606 882 in
2650 823 2883 884 Christo
2936 825 3097 885 enim

473 915 741 991 gaudens
761 932 898 973 cum
915 915 1318 991 gaudentibus
1348 917 1410 974 et
1438 914 1586 973 flens
1620 931 1758 973 cnm

473 1002 836 1082 fientibus1).
903 1003 1009 1063 Vir
1070 1007 1198 1063 erat
1255 1004 1520 1071 ,multae
1568 1003 1757 1063 absti-

474 1093 712 1153 nentiae
743 1096 805 1152 et
836 1092 1180 1168 vigiliarum
1211 1093 1541 1152 multarum
1577 1096 1638 1151 et
1668 1094 1756 1151 la-

474 1183 704 1253 borum,
769 1182 1115 1257 quotidiano
1170 1181 1400 1259 jejunio
1454 1200 1756 1241 macerans

1812 910 1963 970 Jesu
1993 911 2121 987 ipse
2153 930 2246 971 me
2267 911 2482 990 genuit
2513 956 2527 972 .
2559 959 2575 975 .
2607 960 2621 974 .
2654 914 2827 988 cujus
2858 933 2967 989 pro
3001 934 3100 974 ca-

1810 1000 2030 1060 tholica
2066 999 2182 1061 fide
2225 1000 2502 1078 gratiam,
2547 1002 2961 1075 constantiam,
3008 1004 3100 1063 la-

1811 1090 2000 1160 bores,
2021 1090 2302 1165 pericula,
2336 1089 2462 1150 sive
2496 1091 2777 1166 operibus
2810 1092 2937 1152 sive
2970 1110 3096 1153 ser-

1812 1179 2091 1239 monibus
2110 1182 2173 1239 et
2189 1178 2318 1254 ipse
2334 1196 2469 1238 sum
2481 1184 2763 1256 expertus
2782 1183 2845 1240 et
2861 1200 3098 1241 mecum

477 1290 713 1347 corpus,
764 1271 864 1330 cui
910 1270 1244 1347 prandendi
1275 1288 1583 1346 nunquam
1615 1288 1755 1330 con·
1810 1286 1930 1327 non
1946 1267 2184 1329 dubitat
2197 1267 2536 1346 praedicare
2552 1269 2714 1327 orbis
2730 1289 3012 1331 romanus
3023 1266 3102 1352 2).

476 1360 733 1419 suetudo
764 1360 885 1419 fuit
915 1359 1035 1419 nisi
1067 1359 1164 1419 die
1196 1360 1430 1419 sabbati
1475 1362 1538 1419 et
1567 1359 1756 1419 domi-

474 1450 610 1509 nico
641 1450 738 1507 vel
775 1467 912 1508 cum
943 1449 1207 1509 natilitia
1237 1448 1758 1509 celeberrimorum

385 1540 394 1547 ’
474 1542 810 1615 martyrum
841 1539 1059 1600 essent.
1125 1538 1345 1597 Orandi
1384 1538 1562 1597 etiam
1607 1538 1757 1597 assi-

476 1627 676 1687 duitas
699 1647 912 1705 magna
935 1628 1029 1687 die
1061 1646 1127 1686 ac
1157 1629 1360 1699 nocte;
1391 1646 1500 1687 nec
1518 1645 1757 1703 operam

477 1716 811 1775 declinabat
843 1716 1143 1777 scribendi
1179 1716 1422 1792 propria
1451 1735 1632 1776 manu
1683 1717 1758 1774 li-

474 1807 633 1877 bros,
663 1805 782 1865 nisi
803 1825 937 1865 cum
957 1806 1160 1881 aliqua
1177 1803 1526 1865 infirmitate
1544 1824 1758 1882 corpus

476 1896 608 1971 ejus
647 1895 1020 1955 attineretur.
1067 1940 1083 1956 .
1115 1945 1127 1957 .
1162 1943 1177 1957 .
1225 1894 1299 1953 In
1346 1894 1525 1954 rebus
1575 1894 1758 1954 etiam

475 1983 696 2043 divinis
717 1983 1116 2060 adimplendis
1137 1983 1499 2042 fortissimus
1532 1984 1595 2043 in
1625 1986 1756 2044 tan-

475 2075 625 2144 tum,
677 2076 748 2131 ut
776 2073 937 2147 quod
969 2072 1187 2133 solitus
1219 2077 1347 2132 erat
1379 2073 1531 2132 circa
1561 2073 1756 2149 bapti-

474 2162 686 2220 zandos
732 2162 895 2220 solus
941 2161 1207 2237 implere,
1253 2163 1519 2238 quinque
1550 2166 1759 2238 postea

474 2250 735 2326 episcopi
752 2253 1038 2325 tempore,
1070 2269 1191 2325 quo
1210 2250 1482 2321 decessit,
1515 2251 1614 2311 vix
1646 2251 1757 2311 im-

473 2339 725 2415 plerent.
793 2338 1099 2399 Sollicitus
1131 2342 1309 2400 etiam
1341 2340 1600 2400 nimium
1648 2361 1757 2417 pro

473 2427 835 2504 pauperibus
857 2431 919 2486 et
935 2429 1213 2504 captivis:
1233 2449 1368 2489 nam
1390 2429 1451 2487 in
1468 2432 1752 2506 tempore,

475 2535 594 2592 quo
646 2516 957 2594 episcopus
1005 2517 1315 2578 ordinatus
1366 2523 1458 2578 est
1475 2563 1490 2589 ‚
1542 2538 1755 2579 aurum

472 2625 648 2666 omne
695 2608 876 2681 atque
924 2610 1254 2685 argentum,
1318 2610 1478 2684 quod
1539 2609 1757 2668 habere

473 2698 723 2770 poterat,
770 2697 1049 2757 ecclesiae
1085 2698 1179 2757 vel
1212 2698 1578 2775 pauperibus
1610 2717 1752 2758 con-

473 2784 638 2848 tulit.
717 2786 964 2845 Praedia
1011 2787 1208 2858 etiam,
1279 2807 1432 2863 quae
1480 2787 1750 2859 habebat,

472 2877 775 2933 reservato
795 2875 1244 2936 usufructuario
1264 2896 1578 2954 germanae
1594 2895 1754 2948 suae,

473 2962 722 3022 donavit
751 2964 1046 3035 ecclesiae,
1096 2967 1249 3025 nihil
1282 2967 1414 3038 sibi,
1465 2966 1625 3041 quod
1657 2966 1756 3025 hic

473 3070 652 3111 suum
682 3052 922 3125 diceret,
956 3054 1394 3132 derelinquens,
1442 3058 1515 3115 ut
1555 3056 1755 3115 nudus

473 3144 653 3216 atque
684 3141 995 3217 expeditus
1028 3145 1200 3204 miles
1231 3144 1534 3205 Christum
1554 3144 1754 3205 Domi-

472 3250 618 3290 num
650 3228 1125 3312 sequeretur2).‘
1190 3234 1518 3293 Laboribus
1566 3234 1752 3293 curis-

472 3337 590 3396 que
606 3325 1000 3395 consumptus
1014 3321 1225 3380 incidit
1243 3322 1308 3380 in
1323 3321 1749 3393 infirmitatem,

473 3428 592 3483 qua
637 3427 770 3467 cum
818 3409 1095 3483 pluribus
1140 3409 1351 3469 diebus
1385 3411 1756 3471 detineretur

474 3497 537 3554 in
569 3496 810 3567 lectulo,
845 3515 1037 3556 comes
1058 3498 1263 3558 Stilico
1295 3499 1512 3559 dixisse
1541 3501 1750 3572 fertur,

477 3585 677 3661 ,quod
697 3588 865 3645 tanto
887 3585 1014 3646 viro
1045 3586 1357 3648 recedente
1388 3588 1461 3648 de
1492 3608 1749 3665 corpore,

471 3674 755 3733 interitus
786 3674 1126 3735 immineret
1152 3676 1483 3755 ltaliaess).‹
1540 3679 1751 3737 Deces-

471 3764 551 3822 sit
580 3766 787 3823 tantus
818 3763 923 3823 ille
952 3765 1045 3826 vir
1079 3776 1134 3828 4.
1167 3768 1306 3842 Apr.
1344 3775 1490 3829 397.

563 3950 664 4004 95.
695 3941 944 4017 Pr0pter
962 3943 1260 4020 insignem
1289 3945 1420 4019 ejus
1442 3945 1748 4005 scientiam

470 4033 651 4107 atque
683 4031 895 4091 merita
925 4032 1176 4091 maxima
1205 4052 1314 4109 pro
1363 4033 1519 4093 bono
1552 4035 1748 4094 Eccle-

471 4120 594 4180 siae
624 4120 997 4195 temporibus
1030 4121 1348 4181 admodum
1378 4123 1751 4183 turbulentis

469 4209 703 4286 magnis
748 4212 1004 4285 quatuor
1034 4210 1325 4270 Ecclesiae
1369 4211 1752 4272 occidentalis

470 4298 814 4358 doctoribus
859 4301 1219 4358 accensetur.
1296 4302 1347 4358 A
1394 4319 1440 4359 s.
1485 4303 1749 4377 Augu-

551 4541 586 4604 ¹)
615 4536 695 4590 Cf.
726 4556 765 4589 s.
796 4537 1277 4606 Augustinus
1305 4538 1552 4592 confess,
1580 4539 1676 4602 Vt,
1699 4547 1747 4598 3;

470 4607 930 4661 Paulinusin
959 4610 1082 4677 ejus
1106 4608 1227 4662 vita
1252 4628 1308 4662 n.
1336 4617 1422 4665 39.

546 4680 701 4759 ²)1t35
730 4679 1096 4733 Paulinus
1122 4681 1184 4735 in
1210 4680 1329 4733 vita
1357 4699 1403 4736 c.
1431 4687 1464 4736 9
1490 4699 1546 4733 n.
1573 4689 1659 4738 38.

545 4753 586 4820 ³)
614 4750 757 4804 Ibid.
784 4768 830 4805 c.
862 4756 926 4804 10
950 4771 1005 4805 n.
1033 4760 1117 4807 45.

1905 1454 2006 1507 96.
2038 1446 2229 1505 Multa
2276 1445 2525 1522 reliquit
2568 1464 2745 1523 opera
2774 1448 3098 1523 praeclara,

1811 1534 1876 1592 in
1907 1535 2130 1609 quibus
2159 1535 2367 1610 pietas,
2413 1535 2701 1607 doctrina,
2753 1537 3104 1613 eloquentia

1812 1622 2037 1699 pariter
2055 1626 2298 1683 movent
2315 1624 2551 1684 lectoris
2577 1625 2859 1697 animum,
2883 1626 3104 1687 docent

1812 1714 1992 1788 atque
2023 1712 2340 1777 oblectant.
2400 1713 2486 1772 Ex
2531 1715 2624 1773 his
2657 1714 3108 1792 dogmatica

1812 1802 1873 1859 et
1917 1801 2207 1876 polemica
2250 1804 2422 1862 sunt:
2470 1803 2633 1863 Libri
2679 1803 2729 1862 V
2773 1805 2843 1862 de
2879 1806 2992 1879 fido
3036 1803 3107 1886 (a.

1810 1890 2117 1949 nonnullis
2179 1891 2593 1951 inscribuntur
2652 1895 2720 1952 de
2787 1894 3107 1973 Trinitato)

1812 1981 2059 2056 rogante
2093 1979 2376 2041 Gratiano
2406 1982 2478 2039 ad
2509 1982 2884 2056 imperatoris
2916 1982 3093 2043 fidem

1813 2068 2273 2128 confirmandam
2285 2073 2489 2129 contra
2499 2071 2903 2131 cavillationes
2922 2073 3094 2131 Aria-

1812 2176 2027 2217 norum
2058 2159 2398 2234 conscripti.
2463 2158 2792 2236 Scripserat
2831 2160 3100 2236 primum

1812 2246 1961 2307 duos
1996 2242 2197 2329 (378).
2261 2248 2354 2307 Ad
2398 2266 2582 2308 novas
2612 2251 2814 2308 tamen
2845 2251 3095 2310 Ariano—

1810 2354 1945 2394 rum
2007 2336 2410 2396 cavillationes
2471 2337 2814 2398 refutandas
2877 2339 3098 2416 adjecit

1810 2424 1958 2483 alios
2018 2428 2143 2484 tres
2206 2426 2499 2503 singulari
2560 2444 2704 2485 cura
2763 2426 3100 2487 elaboratos

1814 2508 1923 2597 (37
1934 2510 2016 2596 9),
2050 2513 2157 2590 qui
2187 2513 2456 2590 priorum
2489 2519 2635 2574 sunt
2653 2516 2822 2575 velut
2853 2518 3098 2594 supple-

1809 2606 2097 2667 mentum.
2128 2604 2282 2664 Hinc
2310 2606 2531 2680 partim
2562 2606 2782 2666 omissa
2799 2605 3096 2684 adjungit,

1811 2693 2028 2765 partim
2053 2693 2179 2768 jam
2212 2693 2369 2752 dicta
2397 2694 2595 2754 fusius
2627 2694 2921 2771 explanat,
2957 2716 3101 2772 par-

1810 2780 1922 2839 tim
1952 2784 2024 2841 ad
2056 2800 2240 2841 novas
2271 2785 2644 2859 exceptiones
2691 2781 3093 2868 respondet3).

1813 2870 1923 2929 Hic
1952 2870 2249 2931 coronidis
2293 2872 2487 2949 gratia
2529 2873 2747 2948 adjecit
2779 2869 2962 2956 (381)
2995 2893 3100 2934 eo·

1810 2959 1944 3019 dem
1975 2961 2330 3036 imperatore
2359 2967 2608 3038 rogante
2638 2963 2695 3024 ll.
2719 2964 2758 3019 3
2773 2964 2843 3021 de
2862 2963 3097 3038 Spiritu

1809 3069 1875 3126 s.,
1909 3051 1974 3108 in
2006 3050 2229 3126 quibus
2282 3050 2482 3110 utitur
2528 3051 2810 3127 operibus
2861 3051 2933 3111 de
2984 3053 3108 3112 hoc

1809 3142 2218 3217 argumentoa
2243 3158 2292 3199 s.
2321 3140 2644 3213 Basilio,
2685 3159 2728 3200 s.
2762 3143 3102 3202 Athana·

1809 3228 1927 3287 sio
1957 3232 2020 3287 et
2051 3228 2372 3305 Didymo
2405 3227 3102 3307 elaboratis4).—-L.de

1809 3319 2236 3377 incarnationis
2266 3314 2592 3378 dominicae
2622 3327 3003 3397 sacramento,
3027 3321 3094 3380 in

1808 3425 1927 3482 quo
1958 3424 2140 3466 novas
2156 3407 2232 3465 ab
2249 3407 2489 3466 Arianis
2504 3411 2695 3468 motas
2711 3409 3091 3484 quaestiones

1808 3498 2016 3554 contra
2063 3496 2201 3554 Filii
2250 3496 2629 3556 divinitatem
2679 3497 2949 3560 discutit.
3006 3532 3094 3542 —-

1808 3584 2093 3659 Sequitur
2115 3585 2243 3658 jam
2273 3584 2671 3645 bellissimum
2702 3587 2770 3644 de
2803 3590 3104 3663 mysteriis*

1886 3761 1922 3824 ¹)
1950 3755 2094 3808 Adv.
2122 3754 2481 3811 Julianuml.
2510 3763 2540 3810 2
2567 3773 2613 3810 c.
2641 3763 2750 3812 9..n
2778 3761 2863 3812 32.

1883 3825 2092 3896 ²)1bid.
2120 3828 2155 3881 l.
2189 3835 2231 3881 l.
2261 3834 2466 3884 c.3..n
2498 3834 2578 3882 10.

1881 3901 1922 3968 ⁸)
1939 3896 2108 3978 Opus
2158 3897 2264 3952 hoc
2310 3917 2351 3951 s.
2395 3897 2679 3953 Ambrosii
2718 3899 3094 3981 praecipuum

1807 3970 1880 4022 ob
1907 3967 2256 4038 singularem
2280 3969 2690 4039 praestantiam
2732 3971 2884 4026 inter
2926 3988 2961 4024 o
3004 3989 3098 4025 us·

1808 4040 1936 4094 cula
1982 4058 2053 4095 ss,
2097 4039 2203 4094 ΡΡ.
2257 4041 2462 4095 selecta
2512 4041 2796 4096 edidimus
2847 4046 2885 4095 t.
2990 4043 3093 4096 XX

1808 4109 2130 4181 Oeniponte
2165 4117 2316 4167 1875.
2369 4112 2539 4166 Liber
2577 4116 2768 4169 autem
2794 4117 2857 4168 de
2873 4117 2978 4181 fide
3001 4132 3092 4170 or-

1806 4187 2037 4237 thodoxa
2065 4186 2262 4238 contra
2289 4184 2530 4239 Arianos
2558 4184 2701 4238 falso
2721 4185 2777 4239 ei
2796 4183 3092 4240 tribuitur.

1806 4255 1881 4308 ab
1905 4253 2034 4309 aliis
2060 4252 2201 4324 vig
2217 4253 2359 4308 ilio
2386 4273 2492 4325 ep„
2518 4256 2608 4309 vel
2636 4254 3100 4314 Phoebadio·

1808 4273 2201 4394 probabiliter
2208 4325 2437 4379 videtur
2463 4343 2580 4379 esse
2609 4326 2653 4379 G
2673 4345 2700 4378 r
2716 4344 2745 4381 e
2761 4347 2800 4398 g
2816 4344 2849 4382 ο
2865 4344 2892 4379 r
2907 4326 2968 4381 ii
2992 4327 3099 4383 eli-

1812 4395 2068 4452 beritani.
2121 4397 2287 4467 (3121).
2318 4404 2414 4453 141
2444 4414 2495 4450 a.

1878 4473 1922 4540 ⁴)
1949 4468 2151 4522 Exstat
2174 4468 2322 4523 alius
2348 4467 2575 4523 libellus
2597 4471 2688 4524 vel
2707 4469 3098 4537 fragmentum

1805 4556 1898 4607 op.
1937 4543 1999 4595 de
2036 4542 2311 4609 Spiritus,
2355 4539 2472 4610 (Mi
2539 4557 2623 4593 ne
2664 4540 2839 4604 XVII,
2881 4548 3094 4596 1005-—

1811 4615 1966 4680 1012)
1995 4612 2101 4664 sub
2139 4610 2366 4667 nomine
2406 4630 2451 4664 s.
2476 4559 2839 4677 {mbrosiu
2821 4611 2923 4680 qui
2966 4612 3098 4680 qui·

1805 4681 1933 4737 dem
1982 4687 2068 4736 est
2114 4684 2267 4737 lectu
2311 4681 2523 4753 dignus
2566 4685 2625 4737 et
2678 4685 2927 4748 auctore,
2992 4683 3096 4737 sed

1805 4756 1992 4808 tamen
2018 4770 2133 4808 non
2159 4757 2245 4807 est
2269 4771 2311 4806 s·
2337 4753 2616 4824 praesulis
2641 4753 2838 4810 nostri.
