3505 5161
384 233 503 286 801

382 418 505 459 cur.
556 401 816 478 Hagen
880 402 942 459 in
995 400 1330 478 Hilgenfeld
1386 402 1665 461 Zeitschr.

381 491 479 548 fiir
509 490 851 549 wissensch.
884 490 1080 551 Theol.
1122 499 1307 553 1883.
1348 490 1562 549 XXVII
1606 509 1663 565 p.

393 589 510 642 164
560 581 620 637 et
656 589 799 641 344.
864 579 1081 654 Aliqua
1125 579 1181 639 ei
1226 580 1395 638 fuere
1441 598 1662 654 suppo·

382 668 513 739 sita,
562 671 632 726 ut
678 669 746 727 de
790 671 904 727 vita
937 677 987 726 et
1022 670 1277 728 moribus
1308 670 1658 743 antichristi,

379 762 454 818 tr.
487 758 555 815 de
586 759 935 816 eucharistia
970 754 1199 839 (Pasch.
1232 754 1549 839 Ratberti),
1589 762 1663 816 tr.

379 848 780 906 Amolonis
814 849 1090 907 adversus
1116 849 1359 922 judaeos
1390 851 1500 906 etc.

474 1035 618 1088 438.
653 1026 840 1102 Magis
888 1025 1038 1083 forte
1084 1026 1191 1085 hac
1245 1029 1439 1084 aetate
1488 1027 1663 1084 inno-

381 1114 506 1173 tuit
535 1133 653 1173 non
685 1119 924 1173 tantum
955 1115 1194 1189 scriptis
1228 1116 1329 1173 sed
1376 1120 1439 1174 et
1470 1115 1660 1192 gestis

380 1207 560 1278 atque
594 1204 1013 1262 controversiis
1046 1204 1509 1263 Hincmarus
1536 1201 1663 1283 (In-

380 1312 608 1369 gumar,
640 1292 894 1369 Ingmer,
930 1289 1149 1374 igmar)
1185 1294 1489 1373 remensis.
1540 1294 1659 1351 No·

382 1381 492 1439 bili
522 1401 737 1458 genere
784 1385 1113 1459 prognatus
1160 1401 1205 1440 c.
1253 1403 1303 1443 a.
1355 1394 1477 1445 806
1531 1378 1661 1465 (sed

381 1489 500 1546 quo
532 1472 660 1530 loco
702 1467 996 1551 ignotum)
1045 1472 1304 1531 traditus
1350 1477 1443 1531 est
1487 1472 1662 1530 insti-

380 1560 643 1619 tuendus
664 1560 952 1619 Hilduino
986 1560 1184 1619 abbati
1222 1558 1321 1642 (cf.
1342 1582 1396 1637 p.
1424 1556 1578 1644 751)
1599 1561 1663 1618 in

1361 215 1700 269 Hincmarus
1725 210 2014 269 remensis.

2877 232 2998 286 802

1721 422 1888 472 nem;
1939 402 2003 460 in
2035 403 2165 477 ejus
2199 400 2436 460 demum
2470 402 2666 460 locum
2702 404 2824 477 ipse
2858 403 3000 461 sub-

1719 491 2000 551 stituitur
2040 512 2090 551 a.
2127 501 2283 553 844:
2334 509 2484 566 quae
2533 492 2733 550 tamen
2780 491 3004 551 substi-

1720 581 1879 639 tutio
1912 580 2072 639 haud
2105 598 2322 657 paucas
2355 580 2408 637 ei
2442 580 2664 639 creavit
2681 581 3001 652 molestias,

1721 689 1857 739 cum
1888 689 2009 730 non
2032 670 2310 729 omnibus
2328 669 2453 727 visa
2485 669 2566 727 sit
2596 670 2867 746 legitima
2888 670 3003 727 Eb-

1719 760 1895 819 bonis
1933 759 2240 836 depositi0‚
2275 761 2336 817 et
2365 758 2605 816 nonnisi
2639 778 2688 820 a.
2713 768 2835 822 868
2872 764 3004 835 post

1720 850 1942 908 multas
1963 848 2402 927 negotiationes
2433 866 2566 907 cum
2600 847 2734 907 sede
2766 852 3004 924 aposto·

1720 937 1849 1007 lica,
1884 938 2228 1014 praesertim
2259 956 2395 997 cum
2428 936 2670 996 Nicolao
2699 937 2726 995 1
2759 932 3004 1017 (858—

1724 1022 1900 1108 867),
1948 1027 2341 1087 declaratione
2385 1025 2673 1084 Hadriani
2700 1028 2775 1084 11.
2822 1046 3001 1103 nego·

1719 1118 1877 1175 tium
1909 1118 2018 1176 hoc
2039 1116 2435 1192 peremptorie
2452 1115 2570 1174 fuit
2589 1115 3002 1192 compositum.

1721 1208 2006 1266 Pluribus
2069 1205 2348 1265 interfuit
2410 1204 2682 1281 synodiS,
2752 1225 3004 1281 quarum

1718 1298 1849 1372 ipse
1895 1295 2012 1355 fuit
2054 1296 2148 1355 vel
2189 1313 2446 1372 praeseS,
2500 1294 2594 1353 vel
2642 1295 2855 1364 anima,
2908 1295 3004 1353 vel

1720 1387 1931 1445 saltem
1951 1405 2165 1462 magna
2183 1402 2337 1460 pars,
2388 1385 2478 1441 lta
2509 1383 2572 1441 in
2602 1383 2826 1459 synodo
2845 1383 3002 1459 apud

1724 1475 2083 1534 Curisiacum
2135 1474 2467 1550 palatinum
2520 1468 2723 1553 (833),
2774 1473 2838 1530 in
2887 1491 3007 1546 qua

1720 1564 2165 1624 Gotteschalcus
2185 1561 2523 1639 presbyteri
2556 1562 2747 1638 gradu
2778 1564 2872 1620 est
2903 1561 3004 1620 de—

382 1669 429 1707 s.
491 1649 762 1726 Dionysii
812 1651 1188 1712 monasterio,
1271 1650 1523 1709 Juvenis
1587 1649 1658 1708 ad
1712 1655 1930 1729 jectus,
1980 1653 2045 1711 in
2096 1652 2471 1729 ergastulum
2515 1653 2787 1709 retrusus
2831 1651 3005 1708 Alto-

381 1739 574 1796 aulam
627 1738 792 1797 venit
823 1739 1109 1798 Ludovici
1146 1740 1233 1798 Pii
1283 1740 1441 1815 imp.‚
1490 1740 1659 1814 cujus
1720 1743 1951 1801 villaris
1984 1741 2333 1801 monasterii
2365 1743 2427 1799 et
2458 1743 2717 1814 quatuor
2745 1739 3009 1815 capitula

380 1827 691 1886 fruebatur
708 1828 918 1905 gratia,
956 1848 1074 1904 qua
1105 1848 1252 1887 usus
1276 1832 1382 1899 est,
1418 1832 1489 1887 ut
1521 1847 1660 1886 eum

382 1917 708 1975 sollicitum
728 1917 999 1976 redderet
1030 1917 1101 1975 de
1134 1918 1518 1977 restauranda
1538 1917 1659 1975 dis-

380 2006 600 2081 ciplina
628 2006 907 2082 religiosa
938 2025 1006 2065 eo
1054 2006 1116 2064 in
1148 2008 1509 2066 monasterio
1541 2007 1660 2065 col-

381 2096 559 2170 lapsa.
650 2097 783 2169 Ipse
832 2094 1063 2171 primus
1114 2097 1356 2173 regulae
1405 2096 1660 2174 rigorem

380 2188 474 2241 est
505 2192 766 2245 secutus,
831 2184 1189 2243 Hilduinum
1222 2184 1513 2255 abbatem,
1558 2184 1664 2260 qui

380 2273 572 2348 gratia
605 2272 978 2349 imperatoris
1009 2275 1303 2332 exciderat
1335 2277 1396 2331 et
1426 2274 1565 2332 hinc
1598 2273 1661 2331 in

381 2362 689 2420 Saxoniam
737 2362 932 2420 suerat
976 2363 1290 2441 relegatuS,
1345 2363 1661 2421 comitatus

380 2454 472 2509 est
502 2451 673 2527 eique
707 2469 815 2510 sua
835 2451 1255 2510 intercessione
1287 2452 1513 2511 veniam
1551 2452 1659 2509 im-

380 2540 654 2616 petravit.
720 2541 840 2600 Nec
886 2541 1079 2600 minor
1125 2541 1437 2601 fruebatur
1468 2540 1658 2600 Caroli

379 2630 536 2688 Calvi
571 2631 779 2708 gratia,
812 2631 917 2707 qui
950 2650 1083 2690 eum
1118 2632 1348 2707 aliquot
1379 2631 1663 2707 praefecit

379 2721 770 2782 monasteriis,
844 2720 1163 2779 Vacaverat
1205 2723 1327 2796 jam
1380 2719 1660 2779 decennio

379 2808 544 2866 sedes
577 2809 861 2867 remensis
908 2809 982 2867 ob
1023 2810 1239 2869 Ebonis
1256 2807 1300 2891 ¹)
1335 2809 1659 2885 depositio·

1719 1833 1887 1890 illius
1909 1830 2294 1908 opinionibus
2314 1830 2587 1905 opposita
2605 1829 2852 1887 fuerunt
2866 1847 3002 1887 con-

1720 1922 1969 1980 stituta:
2030 1939 2186 1995 quae
2243 1923 2444 1978 tamen
2491 1917 2756 1994 synodus
2800 1918 3003 1977 valen-

1717 2010 1849 2069 tina
1878 2009 2221 2085 reprobavit
2255 2002 2475 2090 (855):
2521 2009 2607 2064 ita
2645 2010 2706 2064 et
2737 2006 3000 2082 synodus

1717 2099 2113 2176 lingoniensis
2164 2094 2364 2178 (860).
2443 2095 2692 2154 Interim
2763 2096 3003 2171 scripsit

1720 2189 2076 2247 Hincmarus
2101 2189 2170 2245 cle
2186 2188 2714 2263 praedestinatione
2728 2185 2842 2243 Dei
2856 2192 2906 2243 et
2935 2187 3004 2243 de

1719 2279 1897 2337 libero
1933 2278 2182 2336 arbitrio
2227 2295 2331 2351 pro
2376 2275 2718 2334 defensione
2763 2274 3002 2333 illarum

1720 2371 1925 2426 contra
1954 2366 2405 2441 reprehensores
2439 2382 2598 2437 suoS,
2632 2363 3002 2438 maximeque

1718 2462 1929 2515 contra
2004 2455 2641 2513 Gotteschalcum
2729 2457 2790 2510 et
2868 2454 3002 2511 Ra-

1718 2548 1745 2603 t
1761 2566 1790 2604 r
1806 2566 1840 2604 a
1855 2566 1910 2604 m
1928 2564 1970 2604 n
1986 2564 2025 2603 u
2042 2564 2101 2604 m
2151 2543 2215 2603 ll.
2265 2555 2319 2614 3,
2374 2544 2542 2620 cujus
2591 2561 2681 2618 op.
2715 2542 2999 2602 hactenus

1717 2638 1955 2693 tantum
2035 2634 2349 2708 superfuit
2412 2632 2794 2709 praefationis
2874 2633 3001 2706 epi-

1720 2725 1890 2792 stola,
1932 2723 2036 2781 sed
2068 2724 2117 2781 G
2133 2743 2175 2781 ιι
2190 2742 2232 2780 ιι
2248 2723 2286 2781 d
2301 2723 2323 2780 l
2338 2742 2372 2779 a
2387 2741 2416 2780 c
2432 2722 2469 2779 h
2501 2723 2565 2780 in
2599 2721 2873 2779 Zeitschr.
2907 2721 3003 2778 fiir

1719 2813 2179 2887 Kirchengescb.
2265 2821 2449 2874 1888.
2511 2811 2580 2878 X,
2662 2819 2999 2877 92-—1453

1724 2911 2020 2964 258--31
2046 2913 2066 2962 1
2127 2900 2280 2959 illud
2345 2917 2479 2958 cum
2529 2899 2645 2957 alio
2697 2898 3000 2956 Hincmari

1721 2991 1943 3066 scripto
1963 2989 2189 3065 publici
2215 2989 2371 3065 juris
2393 2988 2562 3047 fecit:
2596 2990 2658 3044 et
2677 2987 2818 3061 quia
2836 3006 3000 3063 mag-

460 3072 493 3138 ¹)
520 3067 627 3121 Hic
648 3086 778 3122 cum
799 3068 1090 3123 Ludovico
1119 3069 1215 3122 Pio
1238 3069 1299 3122 ιιι
1322 3069 1453 3121 aula
1477 3067 1663 3123 Caroli
1718 3100 1859 3138 nam
1920 3078 2175 3137 incurrit
2249 3075 2770 3135 contradictionem
2844 3076 3000 3150 „pud

383 3138 454 3191 M.
482 3138 803 3203 institutus,
830 3139 990 3195 illius
1018 3141 1133 3193 fuit
1175 3139 1661 3193 bibliothecarius.

381 3210 586 3264 Factus
606 3214 691 3264 est
706 3211 1168 3282 archiepiscopus
1184 3210 1458 3264 remensis
1474 3228 1521 3267 a.
1540 3214 1662 3265 816.

378 3284 599 3334 Auctus
627 3300 857 3338 munere
876 3283 1056 3352 legati
1072 3281 1375 3352 apostolici
1392 3300 1493 3351 pro
1516 3284 1661 3335 bono

1718 3187 1930 3246 graves
1951 3168 2267 3244 scriptores
2299 3171 2360 3224 et
2390 3165 2696 3239 episcopos
2728 3164 2803 3222 ob
2835 3163 2999 3222 dam-

1721 3251 2021 3316 nationem
2086 3255 2386 3314 doctrinae
2449 3253 2860 3322 Gotteschalci‚
2916 3253 2999 3312 al-

381 3353 512 3406 fidei
555 3354 899 3408 christianae
937 3356 1225 3424 profectus
1265 3355 1351 3406 est
1393 3369 1445 3407 a.
1472 3360 1577 3409 823
1603 3353 1662 3407 in
1718 3351 1919 3405 terum
1981 3348 2050 3403 de
2102 3345 2624 3424 praedestinatione
2685 3340 2899 3416 adjecit
2961 3342 2998 3398 l.

378 3425 620 3477 Daniam
673 3442 787 3479 Ποῦ
842 3426 962 3479 Sine
1004 3426 1214 3479 fructu.
1290 3427 1477 3489 Quum
1530 3441 1663 3477 vero
1718 3439 1929 3494 contra
1960 3436 2214 3493 eundem
2246 3438 2306 3492 et
2337 3436 2561 3491 ceteros
2593 3429 2999 3505 praedestina-

378 3496 650 3549 Lothario
678 3497 951 3550 adversus
978 3497 1333 3550 Ludovicum
1361 3496 1660 3565 imperato·

377 3584 496 3621 rem
523 3568 757 3631 faveret,
785 3569 854 3621 de
900 3568 1079 3622 ositus
1106 3571 1164 3620 et
1184 3567 1424 3620 Fuldam
1452 3567 1663 3636 relega-

379 3643 471 3692 tus
491 3641 578 3692 est
602 3655 651 3691 a.
680 3646 802 3695 835.
856 3589 991 3693 gost
1030 3640 1205 3706 hujus
1230 3642 1471 3692 mortem
1500 3637 1661 3692 resti·

378 3713 539 3763 tutus
567 3709 755 3765 Caroli
796 3711 957 3765 Calvi
1002 3711 1146 3764 iram
1191 3711 1389 3780 fugere
1431 3714 1661 3763 coactus

376 3783 465 3834 est
486 3787 662 3850 atque
689 3780 750 3835 in
779 3782 1141 3837 Germaniam
1187 3781 1435 3836 secessit.
1488 3779 1660 3834 Nisus

377 3855 462 3904 est
510 3871 671 3906 suam
723 3854 934 3922 agendi
986 3853 1264 3906 rationem
1306 3851 1455 3906 tueri
1506 3851 1661 3905 edita

378 3928 635 3992 :molossia
654 3924 733 3995 (M
750 3924 771 3978 i
786 3945 823 3994 g
843 3944 878 3978 n
896 3943 925 3976 e
950 3925 1341 3987 CXV1,11ss.x,
1360 3940 1533 3991 quarn
1552 3927 1661 3976 tra.-

376 3995 529 4048 didit
578 3997 794 4064 synodo
844 3996 1287 4066 ingelheimensi
1335 3999 1496 4065 (840),
1546 4011 1662 4062 qua

376 4084 491 4120 non
520 4069 782 4121 obstante
805 4069 927 4136 ejus
950 4067 1239 4120 restitutio
1267 4083 1382 4120 non
1406 4067 1518 4119 fuit
1537 4082 1661 4135 pro·

379 4138 511 4191 bata
538 4155 571 4191 a
598 4139 831 4206 synodis
859 4141 1051 4209 postea
1074 4137 1303 4198 habitis,
1323 4139 1559 4207 ejusque
1578 4154 1661 4190 or-

377 4207 701 4263 dinationes
733 4212 889 4264 fuere
918 4213 1183 4264 cassatae.
1215 4208 1403 4262 Habes
1429 4208 1591 4263 illurn
1621 4208 1658 4261 1.

377 4279 437 4332 ιιι
466 4280 514 4334 D
531 4297 564 4334 a
581 4300 610 4335 c
626 4283 665 4335 h
683 4298 711 4334 e
729 4300 757 4335 r
773 4281 829 4334 ii
856 4281 1164 4351 Spicilegio
1194 4280 1317 4342 Vll,
1350 4286 1511 4336 175—
1533 4287 1629 4335 183
1648 4301 1659 4338 2

378 4351 464 4404 ed.
493 4357 524 4405 2
552 4356 587 4405 t
621 4353 729 4412 1[1;
782 4352 1351 4421 Werminghoff
1386 4352 1442 4404 k.
1492 4351 1660 4404 Arch.

378 4422 479 4475 der
519 4422 644 4478 Ges.
671 4426 764 4478 fiir
808 4431 857 4478 ὲὶ.
899 4424 952 4477 d.
982 4423 1177 4480 Gescb.
1207 4422 1380 4486 XXV,
1408 4427 1656 4478 361·378.

379 4495 460 4547 Cf.
488 4496 1056 4550 etiamnarrcstimiem
1084 4494 1418 4548 clericorum
1444 4496 1553 4562 (14)
1582 4509 1660 4546 re·

377 4566 677 4630 mensium,
706 4585 848 4635 quos
877 4567 993 4620 scil.
1020 4568 1153 4635 post
1173 4582 1333 4619 suam
1355 4563 1659 4632 depositio·

380 4653 507 4691 nem
534 4638 917 4701 ordinaverat,
945 4639 1013 4691 de
1041 4637 1262 4707 duplici
1291 4637 1413 4706 ejus
1440 4635 1659 4706 deposi-

378 4708 553 4771 tione,
581 4725 754 4776 quam
796 4709 980 4763 edidit
1018 4708 1065 4760 D
1085 4728 1121 4762 u
1139 4726 1167 4761 c
1186 4709 1223 4762 h
1240 4725 1268 4760 e
1288 4727 1311 4761 s
1328 4727 1365 4759 n
1383 4724 1411 4760 e
1454 4707 1659 4776 Script.

379 4781 555 4832 franc.
582 4781 650 4842 11,
678 4787 989 4836 340-3442
1019 4780 1265 4849 Migne
1293 4779 1370 4831 ib.
1399 4797 1454 4848 p.
1488 4783 1659 4834 17-22.

594 4879 782 4933 Hurtcr,
811 4879 1139 4925 ,voment-lator
1167 4879 1182 4922 1
1211 4879 1284 4922 ed.
1314 4877 1393 4923 111.

1717 3526 1914 3584 tianos
1959 3521 2240 3605 (Migne
2303 3521 2517 3590 CXXV,
2556 3515 2903 3599 65—474)‚
2937 3520 2997 3577 in

1721 3632 1838 3688 quo
1870 3613 2145 3671 adductis
2167 3611 2445 3688 pluribus
2466 3609 2837 3668 documentis
2859 3610 2999 3667 Got-

1717 3703 2081 3761 teschalcum
2124 3702 2339 3759 erroris
2382 3700 2620 3758 accusat
2650 3701 2712 3756 et
2741 3697 3002 3773 capitula

1719 3791 1998 3850 carisiaca
2041 3792 2264 3852 tuetur.
2333 3790 2584 3847 Demum
2628 3787 2832 3845 ambae
2864 3806 2998 3861 par·

1718 3884 1810 3938 tes
1843 3880 1904 3937 in
1938 3879 2186 3937 tullensi
2207 3877 2449 3936 concilio
2471 3876 2628 3951 apud
2650 3876 2997 3934 Tussiacum

1717 3990 1767 4028 a.
1821 3980 1944 4031 860
1998 3967 2415 4026 convenientes
2448 3965 2817 4024 concordiam
2850 3965 2999 4022 inie-

1716 4060 1863 4117 runt
1894 4060 1955 4116 et
1984 4056 2299 4133 epistolam
2334 4054 2676 4130 synodalem
2710 4054 2784 4110 ab
2818 4053 2999 4109 Hinc-

1716 4165 1879 4206 maro
1959 4145 2357 4218 conscriptam
2440 4145 2848 4216 susceperunt.
2911 4175 2996 4183 —-

1716 4236 1983 4294 Alterius
2001 4232 2432 4293 controversias
2445 4250 2577 4289 cum
2592 4230 2997 4288 Gotteschalco

1717 4423 1800 4476 Cf.
1830 4422 1973 4477 Hist.
2005 4421 2088 4476 lit.
2119 4421 2186 4484 V,
2219 4427 2526 4476 loo—104:
2569 4418 2832 4471 Hefele
2862 4417 2999 4470 Con-

1715 4493 2076 4561 ciliengesch.
2111 4493 2184 4545 [V
2211 4501 2238 4558 ξ
2263 4498 2385 4548 438.
2415 4499 2532 4547 452.
2562 4492 2683 4547 474.
2705 4492 2824 4544 475.
2854 4488 2896 4541 Ε
2916 4490 2950 4541 b
2967 4506 2997 4542 ο

1716 4564 1958 4619 decessit
1983 4565 2283 4634 episcopus
2301 4559 2719 4623 Hildesheimii,
2735 4559 2806 4613 ad
2826 4576 2999 4627 quam

1716 4637 1904 4691 sedem
1955 4639 2189 4691 vocatus
2241 4638 2327 4689 est
2375 4651 2423 4686 a.
2475 4634 2580 4689 847
2629 4649 2661 4685 a
2708 4629 2995 4685 Ludovico

1717 4709 2055 4762 Germaniae
2107 4725 2239 4777 rege
2293 4711 2338 4778 (†
2379 4712 2464 4760 20.
2509 4704 2672 4757 Mart.
2717 4705 2860 4772 851).
2914 4701 2995 4755 Cf.

1717 4779 1790 4831 W
1808 4797 1836 4832 e
1855 4798 1882 4832 r
1900 4799 1934 4830 11
1953 4796 1981 4832 e
1999 4798 2026 4832 r
2056 4780 2263 4832 Alcuin
2295 4796 2350 4847 p.
2381 4782 2483 4833 288
2510 4794 2577 4833 ss.

2609 4868 2677 4920 26
