3505 5161
411 223 530 278 305

1316 203 1646 260 Theodorus
1673 203 2127 275 Mopsuestenus.

2898 227 3023 282 306

403 392 717 470 plerosque
749 392 1305 452 deuterocanouicos
1337 392 1409 450 N.
1428 392 1491 453 Τ.
1529 411 1563 450 8
1593 410 1688 450 ca·
1741 394 1867 451 tate
1899 411 1978 456 ss.
2013 392 2454 469 Scripturarum
2487 394 2790 469 explicuit.
2841 397 3026 467 Quin-

407 500 561 541 none
592 481 874 551 excludit,
923 482 1127 540 sensui
1166 481 1594 559 grammaticali
1626 494 1688 539 et
1740 481 2032 542 todecimo
2076 499 2215 540 vero
2264 482 2567 543 volumine
2603 486 2800 544 totum
2831 488 3027 562 operis

403 571 625 631 literali
655 570 836 630 nimis
883 571 1166 640 inhaeret,
1215 573 1417 646 spreta
1460 569 1686 629 intelli·
1742 571 1838 630 sui
1885 590 2097 648 corpus
2128 571 2324 631 citatis
2354 571 2534 631 etiam
2565 578 2804 651 patrum
2837 576 3026 635 tradi-

404 660 609 738 gentia
657 660 875 731 altiori,
938 660 1115 736 plura
1159 660 1356 735 rejicit
1403 659 1686 719 vaticinia
1741 660 2010 720 tionibus
2032 661 2399 720 confirmavit
2427 663 2487 720 et
2512 664 2905 724 communivit
2917 660 2983 747 ¹).
2999 674 3027 704 ‘

400 750 698 809 messiana
728 753 789 808 et
820 748 1103 808 audacius
1137 769 1171 807 a
1215 753 1455 826 patrum
1487 750 1685 825 expla-

401 838 646 898 natione
678 839 933 898 ,recedit
1012 838 1167 897 Hinc
1216 839 1458 914 scripsit
1506 837 1682 898 etiam

402 946 557 1003 opus
589 928 813 1005 grande
843 930 1138 986 tomorum
1162 927 1208 986 V
1240 929 1519 987 adversus
1548 928 1683 985 alle·

296 1089 303 1094 ,
400 1019 674 1097 yoristas,
729 1016 886 1092 quod
937 1016 1092 1076 forte
1141 1021 1235 1075 est
1285 1016 1458 1085 illud,
1510 1017 1684 1091 cujus

403 1105 679 1165 meminit
731 1106 777 1163 F
792 1125 827 1164 a
840 1124 872 1164 c
886 1125 928 1164 u
943 1125 985 1164 n
998 1105 1038 1164 d
1052 1124 1097 1164 u
1112 1123 1139 1163 s
1191 1106 1683 1164 herminianensis

403 1194 668 1255 fervidus
683 1195 814 1271 ejus
828 1195 1141 1271 apologeta
1156 1190 1242 1276 (M
1257 1195 1276 1253 i
1292 1213 1334 1272 g
1346 1214 1388 1254 n
1402 1213 1434 1253 e
1455 1194 1683 1264 LXVII,

412 1288 588 1359 602):
641 1324 669 1353 ,
686 1284 862 1342 Liber
906 1286 976 1343 de
1020 1285 1297 1359 alleqcria
1335 1291 1385 1343 et
1415 1285 1680 1360 historia,

408 1392 578 1449 quem
609 1378 815 1433 contra
843 1372 1156 1451 Origenem
1190 1373 1446 1450 scripsit.
1461 1380 1490 1412 '¹
1539 1373 1683 1432 Plu-

405 1464 555 1522 rima
582 1481 824 1539 quoque
862 1462 1111 1538 reliquit
1155 1480 1330 1539 opera
1375 1463 1412 1521 d
1429 1483 1463 1523 o
1479 1483 1519 1540 g
1534 1481 1592 1520 m
1607 1482 1643 1520 a
1658 1493 1683 1506 ·

1744 749 1861 808 Sed
1894 768 2013 809 non
2033 750 2312 810 obstante
2331 752 2504 809 tanto
2524 752 2717 829 elogio
2750 754 2904 813 circa
2936 755 3028 813 in-

1742 839 2108 898 carnationis
2125 840 2481 917 mysterium
2500 842 2737 913 errmrit,
2765 842 3029 902 Nestorii

1742 927 1872 1004 egit
1916 947 2378 1005 praecursorem,
2427 930 2655 1006 duplici
2701 930 2766 989 in
2798 932 3029 992 Christo

1739 1016 2004 1077 admissa
2032 1037 2303 1093 persona,
2339 1021 2402 1078 et
2432 1020 2703 1079 statuens
2724 1021 3027 1081 Christum

1739 1108 2040 1167 hominem
2060 1127 2095 1165 a
2112 1108 2611 1184 concupiscentiis
2628 1110 2821 1168 carnis
2841 1110 3028 1171 fuisse

1740 1196 2145 1268 molestatum,
2195 1216 2229 1255 a
2274 1197 2447 1256 malis
2494 1198 2784 1274 paulatim
2833 1218 2896 1259 86
2936 1219 3028 1259 se-

1742 1304 1998 1360 parasse,
2034 1303 2104 1344 ex
2140 1287 2407 1361 profectu
2428 1303 2674 1363 operum
2695 1288 2882 1349 fuisse
2907 1309 3029 1348 me—

1740 1373 2039 1444 lioratum,
2063 1374 2442 1451 adoptionem
2461 1378 2880 1451 promeruisse,
2907 1396 3027 1437 non

1740 1481 1868 1522 6886
1887 1464 2106 1522 Deum:
2141 1464 2279 1522 hinc
2299 1464 2543 1523 Mariam
2576 1483 2706 1524 esse
2727 1467 2836 1525 Dei
2855 1469 3025 1543 geni-

402 1553 588 1621 tica,
623 1570 879 1627 quorum
899 1552 1132 1628 aliquot
1149 1551 1482 1629 fragmenta
1500 1550 1682 1611 habes
1738 1552 1947 1612 tricem
1980 1571 2118 1629 prae
2149 1554 2426 1612 concione
2446 1558 2653 1629 aperte
2675 1557 2940 1633 negavit,
2969 1560 3031 1615 et

403 1642 464 1699 in
508 1641 759 1718 Migne
806 1642 870 1703 P.
908 1642 974 1699 G.
1023 1640 1218 1711 LXVI,
1270 1650 1683 1704 969—1020.
1739 1642 1980 1700 nonnisi
2013 1642 2089 1700 ob
2136 1645 2295 1701 ortas
2329 1642 2488 1701 inter
2517 1642 2718 1702 fideles
2752 1645 3032 1705 scandala

399 1731 568 1788 Inter
599 1730 740 1789 haec
768 1729 883 1797 ‚de
902 1730 1310 1789 incarnatione
1329 1730 1582 1800 Domini,
1614 1732 1685 1788 ut

1741 1732 1804 1788 et
1833 1732 2062 1801 turbas,
2102 1731 2493 1791 assertionem
2524 1733 2844 1792 revocavit.
2907 1734 3030 1793 Ne-

400 1818 613 1878 scribit
645 1819 1092 1878 Gennadius
1134 1819 1207 1878 de
1239 1821 1348 1878 vir.
1380 1820 1467 1878 ill.
1500 1837 1547 1879 c.
1587 1829 1685 1890 12,
1739 1818 1907 1896 gavit
1936 1822 1999 1879 et
2030 1823 2335 1896 peccatum
2366 1821 2656 1898 originale
2684 1823 3031 1898 praesertim

399 1909 467 1972 ll.
507 1918 584 1971 15
632 1907 706 1966 ad
738 1907 1079 1984 quindecim
1111 1909 1275 1967 milia
1305 1927 1515 1968 versus
1548 1926 1684 1967 con·
1739 1909 1805 1967 in
1835 1909 1894 1968 ll.
1928 1909 1979 1967 V
2010 1914 2160 1992 πρὸς
2192 1910 2331 1981 τοὺς
2364 1911 2652 1990 λέγοντας
2684 1905 2874 1995 φύσει,
2929 1915 3031 1974 καὶ

399 1997 685 2067 tinentes,
733 1998 796 2055 in
841 1997 1064 2073 quibus
1104 1997 1332 2057 ratione
1363 1998 1686 2074 purissima

398 2089 464 2145 et
512 2086 877 2145 testimoniis
911 2087 1357 2162 Scripturarum
1401 2087 1682 2156 ostendit,

400 2177 471 2234 D.
503 2175 544 2233 J
546 2193 716 2234 esum
762 2176 920 2235 sicut
951 2175 1389 2252 plenitudinem
1421 2175 1682 2245 deitatis,

398 2265 490 2323 ita
518 2263 960 2340 plenitudinem
978 2265 1366 2324 humanitatis
1386 2265 1685 2325 habuisse.

402 2354 589 2413 Docet
618 2357 680 2412 et
709 2354 1007 2413 hominem
1028 2354 1262 2414 duabus
1282 2357 1519 2413 tantum
1541 2354 1682 2413 sub-

410 2443 643 2502 stantiis
674 2446 967 2513 constare,
1003 2442 1065 2502 id
1095 2448 1201 2514 est,
1234 2444 1434 2502 anima
1464 2448 1526 2503 et
1557 2462 1684 2502 cor-

407 2548 563 2608 pore,
594 2549 956 2608 sensumque
987 2536 1047 2592 et
1079 2533 1358 2609 spiritum
1386 2551 1507 2593 non
1535 2533 1684 2591 alte-

404 2640 531 2680 ram
563 2623 979 2692 substantiam,
1027 2623 1130 2682 sed
1177 2622 1367 2682 officia
1396 2641 1525 2682 esse
1556 2622 1684 2681 aui-

402 2730 533 2769 mae
566 2711 852 2788 ingenita,
904 2711 1126 2788 quibus
1157 2712 1430 2788 inspirat,
1465 2711 1686 2787 quibus

399 2799 772 2859 rationabilis
818 2803 930 2874 est,
977 2801 1199 2876 quibus
1232 2800 1514 2860 sensibile
1546 2800 1688 2858 facit

398 2907 635 2965 corpus.
685 2888 977 2958 Quartum
1006 2890 1305 2949 decimum
1336 2892 1534 2949 autem
1576 2889 1684 2948 hu·

390 2979 501 3053 jus
533 2979 728 3054 operis
759 2980 800 3037 l.
832 2977 1075 3055 propria
1106 2978 1178 3037 de
1202 2980 1462 3059 increata
1481 2980 1542 3038 et
1561 2979 1688 3037 sola

396 3068 751 3144 incorporea
782 3067 1138 3143 dominaque
1170 3069 1436 3128 omnium
1476 3086 1523 3131 s.
1559 3067 1686 3125 Tri-

398 3154 613 3214 nitatis
645 3160 861 3216 natura
904 3161 966 3215 et
1017 3156 1090 3215 de
1135 3161 1541 3216 creaturarum
1588 3175 1684 3215 ra-

400 3245 568 3304 tione
589 3245 887 3305 disserens
919 3244 1016 3321 pio
1049 3264 1230 3305 sensu
1263 3264 1398 3306 cum
1430 3245 1686 3304 auctori-

396 3414 463 3483 ja
486 3415 811 3468 manchmal
836 3414 1013 3486 gieng
1052 3431 1112 3469 er
1151 3416 1299 3470 noch
1327 3415 1540 3480 weiter,
1568 3415 1688 3469 und

402 3486 577 3538 fasste
627 3485 707 3540 sie
771 3504 881 3540 nur
941 3502 1043 3558 per
1104 3487 1688 3542 accommodationem

404 3554 789 3622 messianisch,
817 3556 1010 3611 indem
1037 3575 1098 3612 er
1118 3558 1198 3612 sie
1217 3558 1304 3611 818
1322 3558 1689 3630 Weissagun-

405 3643 515 3696 gen
558 3644 628 3682 ex
672 3632 882 3683 eventu
942 3629 1189 3685 deutete.
1242 3630 1308 3684 In
1352 3629 1546 3686 seinen
1584 3646 1690 3684 aus

410 3707 440 3753 5
464 3697 607 3753 Bdn.
650 3700 1034 3756 bestehenden
1075 3700 1690 3756 Psalmeucommentar

411 3770 582 3842 bezog
603 3787 664 3825 er
678 3788 789 3824 nur
810 3781 845 3827 4
859 3771 1120 3826 Psalmen
1142 3777 1211 3845 (2.
1227 3780 1277 3828 8.
1295 3782 1381 3828 45.
1404 3779 1503 3828 110
1519 3771 1687 3843 Lxx)

408 3839 587 3896 direct
625 3842 744 3896 und
784 3842 865 3895 im
891 3842 1241 3898 Literalsiun
1284 3845 1391 3897 auf
1413 3844 1688 3907 Christus,

404 3911 496 3966 die
521 3913 772 3967 anderen
799 3914 1045 3968 erklfirte
1086 3932 1146 3968 er
1164 3914 1398 3985 judaice
1427 3956 1438 3968 .
1469 3955 1480 3967 .
1508 3955 1520 3968 .
1567 3915 1689 3969 Von

404 3982 517 4038 den
580 3984 963 4040 historischen
1028 3986 1459 4040 Verbaltuissen
1522 3989 1691 4040 unter

405 4053 611 4118 David,
675 4055 962 4121 Ezechias,
1023 4058 1333 4112 Zorobabel
1395 4058 1514 4111 und
1578 4057 1690 4111 den

404 4125 805 4182 Machabaern.
836 4128 899 4181 In
927 4129 1110 4184 altero
1137 4144 1269 4183 vero
1300 4146 1391 4198 op.
1420 4127 1689 4184 Th.v.M.

425 4199 497 4250 cf.
537 4197 691 4252 infra
731 4219 785 4269 p.
811 4206 917 4257 306
957 4204 1029 4273 a.)
1071 4202 1211 4255 bene
1254 4202 1418 4254 notat
1458 4220 1513 4271 p.
1559 4207 1689 4256 124:

452 4269 510 4322 h.
535 4270 615 4323 ist
638 4270 886 4325 vielfach
926 4272 1011 4325 818
1052 4271 1400 4327 Rationalist
1442 4272 1503 4325 in
1531 4271 1689 4326 Com-

404 4342 723 4395 mentarien
744 4342 842 4396 der
867 4342 1183 4399 biblischen
1204 4343 1424 4397 Bucher
1439 4342 1691 4397 bezeich-

1742 1992 1813 2060 οὒ
1842 2000 2053 2082 γνώμῃ
2087 2002 2308 2062 πταίειν
2340 2000 2480 2070 τοὺς
2499 1995 2872 2084 ἀνθρώπους
2892 2020 3030 2060 con·

1740 2091 1836 2146 tra
1867 2093 2197 2146 asserentes
2225 2088 2493 2147 homines
2526 2108 2766 2165 peccare
2796 2096 3028 2160 natura,

1740 2195 1863 2235 non
1913 2177 2239 2248 voluntate,
2298 2178 2471 2252 cujus
2523 2195 2615 2254 op.
2669 2180 3032 2239 mentionem

1740 2266 1883 2325 facit
1916 2266 2243 2326 Photius
2275 2266 2400 2331 cod.
2423 2265 2726 2326 CLXXVII
2748 2266 2865 2348 (Mi
2887 2288 3028 2347 gne

1742 2356 1806 2420 P.
1842 2355 1908 2413 G.
1940 2355 2088 2424 0111,
2127 2364 2253 2419 513
2288 2355 2411 2433 88.).
2477 2357 2548 2414 111
2586 2358 2720 2416 81118
2753 2358 2934 2417 etiam
2965 2360 3029 2418 in

1742 2444 2204 2521 Pelagianorum
2233 2462 2461 2503 errores
2492 2446 2722 2516 incidit,
2757 2448 3032 2523 quocirca

1744 2534 1956 2593 horum
1989 2534 2360 2611 coryphaeus
2389 2533 2668 2595 Julianus
2701 2537 3030 2610 eclanensis

1745 2641 1884 2681 eum
1917 2622 2084 2693 adiit,
2133 2626 2206 2682 ut
2251 2624 2313 2682 in
2360 2643 2557 2683 errore
2596 2627 2822 2686 tuendo
2853 2628 2927 2686 ab
2960 2645 3028 2685 60

1745 2713 2152 2771 instrueretur
2213 2717 2275 2772 et
2336 2714 2803 2775 confirmaretur.
2886 2716 3031 2775 Cum

1745 2801 2088 2860 Nestoriani
2150 2803 2281 2877 ejus
2342 2803 2580 2877 scriptis
2656 2805 2908 2863 maxime
2971 2810 3032 2863 et

1743 2890 2103 2948 auctoritate
2166 2891 2560 2950 abuterentur
2574 2936 2588 2962 ,
2652 2896 2853 2951 coacta
2913 2893 3032 2952 fuit

1744 2978 2007 3055 synodus
2058 2979 2431 3039 oecumenica
2482 2980 2549 3048 V,
2615 3000 2765 3056 quae
2825 2982 3029 3058 plures

1742 3067 2009 3140 eiusdem
2041 3086 2269 3126 errores
2316 3071 2378 3127 et
2425 3068 2645 3144 scripta
2685 3071 3033 3129 solemniter

1742 3155 2230 3234 gravissimisque
2268 3157 2467 3216 verbis
2517 3157 2737 3218 iterato
2787 3159 3030 3217 damna-

1742 3241 1915 3322 vitss).
1987 3247 2080 3304 Ita
2141 3264 2228 3304 ex.
2279 3264 2366 3323 gr.
2428 3265 2555 3307 can.
2626 3256 2700 3310 12
2753 3247 3028 3325 legimus,

1826 3422 1861 3488 ι)
1891 3415 2146 3471 Alterius
2161 3416 2360 3487 magni
2376 3416 2564 3487 operis
2594 3416 2859 3471 meminit
2873 3417 2916 3471 P
2928 3418 2966 3470 h
2980 3435 3031 3471 0-

1745 3487 1908 3543 tius
1935 3487 2058 3542 cod.
2085 3495 2120 3543 4
2146 3486 2416 3560 (Migne
2444 3487 2586 3551 CIII,
2615 3492 2731 3613 522x
2750 3506 2885 3559 „pro
2932 3489 3035 3542 Ba-

1748 3558 1880 3613 silio
1908 3563 2166 3614 adversus
2191 3563 2521 3614 Eunomium
2549 3560 2609 3613 11.
2632 3559 2802 3614 XIV.
2831 3560 2932 3614 Est
2947 3560 3036 3614 illi

1748 3629 1976 3701 phrasis
2039 3647 2155 3684 non
2220 3647 2635 3700 usquequaque
2699 3632 3033 3715 perspicua:

1748 3703 2012 3756 sensibus
2056 3705 2251 3756 tamen
2291 3706 2350 3755 et
2386 3705 2744 3774 argumentis
2791 3703 3036 3758 nimium

1746 3774 2031 3842 quantum
2071 3773 2301 3837 densus,
2343 3791 2385 3826 s.
2410 3774 2739 3845 Scripturas
2783 3776 3034 3829 testimo-

1746 3843 1861 3897 niis
1905 3844 2132 3914 egregie
2177 3843 2453 3898 abundat.
2506 3846 2597 3898 Ad
2638 3847 2872 3900 verbum
2919 3848 3034 3900 fere

1746 3915 2020 3969 Eunomii
2039 3916 2289 3969 rationes
2306 3916 2536 3978 refellit,
2554 3916 2887 3987 imperitum
2904 3933 3035 3971 eum

1746 3986 1913 4040 valde
1940 3988 2307 4040 externarum
2348 3986 2788 4058 disciplinarum
2829 3989 3036 4043 multo·

1745 4074 1858 4127 que
1904 4056 2090 4128 magis
2131 4059 2356 4111 nostrae
2401 4058 2727 4129 theologiae
2769 4060 3036 4129 pluribus

1747 4126 2100 4211 ostendens.“
2177 4128 2419 4199 Scripsit
2479 4133 2774 4210 praeterea
2838 4134 3034 4186 contra

1746 4200 2900 4343 111111111181818811...

1745 4343 2004 4397 Junilius
2054 4341 2369 4397 Afrikanus
2411 4343 2498 4396 als
2537 4341 2652 4395 Exe
2697 4345 2844 4407 eten,
2890 4342 3038 4396 Frei-

406 4414 507 4465 net
550 4412 799 4467 worden.
851 4413 1017 4469 Seine
1062 4413 1391 4485 Erkliirung
1418 4415 1493 4468 ist
1538 4412 1692 4469 wohl
1754 4417 1898 4484 burg
1919 4418 2088 4475 188ος
2117 4414 2289 4468 theol.
2309 4411 2655 4479 Qtlschr.Tfi
2698 4413 2875 4483 ingen
2902 4420 3038 4470 1880

408 4483 628 4538 fiberall
654 4484 955 4546 rationell;
994 4486 1129 4540 aber
1159 4485 1509 4540 Rationalist
1532 4486 1607 4540 ist
1632 4501 1693 4538 er

1748 4505 1806 4557 p.
1837 4493 1936 4541 531
1967 4484 3038 4549 ss.:KL.11²‚1515-22;Barden-

407 4552 759 4626 keineswegs
821 4555 901 4609 im
962 4557 1272 4612 modernen
1336 4556 1511 4611 Sinne
1594 4557 1692 4610 des
1749 4558 1788 4610 h
1806 4574 1835 4612 e
1854 4574 1905 4609 w
1923 4574 1951 4611 6
1967 4575 1995 4611 r
2020 4567 2048 4624 g
2067 4561 2153 4620 73,
2182 4556 2271 4610 Fr.
2302 4558 2368 4609 A.
2396 4555 2432 4609 S
2448 4573 2486 4625 p
2506 4572 2534 4609 e
2551 4572 2581 4609 c
2597 4556 2636 4609 h
2655 4560 2679 4608 t
2703 4556 2803 4610 der
2820 4558 3036 4626 exeget.

407 4624 650 4681 Wortes.
678 4627 743 4680 In
767 4626 921 4683 allen
949 4627 1143 4681 seineu
1171 4627 1461 4683 Schriften
1489 4630 1691 4710 begeg·
1749 4627 2128 4698 Standpunkt
2185 4629 2285 4682 des
2335 4627 2623 4708 Theodora
2674 4644 2727 4680 v.
2779 4627 2853 4680 M.
2917 4628 3035 4681 und

408 4699 507 4752 net
530 4715 591 4752 er
630 4716 738 4752 uns
779 4700 864 4754 als
888 4698 1223 4754 Verfechter
1262 4699 1364 4753 der
1404 4699 1691 4771 posit-iven
1750 4700 2075 4754 Theodoret
2113 4717 2227 4754 von
2252 4700 2436 4768 Kyros
2481 4717 2542 4752 111
2569 4698 2670 4751 der
2696 4699 2872 4753 Ausle
2917 4717 3038 4768 ung

408 4769 725 4838 gottlichen
752 4768 916 4825 Offen
926 4785 1146 4840 berung
1171 4774 1275 4827 etc.

1748 4771 2180 4827 messianischer
2190 4771 2576 4842 Weissagung
2588 4787 2691 4824 aus
2703 4771 2867 4825 ihren
2924 4787 3038 4824 om·
