3505 5161
481 194 602 247 287

1273 184 1570 234 401—431.
1599 176 1652 252 S.
1681 176 1995 248 Augustini
2021 177 2300 249 polemica

2969 196 3093 251 288

478 363 680 421 doctos
730 363 795 420 in
829 363 1018 421 Gallia
1051 363 1334 439 degentes
1384 359 1491 445 (ib.
1543 374 1758 426 959-—
1816 366 2085 439 spectant
2115 364 2296 423 Liber
2331 372 2532 423 contra
2563 383 2877 423 sermonem
2907 365 3092 424 Aria·

480 447 669 533 992);
731 453 799 510 de
848 453 995 511 dono
1038 455 1499 527 perseverantiae
1564 449 1755 535 (XLV,

481 535 901 621 993—1049)
967 560 1085 617 quo
1147 545 1567 618 argumentum
1616 542 1757 600 libri

476 630 922 705 praecendentis
935 630 1169 705 plenius
1184 631 1581 706 persequitur,
1599 633 1758 691 unde

475 719 645 795 quasi
676 720 713 781 l.
751 728 804 781 2.
837 737 929 794 op.
961 718 1369 794 praecedentis
1418 720 1623 778 haberi
1652 740 1756 797 po-

473 811 610 870 test.
674 809 1007 883 Utrumque
1053 808 1236 866 habes
1280 808 1440 866 inter
1471 810 1758 884 opuscula

475 899 707 967 selecta,
743 897 1072 972 Oeniponte
1107 898 1555 970 1878.XXXV1,
1588 910 1754 961 17—

479 996 622 1049 224.

560 1164 671 1233 His
702 1164 970 1222 nondum
1000 1167 1316 1237 contentus
1330 1162 1375 1244 1)
1424 1183 1469 1223 s.
1514 1165 1755 1241 praesul

472 1254 805 1313 Arianos
839 1271 1076 1329 quoque
1121 1256 1213 1312 est
1261 1271 1555 1330 agressus
1620 1254 1752 1313 Huc

470 1461 724 1524 noverat,
750 1458 1043 1524 inviserat,
1070 1460 1282 1513 etcum
1309 1474 1375 1512 eo
1402 1461 1489 1512 est
1513 1457 1754 1514 familia-

469 1530 688 1585 rissime
738 1534 1119 1585 conversatus.
1170 1530 1373 1583 Redux
1421 1530 1483 1584 in
1536 1530 1755 1583 Gallias

471 1602 711 1672 epistola
736 1601 809 1655 ad
837 1620 879 1656 s.
906 1602 1301 1671 Augustinum
1346 1601 1482 1655 data
1523 1618 1656 1655 eum
1682 1601 1752 1654 de

470 1672 1044 1743 semipelagianorum
1130 1672 1413 1727 erroribus
1499 1671 1750 1738 instruit,

470 1762 616 1813 quae
642 1741 882 1814 proinde
898 1762 1000 1815 pro
1018 1744 1423 1814 cognoscendis
1441 1742 1754 1798 Massilien-

469 1816 616 1870 sium
643 1816 928 1870 erroribus
954 1818 1040 1868 est
1058 1816 1324 1885 pretiosa.
1350 1814 1577 1869 Prodiit
1599 1814 1752 1868 inter

468 1904 556 1957 ep.
586 1905 626 1942 s.
654 1886 971 1957 Augustini
986 1905 1039 1939 n.
1059 1892 1180 1951 226,
1209 1889 1271 1940 et
1284 1904 1478 1956 opusc.
1498 1887 1749 1951 XXXVI,

473 1967 659 2014 l—ll.
688 1958 796 2011 Hic
822 1957 875 2011 H
890 1958 911 2010 i
927 1959 947 2011 1
963 1975 997 2011 a
1014 1957 1076 2011 ri
1094 1976 1133 2011 ιι
1151 1975 1176 2010 s
1202 1958 1355 2011 idem
1377 1957 1606 2011 videtur
1620 1974 1750 2011 cum

468 2029 707 2094 Hilario,
758 2028 860 2096 qui
903 2028 1197 2097 Syracusis
1240 2028 1311 2081 ad
1356 2028 1750 2099 Augustinum

468 2100 666 2154 scribit
690 2100 759 2153 de
787 2100 989 2163 turbis,
1035 2117 1177 2168 quas
1222 2099 1519 2170 Pelagiani
1545 2101 1749 2154 excita-

466 2174 619 2237 runt,
665 2188 811 2239 quae
857 2188 943 2242 ep.
971 2174 1059 2225 est
1087 2179 1187 2227 156
1228 2172 1379 2226 inter
1418 2189 1462 2224 s.
1502 2171 1749 2226 doctoris

466 2243 735 2314 epistolas
762 2245 820 2296 et
839 2244 933 2297 cui
954 2242 1076 2312 ipse
1102 2244 1203 2301 157
1220 2242 1561 2312 respondet:
1588 2246 1750 2299 nulla

467 2314 620 2368 enim
648 2317 735 2367 est
760 2313 1048 2369 sufficiens
1074 2314 1240 2377 ratio,
1290 2316 1355 2367 ut
1380 2332 1510 2367 cum
1538 2314 1589 2367 N
1608 2331 1640 2368 o
1657 2332 1692 2368 v
1709 2316 1750 2368 i-

467 2387 574 2440 sio
603 2402 735 2438 eum
760 2402 794 2438 a
821 2390 1014 2440 nostro
1050 2385 1489 2455 distinguamus.
1542 2384 1623 2440 Cf.
1652 2386 1748 2439 Hi-

467 2456 638 2510 stoire
664 2456 774 2509 Lit.
801 2457 869 2509 de
898 2458 954 2509 la
982 2457 1194 2510 France
1223 2456 1289 2516 ΙΙ,
1319 2463 1582 2513 209-15.

542 2532 580 2600 ¹)
609 2527 956 2582 Mentionem
985 2527 1079 2584 hic
1104 2528 1226 2582 fieri
1261 2527 1398 2582 licet
1422 2528 1465 2580 L
1481 2544 1511 2582 e
1528 2547 1564 2599 p
1582 2545 1613 2583 o
1629 2527 1747 2594 rii,

466 2600 537 2654 de
582 2618 696 2668 quo
741 2600 824 2653 ita
868 2600 1067 2653 scribit
1092 2600 1132 2654 C
1150 2617 1183 2652 a
1201 2619 1225 2654 s
1242 2618 1266 2652 s
1285 2600 1354 2653 ia
1372 2619 1408 2653 n
1428 2619 1465 2654 u
1486 2619 1511 2654 s
1550 2605 1749 2654 contra

466 2671 623 2727 Nest.
666 2673 707 2735 I,
754 2681 817 2727 4:
871 2671 1179 2743 „Leporius
1229 2675 1367 2725 tune
1416 2672 1747 2736 monachus,

463 2743 631 2797 modo
672 2744 982 2813 presbyter,
1024 2742 1125 2810 qui
1166 2760 1233 2795 ex
1275 2742 1372 2796 Pel
1451 2742 1511 2797 ii.
1541 2783 1553 2795 .
1584 2783 1596 2796 .
1625 2782 1638 2795 .
1666 2742 1749 2798 in-

462 2814 765 2868 stitutione
782 2816 872 2867 vel
889 2813 1081 2885 potius
1097 2814 1385 2884 pravitate
1442 2813 1747 2868 escendens

461 2885 619 2955 apud
661 2885 877 2939 Gallias
916 2889 1161 2939 assertor
1202 2885 1528 2955 praedictae
1557 2886 1747 2939 haere-

462 2973 584 3010 seos
609 2960 713 3011 aut
737 2957 887 3010 inter
912 2958 1127 3027 primos
1146 2960 1252 3010 aut
1276 2956 1425 3011 inter
1452 2957 1746 3023 maximos,

463 3027 577 3081 fuit
600 3045 633 3081 a
660 3029 823 3082 nobis
868 3027 1212 3091 admonitus,
1253 3045 1287 3081 a
1326 3028 1443 3081 Deo
1484 3028 1745 3082 emenda·

462 3102 555 3153 tus
578 3120 589 3159 ;
630 3100 716 3152 ita
754 3101 903 3153 male
944 3102 1275 3170 conceptam
1318 3100 1746 3168 persuasionem

1814 472 2023 512 norum
2075 453 2205 531 (scr.
2257 450 2411 536 418)
2471 471 2836 529 anonymum
2884 456 3094 531 Augu-

1813 543 1965 602 stino
1997 542 2416 601 transmissum
2438 537 2521 624 (M
2538 542 2613 618 ig
2628 561 2716 600 ne
2735 542 2910 613 XLII,
2937 553 3093 607 677-

1818 628 2003 712 708);
2042 632 2280 690 Collatio
2312 649 2445 690 cum
2481 631 2892 691 Maximino
2924 633 3094 690 Aria-

1812 740 2027 779 norum
2074 721 2366 797 episcop0‚
2418 721 2524 796 qui
2574 739 2708 779 curn
2760 739 2805 779 s.
2856 720 3093 781 doctore

1812 810 2089 885 Hippone
2121 829 2169 869 a.
2197 818 2318 872 427
2345 810 2441 868 vel
2464 818 2589 872 428
2611 810 2850 885 publice
2881 809 3090 887 dispu-

1811 901 2038 957 taverat
2069 899 2171 978 (ib.
2209 894 2601 980 'zos—742).
2649 899 2794 958 Cum
2824 917 2965 958 vero
2998 900 3095 957 hic

1811 989 2169 1063 loquacitate
2201 1006 2310 1047 sua
2345 991 2540 1046 totum
2573 988 2907 1046 collationis
2939 991 3090 1047 tem-

1808 1096 1923 1152 pus
1967 1077 2220 1147 triverit,
2269 1081 2448 1153 atque
2487 1076 2852 1152 colloquium
2883 1096 3089 1153 prose-

1812 1167 1916 1241 qui
1947 1167 2229 1240 noluerit‚
2284 1168 2665 1243 Augustinus
2698 1167 2827 1241 ejus
2860 1185 3092 1226 errores

1809 1255 1988 1314 editis
2020 1256 2082 1318 ll.
2104 1256 2160 1313 ΙΙ
2190 1263 2393 1314 contra
2414 1256 2808 1314 Maximinum
2829 1251 2907 1336 (a.
2934 1251 3088 1336 428)

1808 1344 2068 1403 refutare
2101 1345 2322 1422 satagit
2355 1341 2457 1425 (ib.
2496 1342 2888 1427 743—719).

1908 1528 2076 1585 155⁸.
2125 1523 2366 1581 Praeter
2423 1541 2599 1599 opera
2648 1522 2983 1599 dogmatica
3031 1527 3091 1581 et

1808 1611 2178 1688 apologetica
2208 1631 2387 1687 quam
2417 1611 2668 1688 plurima
2714 1613 2856 1669 sunt
2887 1630 2933 1670 s.
2965 1613 3089 1670 Au-

1808 1700 2039 1776 gustini
2086 1718 2265 1775 opera
2314 1719 2444 1759 exe
2461 1702 2723 1777 getica
2750 1696 2816 1782 ¹),
2867 1700 3089 1776 quibus

1807 1789 2019 1848 merito
2068 1790 2542 1865 praemittuntur
2588 1790 2648 1847 ll.
2701 1792 2960 1863 quatuor
3021 1791 3089 1847 de

1807 1879 2076 1937 doctrina
2107 1879 2434 1938 christiana
2470 1876 2694 1958 (Migne
2716 1878 2939 1949 XXXV,
2983 1889 3090 1941 15·

1814 1963 1981 2050 121),
2048 1968 2114 2029 in
2176 1968 2399 2042 quibus
2459 1970 2647 2025 tradit
2695 1970 2883 2026 artem
2933 1973 3089 2026 recte

1805 2056 2243 2131 interpretandi
2264 2076 2308 2114 s.
2332 2056 2715 2132 Scripturam.
2758 2057 2932 2127 Prior
2950 2075 3086 2132 pars

1807 2139 1872 2224 (1.
1923 2142 2157 2225 1—111)
2221 2146 2392 2204 docet
2452 2146 2694 2204 modum
2746 2145 3091 2204 inveniendi

1805 2236 2034 2293 rectum
2080 2253 2124 2293 s.
2172 2234 2514 2309 Scripturas
2561 2253 2799 2294 sensum
2844 2236 2905 2292 et
2953 2234 3090 2292 hinc

1805 2327 1894 2381 est
1913 2323 2378 2382 hermeneutices
2399 2324 2726 2399 specimen3
2747 2324 2934 2382 altera
2954 2342 3088 2398 pars

1807 2413 1869 2491 (l.
1903 2411 2026 2490 IV.)
2072 2416 2163 2471 est
2208 2412 2545 2472 homiletica
2590 2414 2805 2471 docens
2845 2412 3088 2470 modum

1804 2501 2136 2576 proferendi
2169 2520 2320 2576 quae
2338 2501 2640 2560 intellecta
2661 2504 2821 2563 sunt.
2842 2535 2930 2544 —
2952 2502 3088 2559 Sae-

1803 2591 1939 2666 pius
1960 2594 2230 2650 versatus
2263 2594 2355 2650 est
2386 2591 2450 2648 in
2483 2592 2931 2667 interpretanda
2964 2593 3088 2649 Ge-

1803 2680 1989 2737 nesi.
2038 2680 2169 2738 Huc
2201 2682 2501 2756 spectant:
2535 2681 2625 2738 De
2647 2681 2855 2738 Genesi
2885 2685 3090 2739 contra

1803 2769 2172 2828 Manichaeos
2205 2769 2267 2831 ll.
2299 2767 2357 2826 II
2404 2768 2589 2847 (intra
2619 2789 2666 2832 a.
2706 2767 3084 2848 389—390)

1802 2857 1961 2932 apud
1993 2857 2247 2935 Migne
2279 2857 2533 2928 XXXIV,
2579 2854 2974 2939 173—220),
3017 2857 3090 2916 de

1803 2947 2023 3021 quibus
2072 2965 2251 3023 supra
2294 2968 2351 3023 p.
2390 2955 2512 3010 280
2565 2948 2826 3023 egimus:
2876 2947 2979 3005 sed
3025 2948 3089 3005 in

450 3171 761 3241 ‘magnifice
810 3170 1231 3234 condemnavit,
1282 3175 1350 3222 ut
1398 3188 1513 3222 non
1556 3170 1746 3224 minus
1800 3168 1862 3222 in
1890 3168 2143 3223 Africam
2170 3169 2399 3252 recepit,
2428 3170 2529 3225 ubi
2555 3186 2728 3241 opera
2753 3170 3090 3241 praesertim

460 3258 607 3311 pene
632 3241 971 3295 admiranda
997 3242 1073 3294 sit
1097 3241 1370 3296 correctio
1391 3241 1552 3295 illius
1573 3259 1745 3309 quam
1801 3241 2023 3295 Aurelii
2054 3242 2525 3312 carthaginensis,
2553 3260 2596 3294 s.
2614 3241 2946 3313 Augustini,
2963 3241 3089 3296 Flo-

460 3313 656 3368 illaesa
682 3314 997 3368 multorum
1016 3313 1184 3366 fides:
1212 3312 1350 3380 quia
1370 3313 1621 3383 primum
1642 3316 1744 3376 est,
1801 3311 2014 3366 rentini
2054 3315 2111 3365 et
2134 3314 2445 3367 Secundini
2485 3312 2722 3366 meliora
2763 3313 2999 3367 edoctus
3025 3317 3090 3366 li-

460 3400 703 3437 errorem
722 3385 954 3453 penitus
971 3402 1089 3438 non
1107 3383 1415 3448 incurrere,
1433 3384 1741 3438 secundum
1799 3387 1987 3437 bellum
2031 3388 2408 3439 emendationis
2451 3383 2775 3454 composuit
2817 3401 2864 3440 c.
2904 3401 2956 3436 a.
2983 3389 3089 3440 419

459 3454 604 3509 bene
629 3455 951 3525 repudiare.
1003 3456 1053 3507 Is
1093 3471 1227 3524 ergo
1268 3455 1330 3507 in
1371 3471 1429 3508 se
1467 3471 1744 3520 reversus,
1800 3454 1944 3507 forte
1967 3471 2034 3508 ex
2049 3455 2428 3525 inspiratione
2456 3475 2496 3509 s.
2514 3455 2847 3526 Augustini,
2875 3458 2941 3508 ut
2961 3471 3089 3508 con-

461 3543 575 3579 non
603 3527 787 3580 solum
814 3526 876 3581 in
904 3526 1112 3589 Africa,
1140 3525 1243 3579 ubi
1269 3529 1407 3579 tunc
1428 3529 1550 3579 erat
1568 3528 1742 3594 atque
1805 3525 1930 3578 'icit
1972 3527 2015 3591 Q
2033 3544 2067 3579 u
2088 3542 2117 3578 e
2135 3530 2382 3582 snellu
2402 3545 2443 3580 s.
2510 3526 2814 3598 Reperitur
2840 3526 3088 3596 insignis

460 3616 613 3651 nunc
640 3599 739 3658 est,
768 3601 884 3650 tam
911 3615 1155 3651 errorem
1183 3614 1351 3650 suum
1376 3615 1502 3651 cum
1531 3596 1743 3663 dolore,

460 3686 630 3737 quam
658 3669 780 3721 sine
796 3669 1015 3738 pudore
1031 3670 1320 3723 confessus
1336 3673 1438 3731 est,
1455 3669 1553 3721 sed
1569 3669 1742 3722 etiam

458 3741 531 3792 ad
583 3757 777 3793 omnes
826 3740 1131 3794 admodum
1198 3739 1418 3793 Galliae
1481 3739 1743 3794 civitates

458 3810 677 3863 flebiles
704 3811 1075 3865 confessionis
1115 3827 1179 3863 ac
1208 3810 1473 3881 planctus
1502 3811 1589 3864 sui
1617 3811 1743 3864 lite-

457 3899 548 3935 ras
575 3882 766 3935 dedit:
794 3883 912 3936 scil.
940 3885 1006 3936 ut
1030 3882 1133 3935 ubi
1159 3882 1412 3935 deviatio
1441 3883 1562 3951 ejus
1586 3881 1743 3952 prius

458 3953 690 4024 cognita
715 3957 852 4016 erat,
878 3953 1004 4007 illic
1020 3955 1193 4008 etiam
1214 3953 1535 4007 emendatio
1555 3969 1742 4006 nosce-

456 4028 644 4078 retur:
671 4028 731 4078 et
756 4026 856 4094 qui
884 4027 1055 4079 testes
1082 4025 1284 4078 erroris
1305 4029 1473 4077 antea
1495 4025 1741 4088 fuerant,

457 4095 634 4149 iidem
663 4100 858 4166 postea
884 4096 1250 4150 correctionis
1291 4098 1525 4149 essent.“
1580 4095 1741 4148 Prae-

457 4168 662 4238 cipuus
690 4168 924 4236 quidem
952 4185 1106 4221 error
1122 4167 1351 4240 Leporii
1367 4170 1489 4220 erat
1505 4167 1742 4220 christo·

457 4239 711 4308 logicus:
739 4241 987 4309 negabat
1012 4239 1167 4292 enim
1198 4239 1364 4292 Verbi
1394 4238 1740 4293 incarnatio-

458 4327 587 4363 nem
633 4314 844 4380 putans
889 4310 1177 4364 Christum
1224 4310 1396 4363 fuisse
1447 4309 1739 4362 hominem

455 4398 692 4446 merum,
722 4382 824 4449 qui
852 4385 1043 4435 tamen
1067 4381 1285 4436 meritis
1326 4380 1443 4433 suis
1480 4397 1740 4434 consecu-

456 4454 549 4504 tus
578 4452 653 4506 sit
677 4452 1043 4507 divinitatem
1067 4475 1077 4505 :
1118 4470 1184 4505 ex
1232 4469 1345 4519 quo
1374 4467 1558 4504 errore
1588 4452 1740 4521 prin-

456 4523 632 4594 cipali
657 4523 825 4578 facile
853 4525 1279 4591 consequuntur
1301 4522 1564 4590 sequclae
1591 4523 1740 4591 pela-

456 4594 692 4662 gianae:
731 4596 964 4649 fuerunt
989 4595 1141 4648 enim
1170 4610 1454 4647 connexae
1482 4595 1740 4647 haereses

1841 3596 1892 3651 ic
1919 3597 2152 3652 libellus
2179 3597 2596 3652 emendationis
2623 3615 2722 3651 seu
2751 3598 3090 3652 satisfactio-

1800 3668 1888 3721 nis
1914 3669 1987 3721 ad
2015 3669 2309 3741 episcopos
2337 3669 2553 3724 Galliae
2596 3687 2726 3723 cum
2765 3668 2950 3724 literis
2983 3687 3088 3738 ,ap-

1839 3740 2159 3794 robationis
2175 3744 2422 3808 quatuor
2438 3741 2670 3795 illorum
2687 3740 3087 3812 episcoporum

1799 3759 2310 3936 ’116
2327 3811 3086 3938 11161611116161116116111

1797 3955 1830 4007 S
1848 3952 1869 4006 i
1885 3971 1913 4005 r
1929 3972 1984 4006 m
2002 3970 2033 4007 o
2050 3974 2088 4008 n
2105 3953 2179 4006 di
2219 3954 2260 4017 Ι,
2288 3962 2390 4010 345
2417 3953 2505 4007 ed.
2533 3954 2784 4007 Venetae
2817 3958 2953 4011 1729
2980 3957 3087 4007 etc.

1799 4024 1881 4078 Cf.
1909 4027 1949 4078 C
1967 4043 1993 4077 z
2011 4041 2044 4076 a
2060 4024 2185 4095 pla
2229 4026 2290 4078 in
2335 4026 2639 4080 comment.
2679 4025 2753 4078 ad
2794 4025 3086 4079 Gennadii

1798 4096 1867 4149 de
1894 4096 2032 4149 viris
2058 4095 2141 4151 ill.
2171 4114 2216 4150 c.
2247 4105 2344 4155 59:
2389 4096 2536 4150 Hist.
2582 4096 2669 4152 lit.
2715 4096 2786 4150 de
2813 4097 2871 4150 la
2897 4097 2987 4152 Fr.
3015 4097 3085 4150 11.

1803 4171 2010 4223 165-’ἴ
2014 4176 2062 4227 5,
2114 4184 2261 4235 quae
2307 4167 2482 4221 etiam
2523 4170 2734 4228 tuetur,
2778 4167 3088 4237 Leporium

1799 4239 1953 4291 hunc
1979 4255 2094 4292 esse
2136 4239 2379 4294 eundem
2420 4257 2550 4294 oum
2575 4238 2814 4309 Leporio
2855 4241 3088 4309 presby·

1799 4313 1917 4363 tero
1970 4309 2334 4380 hipponensi,
2385 4311 2549 4380 cujus
2593 4310 2855 4365 meminit
2898 4328 2942 4363 s.
2970 4312 3084 4363 Au-

1797 4380 2063 4450 gustinus
2113 4399 2274 4438 serm.
2328 4389 2432 4438 356
2475 4402 2528 4436 n.
2581 4389 2645 4437 10
2663 4403 2674 4442 ;
2725 4382 2762 4435 S
2781 4399 2809 4434 c
2826 4382 2866 4434 h
2884 4398 2916 4435 o
2932 4397 2962 4434 e
2978 4402 3017 4436 n
3034 4399 3086 4434 e-

1797 4469 1955 4506 man
1973 4471 2010 4504 n
2087 4452 2238 4506 Bibl.
2313 4452 2447 4505 hist.
2511 4452 2599 4508 lit.
2652 4452 2720 4516 11,
2781 4454 3085 4510 sss-597.

1877 4529 1910 4586 Γ)
1929 4523 2011 4577 De
2027 4524 2408 4594 s.Augustino
2421 4525 2541 4578 inte
2615 4527 2735 4578 rete
2747 4525 2817 4577 cf.
2831 4523 3084 4579 Richard

1797 4594 1942 4648 Sim
1961 4613 1992 4648 o
2011 4614 2048 4648 n
2095 4595 2240 4653 Hist.
2288 4597 2411 4648 crit.
2458 4596 2536 4648 du
2632 4635 2645 4649 .
2674 4596 2736 4648 T.
2762 4614 2819 4665 p.
2847 4600 2952 4652 397
2978 4613 3050 4648 ss.
3074 4616 3086 4656 ;

458 4665 978 4735 Pelagianismuset
992 4665 1741 4734 NestorianismuS.Propter
1795 4667 1941 4719 Hist.
1969 4667 2094 4720 crit.
2122 4667 2220 4720 des
2247 4670 2548 4721 comment.
2576 4667 2654 4720 du
2684 4667 2755 4720 N.
2784 4668 2846 4721 T.
2872 4688 2928 4738 p.
2956 4674 3087 4723 246·

458 4735 559 4789 hos
588 4753 801 4789 errores
830 4737 1017 4791 Gallia
1061 4736 1175 4789 fuit
1201 4736 1489 4805 expulsus,
1519 4736 1654 4790 hinc
1682 4754 1739 4790 se
1797 4743 1915 4793 300.
