3505 5161
508 233 626 286 675

956 217 1253 271 751—800.
1285 215 1623 283 Interpretes
1648 232 1690 267 s.
1715 213 1917 283 Script.
1947 212 2297 278 wicboldus,
2324 214 2657 283 Autpertus.

2990 231 3117 283 676
3177 204 3182 207 ’

508 405 768 472 secutuS,
819 401 921 460 sed
972 401 1152 475 hujus
1202 401 1425 477 agnitis
1473 400 1786 459 fraudibus
1841 402 2259 460 madvertisset
2301 401 2616 459 maximam
2647 402 2939 460 Geneseos
2985 421 3121 476 par-

504 493 637 550 vela
666 492 995 550 retrorsum
1026 490 1209 548 vertit
1239 493 1301 549 et
1331 490 1565 549 veniam
1598 491 1785 567 impe-
1840 492 1963 548 tem
2008 490 2248 549 nonnisi
2292 508 2513 565 purum
2543 489 2894 565 Hieronymi
2940 494 3123 565 atque

501 581 685 639 travit
728 601 762 638 a
805 579 1031 655 synodo
1064 577 1221 649 VIII,
1273 599 1382 655 pro
1427 598 1548 655 quo
1597 581 1784 638 inter-
1841 577 2053 638 Isidori
2077 581 2307 637 textum
2338 578 2458 637 fere
2489 579 2834 654 exprimere,
2869 598 3120 654 sequen-

500 670 681 728 cessit
723 671 785 727 et
830 688 873 727 s.
915 668 1191 745 Ignatius
1224 669 1384 744 apud
1416 668 1787 728 Hadrianum
1839 670 1930 726 tes
1974 686 2112 727 vero
2155 668 2340 726 libros
2386 686 2573 726 unum
2617 667 2893 726 exhibere
2932 666 3122 727 Isido-

500 757 858 834 pontificem,
910 761 981 815 ut
1023 757 1282 833 pristino
1317 758 1527 816 honori
1561 764 1622 816 et
1651 779 1785 817 mu·
1840 776 1992 827 rum,
2050 756 2387 832 speciminis
2436 757 2630 834 gratia
2677 757 2840 833 typis
2889 756 3055 816 dedit
3069 752 3120 837 ¹)

500 848 629 906 neri
668 847 1105 905 restitueretur.
1170 848 1317 905 Cum
1361 846 1471 906 hoc
1513 849 1785 906 nostrum
1839 848 2078 905 tantum
2110 864 2207 921 qq.
2253 846 2317 903 in
2359 846 2479 903 tria
2520 846 2721 922 priora
2753 846 2998 905 Genesis
3028 865 3123 905 ea-

500 938 703 1012 plures
747 935 1136 995 confundunt.
1214 934 1550 995 Ediderunt
1593 936 1786 996 nostri
1840 935 1973 1010 pita
2010 935 2076 993 in
2114 935 2485 1011 amplissima
2515 938 2630 993 vet.
2663 934 2876 1011 Script.
2909 936 3121 995 collec-

504 1026 789 1101 opuscula
835 1026 1152 1083 Gretser
1208 1023 1564 1100 Ingolstadii
1622 1036 1782 1090 16⁰4
1840 1024 2004 1082 tione
2064 1023 2161 1094 IX,
2229 1033 2605 1096 298—366,
2667 1024 2806 1083 inde
2867 1024 3123 1100 Migne

502 1118 565 1172 et
613 1116 679 1172 in
727 1133 859 1189 opp.
909 1113 1100 1189 ipsius
1149 1116 1193 1176 t.
1239 1113 1377 1183 XV.,
1432 1114 1786 1174 Ratisbonae
1841 1113 2034 1182 XCVI,
2110 1123 2557 1177 1105—1168.
2618 1146 2707 1156 —-
2766 1112 3122 1173 Ambrosius

510 1202 1504 1276 1741;Ducaeusin‚Aucta1-io
1534 1206 1577 1265 t.
1610 1202 1669 1273 Ι;
1718 1205 1786 1262 in
1840 1204 2279 1279 Autpertus
2325 1197 2554 1283 (minus
2598 1205 2757 1260 recte
2793 1201 2930 1260 aliis
2961 1204 3120 1262 Ans-

502 1291 650 1352 bibl.
685 1291 795 1348 PP.
826 1291 1135 1366 parisiensi
1167 1295 1210 1354 t.
1232 1291 1329 1352 XI.
1358 1295 1498 1362 etc.;
1532 1292 1784 1369 Migne
1839 1286 2075 1372 bertus)
2099 1292 2293 1366 patria
2314 1291 2534 1360 Gallae,
2568 1291 2632 1348 in
2655 1309 2731 1348 ss.
2753 1290 2950 1348 literis
2968 1292 3124 1352 bene

504 1381 567 1443 P.
602 1381 666 1440 G.
687 1379 911 1450 XCVII,
954 1389 1404 1443 1461—1610.
1451 1380 1616 1440 Inter
1642 1382 1788 1440 haec
1841 1381 2160 1440 institutus
2192 1380 2252 1438 in
2272 1379 2507 1438 Italiam
2540 1380 2720 1450 venit,
2753 1380 2997 1438 Romam
3028 1381 3124 1439 in-

505 1470 798 1545 opuscula
839 1488 1054 1544 parvae
1098 1470 1270 1528 molis
1286 1466 1350 1548 ¹),
1396 1470 1655 1529 notanda
1699 1490 1785 1533 er.

503 1578 592 1635 gr.
629 1562 773 1617 sunt
805 1558 1078 1635 dialogus
1113 1554 1226 1639 (l.)
1272 1559 1341 1616 de
1382 1561 1630 1636 quinque
1668 1560 1785 1619 ini-

502 1649 669 1706 micis
698 1667 732 1705 a
764 1648 986 1722 quibus
1018 1665 1125 1705 nos
1160 1648 1429 1706 Christus
1462 1647 1637 1707 homo
1667 1650 1784 1707 sac-

497 1739 599 1794 tus
632 1736 941 1806 liberavit;
990 1737 1349 1809 &plenalia
1388 1754 1602 1813 vocum,
1652 1737 1784 1812 qui-

501 1825 615 1884 bus
645 1825 984 1901 philosophi
1016 1829 1279 1884 utuntur
1319 1819 1463 1907 (2.);
1511 1826 1784 1903 dialogus

501 1934 636 1973 cum
675 1914 972 1989 praefecto
1005 1932 1217 1973 cursus
1248 1915 1475 1989 publici
1504 1916 1782 1985 emeseni,

503 2004 609 2078 qui
640 2004 910 2079 petierat,
954 2006 1025 2060 ut
1054 2002 1505 2063 ratiocinatione
1540 2003 1784 2064 demon-

504 2094 721 2150 straret
751 2092 942 2150 Deum
985 2109 1115 2150 esse
1158 2088 1303 2171 (3.);
1350 2094 1780 2166 demonstratio,

500 2199 711 2256 panem
744 2180 998 2256 mystica
1026 2180 1441 2239 benedictione
1481 2181 1609 2240 fieri
1654 2200 1782 2241 cor-

501 2288 614 2344 pus
637 2269 855 2327 Christi
873 2267 935 2345 (2
946 2263 1049 2349 2.)‚
1084 2270 1146 2327 in
1177 2288 1295 2344 qua
1327 2272 1479 2328 clare
1502 2271 1785 2330 transub-

503 2358 950 2417 stantiationem
980 2360 1215 2427 tuetur;
1269 2361 1337 2416 de
1374 2361 1581 2419 unione
1612 2368 1663 2417 et
1693 2362 1783 2418 in-

500 2449 857 2521 carnatione,
892 2447 1169 2522 quodque
1203 2466 1453 2523 persona
1485 2448 1609 2507 sive
1641 2450 1782 2507 sub·

500 2535 775 2596 sistentia
794 2536 978 2595 fuerit
996 2536 1315 2608 incarnata,
1350 2537 1555 2596 divina
1585 2540 1784 2597 autem

504 2629 721 2684 natura
751 2626 1043 2684 humanae
1074 2627 1247 2684 unita
1290 2627 1355 2685 in
1399 2645 1647 2702 persona
1678 2627 1785 2685 Dei

505 2715 685 2773 Verbi
736 2715 920 2791 (apud
971 2715 1337 2773 Gallandi
1398 2715 1461 2773 in
1510 2717 1622 2773 vel.
1674 2717 1786 2773 ΡΡ.

504 2805 649 2862 bibl.
681 2804 837 2874 XIII,
874 2800 1045 2885 286).

600 2982 859 3053 372.‚1n
906 2981 1124 3039 studiis
1171 2982 1502 3041 biblicis
1549 2985 1789 3056 praeter

506 3072 1166 3132 J0.Damascenum
1201 3072 1420 3129 versati
1442 3071 1788 3129 suntWic-

505 3159 786 3218 boldus
841 3155 1244 3240 (Wigbaldus)
1298 3160 1423 3218 sive
1471 3160 1575 3217 ille
1623 3159 1787 3236 wig-

507 3249 722 3307 baldus
755 3248 946 3306 Caroli
971 3249 1046 3306 M.
1080 3249 1194 3306 sub
1213 3248 1436 3306 Itherio
1469 3252 1530 3306 et
1551 3248 1790 3307 Radone

509 3335 1036 3394 archicancellariis
1100 3339 1399 3409 notariae,
1477 3337 1601 3395 sive
1664 3337 1786 3406 ille,

509 3444 684 3498 quem
717 3425 873 3483 idem
897 3425 1172 3499 princeps
1206 3445 1251 3484 c.
1286 3447 1335 3488 a.
1362 3435 1483 3489 778
1505 3425 1789 3501 praefecit

507 3513 915 3588 Petregoricis‚
965 3512 1089 3570 sive
1136 3515 1432 3590 quispiam
1467 3515 1633 3582 aliuS,
1682 3515 1788 3588 qui

508 3620 578 3657 ex
624 3601 798 3658 dictis
848 3618 924 3660 ss.
972 3604 1227 3674 patrum,
1281 3603 1531 3661 maxime
1581 3605 1788 3678 Augu-

509 3689 673 3757 stini,
727 3689 1012 3766 Gregorii,
1065 3691 1428 3767 Hieronymi,
1480 3691 1786 3759 Ambrosii,

511 3777 746 3845 Hilarii,
793 3777 1025 3847 Isidori,
1073 3780 1366 3850 Eucherii,
1414 3778 1633 3837 Junilii
1667 3780 1785 3838 col·

510 3866 658 3940 legit
691 3867 1059 3938 Quaestiones
1090 3870 1151 3925 in
1190 3868 1604 3925 Octoteuchum.
1673 3868 1786 3926 Eo·

510 3974 644 4011 rum
677 3955 854 4013 verba
885 3956 1204 4030 aliqnando
1250 3958 1381 4030 ipsa
1424 3975 1545 4014 uno
1582 3961 1789 4015 tenore

510 4043 874 4113 transcribit,
923 4062 1357 4118 nonnunquam
1389 4044 1657 4120 dispersa
1687 4065 1789 4103 va-

508 4132 613 4188 riis
647 4131 713 4190 in
743 4133 885 4189 locis
908 4133 1135 4207 colligit
1153 4134 1215 4190 in
1234 4152 1439 4202 unum,
1474 4135 1790 4209 aliquoties

510 4238 648 4276 vero
694 4239 811 4278 non
858 4220 1052 4288 verba,
1106 4222 1209 4278 sed
1256 4225 1512 4280 mentem
1546 4223 1789 4281 illorum

509 4309 803 4382 exprimit.
856 4309 1097 4383 Reperit
1135 4310 1287 4367 illud
1318 4311 1660 4369 Martene
1693 4330 1788 4369 co—

509 4397 840 4472 gitavitque
875 4398 945 4454 de
977 4416 1043 4454 eo
1077 4398 1330 4456 edendo:
1366 4400 1467 4456 sed
1498 4419 1630 4457 cum
1660 4402 1787 4457 ani-

591 4621 624 4686 1)
656 4618 1471 4682 Fabricius-HarlesX,
1502 4629 1605 4676 :30¹3
1632 4622 1788 4687 apud

1841 1469 1984 1529 visit
2002 1473 2180 1545 atque
2200 1470 2611 1527 Beneventum
2631 1486 2818 1543 nsque
2838 1470 3125 1530 excurrit.

1842 1558 2167 1617 Sanctitate
2206 1558 2381 1626 vitae,
2429 1577 2607 1631 quam
2653 1558 2961 1616 florentem
3008 1558 3123 1617 ibi-

1841 1647 1974 1707 dem
2035 1648 2098 1705 in
2161 1648 2517 1705 monasterio
2581 1666 2628 1708 s,
2687 1646 2985 1705 Vincentii
3047 1649 3126 1706 ad

1841 1737 2034 1795 fontes
2080 1736 2250 1794 fluvii
2281 1735 2568 1795 Vulturni
2610 1736 2780 1805 vidit,
2826 1738 3123 1795 attractus

1841 1825 2167 1896 constituit,
2215 1825 2281 1883 in
2324 1824 2527 1883 eodem
2564 1824 2747 1882 vitam
2782 1841 2952 1883 suam
2984 1844 3124 1885 con-

1841 1933 2066 1973 secrare
2097 1916 2236 1972 Deo.
2267 1916 2440 1972 Anno
2476 1922 2598 1976 776
2633 1913 2859 1972 electus
2891 1922 2987 1973 est
3015 1914 3124 1973 ab-

1840 2003 1959 2073 bas,
2012 2003 2116 2062 sed
2166 2021 2300 2061 cum
2349 2001 2470 2060 alia
2509 2020 2650 2077 pars
2700 2002 3124 2061 monachorum

1840 2093 2183 2151 adhaereret
2200 2091 2472 2160 Pothoni,
2504 2091 2908 2150 controversia
2925 2091 3124 2151 delata

1841 2184 1934 2240 est
1983 2180 2059 2239 ad
2105 2179 2473 2239 Hadrianum
2521 2179 2583 2250 I.,
2636 2180 2743 2255 qui
2791 2184 3124 2256 utrumque

1840 2270 2082 2329 Romam
2127 2269 2376 2340 vocavit,
2423 2269 2528 2327 sed
2557 2270 2889 2344 Autpertns
2921 2269 2985 2327 in
3016 2270 3122 2328 iti-

1841 2378 1979 2417 nere
2019 2369 2115 2421 19.
2147 2357 2270 2417 Jul.
2308 2366 2430 2422 778
2463 2355 2695 2439 obiit2).
2757 2358 2914 2417 Haec
2963 2360 3122 2434 ejus·

1840 2449 1974 2507 dem
2005 2465 2210 2523 opera:
2263 2447 2833 2507 Commentariorum
2861 2450 2927 2507 in
2958 2449 3122 2523 Apo-

1841 2538 2100 2613 calypsin
2131 2537 2194 2596 11.
2225 2536 2293 2607 X,
2337 2536 2403 2595 in
2448 2534 2669 2612 quibus
2701 2539 2940 2612 patrum
2970 2536 3122 2596 insi-

1841 2630 2005 2685 stens
2025 2626 2294 2702 vestigiis
2312 2625 2450 2684 stilo
2471 2625 2615 2684 satis
2645 2625 2806 2685 facili
2834 2629 2894 2685 et
2924 2626 3122 2685 nitido

1842 2734 2078 2774 sensum
2103 2714 2452 2790 praesertim
2471 2715 2800 2772 assectatur
2817 2716 3120 2783 moralem,

1843 2805 2157 2879 omniaque
2202 2821 2494 2879 exponere
2538 2802 2761 2860 nititur
2795 2821 3124 2862 accommo-

1842 2893 1978 2952 date
2007 2893 2080 2950 ad
2112 2892 2318 2968 populi
2351 2895 2607 2966 captum,
2655 2891 2791 2949 hinc
2834 2909 2987 2968 opus
3020 2911 3128 2951 vo-

1841 2982 1959 3040 luit
2003 2982 2323 3040 inscribere
2369 2980 2691 3055 Speculum
2720 2980 3128 3055 parvulorum.

1844 3071 2153 3128 Graviores
2178 3070 2320 3127 libri
2339 3068 2718 3127 difficultates
2743 3068 2908 3138 vitat,
2942 3070 3128 3129 rebus

1842 3159 2089 3218 minoris
2108 3158 2393 3216 momenti
2414 3157 2592 3216 nimis
2612 3157 2884 3216 inhaeret
2913 3158 3130 3216 nimis-

1845 3267 1959 3323 que
1991 3250 2084 3306 est
2115 3246 2402 3305 diffusus:
2449 3264 2599 3322 opus
2628 3249 2828 3304 tamen
2861 3247 3131 3306 auctoris

1845 3337 2031 3410 spirat
2049 3336 2350 3410 pietatem.
2380 3335 2613 3393 Prodiit
2631 3335 2904 3394 Coloniae
2931 3347 2954 3397 l
2973 3345 3005 3398 5
3017 3346 3126 3404 363

1844 3426 1906 3481 in
1927 3425 2108 3482 variis
2128 3429 2366 3498 patrum
2386 3423 2778 3493 bibliotheciS,
2801 3424 3134 3483 coloniensi

1844 3514 2031 3580 t.1X;
2078 3513 2441 3589 lugdunensi
2486 3515 2529 3569 t.
2573 3512 2729 3572 XIII.
2798 3514 2945 3570 Cum
2992 3515 3132 3572 vul-

1845 3606 2045 3677 gasset
2077 3601 2181 3658 hos
2215 3603 2295 3668 ll.,
2337 3601 2616 3659 continuo
2648 3619 2861 3676 passus
2895 3608 2990 3660 est
3024 3603 3133 3661 ob-

1917 3773 1960 3911 l}
1988 3769 2073 3894 ἓξ
2100 3769 2392 3910 {affixi-{⁶2
2405 3773 3134 3908 {tffiffiffibssl'ffissm

1845 3912 2098 3982 graphus
2127 3912 2458 3966 monasterii
2487 3930 2527 3969 s.
2569 3911 2855 3966 vincentii
2900 3931 3008 3969 sec.
3037 3916 3133 3969 XI.

1844 3983 2001 4052 apud
2043 3982 2146 4035 Ma
2167 3983 2358 4038 billo
2377 4002 2413 4035 u
2461 3983 2521 4035 in
2549 3986 2656 4039 act.
2686 3983 2779 4037 SS.
2811 3985 3022 4039 Bened.
3051 3986 3134 4039 III

1889 4095 1899 4105 .
1928 4060 1976 4108 2.
2007 4071 2134 4124 pag.
2157 4058 2290 4110 256:
2319 4056 2443 4107 Act.
2463 4055 2550 4108 SS.
2573 4061 2654 4111 19.
2671 4054 2900 4119 Ju1.1V‚
2920 4064 3026 4113 646
3044 4076 3135 4118 ss.;

1921 4125 1994 4195 ig
2013 4144 2047 4177 n
2065 4142 2094 4178 e
2121 4126 2418 4188 LXXXIX,
2450 4129 2835 4185 1269-1278;
2865 4127 3016 4181 flist.
3045 4129 3136 4185 lit.

1846 4197 1914 4250 de
1945 4198 2000 4248 la.
2029 4196 2113 4248 Fr.
2147 4197 2235 4254 1V,
2270 4205 2562 4253 141-161.
2614 4196 2916 4268 Distingui
2962 4200 3141 4254 debet

1845 4269 1918 4320 ab
1957 4269 2005 4319 A
2024 4286 2061 4320 u
2079 4272 2100 4320 t
2119 4271 2331 4336 perto
2374 4271 2433 4322 Ο.
2460 4269 2510 4320 S.
2539 4267 2676 4320 Ben.
2715 4270 2925 4324 abbate
2953 4270 3139 4325 XVII.

1847 4339 2153 4391 cassinensi
2196 4343 2479 4408 (834—20.
2522 4338 2682 4392 Febr.
2711 4344 2837 4412 837)
2882 4340 3009 4397 viro
3052 4344 3138 4396 di-

1847 4411 1992 4464 serto
2020 4413 2078 4462 et
2103 4411 2267 4463 valde
2307 4409 2550 4472 erudito,
2593 4409 2694 4478 qui
2733 4415 2985 4469 homilias
3011 4415 3140 4484 pul·

1846 4481 2008 4532 chr-as
2048 4481 2431 4548 composuisse
2472 4480 2704 4550 legitur,
2746 4498 2896 4549 quae
2939 4488 3142 4538 tamen

1847 4553 1960 4603 fere
1989 4550 2239 4604 ineditae
2267 4553 2416 4604 sunt.
2464 4551 2536 4605 Cf
2576 4551 2663 4604 Pe
2682 4555 2804 4606 tru
2823 4573 2848 4606 s
2888 4554 3039 4609 diac.
3067 4557 3141 4610 de

1848 4621 1950 4673 vir.
1978 4621 2058 4675 ill.
2089 4623 2274 4676 Oasin.
2300 4638 2348 4674 c.
2383 4630 2444 4678 13
2463 4644 2474 4681 ς
2525 4622 2568 4674 F
2584 4638 2618 4675 a
2634 4624 2671 4675 b
2687 4623 2836 4679 rici
2853 4643 2893 4679 u
2911 4644 2936 4679 s
2997 4628 3142 4682 bibl.

515 4685 705 4756 Migne
732 4693 770 4742 t.
813 4689 908 4740 cit.
953 4710 1003 4757 ι».
1037 4697 1414 4750 1445—1454;
1468 4693 1501 4742 Z
1521 4709 1547 4744 e
1567 4711 1593 4744 c
1613 4693 1650 4744 k
1678 4692 1788 4743 KL.
1847 4693 1944 4744 lat.
1977 4694 2014 4754 I,
2042 4697 2127 4749 78.
2157 4693 2294 4762 Ejus
2322 4710 2637 4746 sermonem
2663 4695 2726 4747 in
2753 4714 2796 4748 s.
2825 4696 3143 4753 Matthiam

518 4757 559 4806 X
571 4756 609 4816 I,
640 4765 662 4810 1
674 4763 791 4811 588.

1847 4766 1916 4815 cf.
1948 4764 1998 4814 ,u
2018 4763 2090 4828 ig
2109 4782 2144 4816 n
2162 4781 2190 4816 e
2220 4765 2461 4827 cxxm,
2494 4770 2863 4824 1023—1034.
