3505 5161
396 221 520 275 309
1075 201 1420 267 Hadrianus,
1447 202 1829 269 Chromatius,
1855 204 2053 261 Victor
2080 206 2332 262 antioch.

2890 223 2960 277 31
2979 224 3014 276 Ο

394 409 552 465 corp.
603 390 807 465 script.
853 389 1006 450 eccl.-
1037 389 1138 449 lat.
1184 393 1225 449 t..
1274 389 1466 447 XXIII
1508 423 1579 433 —
1616 393 1678 448 et
1740 426 1813 436 —
1839 392 1996 451 Huic
2025 392 2266 469 periodo
2298 392 2641 469 assignatur
2671 411 2706 450 a
2735 391 3018 467 pluribus

394 478 790 538 Hadriano
844 474 1157 560 (Adriano)
1207 479 1557 555 presbytero
1617 482 1679 537 et
1731 480 2000 542 Victor
2058 481 2370 558 presbyter
2431 480 2842 551 antiochenae,
2904 481 3021 539 snb

394 568 680 627 monacho
731 567 1025 643 discipulo
1076 573 1148 625 ut
1196 568 1437 627 videtur
1486 586 1533 630 s.
1584 568 1675 627 Jo.
1732 571 1905 646 cujus
1939 572 2178 630 nomine
2197 569 2385 629 edidit
2404 570 2617 629 Theod.
2637 570 3019 629 Peltanus

395 657 789 734 chrysostomi
804 655 871 735 ¹),
905 657 1009 733 qui
1035 657 1195 715 inter
1214 658 1488 733 exegetas
1509 658 1675 716 scho-
1734 659 1790 717 S.
1812 659 1878 718 ·J.
1912 658 2362 719 commentarios
2407 661 2471 717 in
2519 659 2789 718 Marcum
2834 658 3021 718 latine

394 747 487 805 lae
518 746 906 809 antiochenae
937 746 1240 805 numerari
1273 745 1464 816 debet,
1505 747 1677 822 cujus
1732 752 1987 819 tantum,
2037 749 2182 807 satis
2221 748 2405 807 libere
2437 766 2642 811 versos
2677 745 2838 828 (cum
2873 748 3020 805 scri-

395 837 490 894 est
520 831 819 920 εἰσαγωγὴ
850 830 938 907 εἰς
972 837 1080 908 τὰς
1109 836 1285 907 θείας
1314 839 1552 919 γραφάς
1585 838 1674 894 in·
1732 838 1853 913 ptis
1916 837 2078 897 Titi
2139 837 2467 897 bostrensis
2530 841 2592 895 et
2653 837 2897 912 Diony
2917 836 3018 894 sii

394 926 686 989 traductio
732 926 794 983 in
838 943 913 983 ss.
956 923 1299 998 Scripturas
1330 920 1677 1007 (specimem
1732 920 1924 1010 alex.),
1971 926 2356 1004 Ingolstadtii
2398 936 2583 996 1580,
2632 926 2697 984 in
2726 925 2873 985 bibl.
2905 925 3018 987 PP.

395 1014 885 1082 hermeneuticae,
936 1013 1000 1071 in
1048 1032 1167 1089 quo
1199 1014 1577 1089 metaphorae
1609 1013 1677 1073 V.

398 1103 460 1162 Τ.
493 1103 895 1172 illustrantur,
947 1102 1199 1178 Migne
1230 1104 1293 1160 P.
1327 1102 1391 1162 G.
1423 1101 1675 1172 XCVIII,

406 1187 975 1274 1273—1312)-—-
1008 1211 1054 1254 s.
1075 1192 1567 1252 Chromatius
1600 1193 1672 1250 il-

395 1281 604 1341 lustris
638 1280 734 1341 sui
767 1281 896 1341 aevi
917 1281 1174 1356 praesul,
1205 1299 1253 1338 c.
1284 1301 1336 1340 a.
1360 1291 1482 1345 387
1507 1282 1676 1358 aqui-

395 1370 635 1447 lejensis
679 1370 1012 1446 episcopus,
1060 1369 1371 1429 familiaris
1418 1389 1498 1430 ss.
1537 1373 1677 1431 Am·

394 1460 612 1530 brosio,
635 1459 999 1536 Hieronymo
1019 1462 1082 1517 et
1100 1459 1538 1536 chrysostomo,
1567 1478 1679 1536 pro

394 1550 568 1624 cujus
599 1548 826 1607 tuenda
855 1565 1033 1608 causa
1066 1552 1390 1625 utrumque
1424 1550 1676 1626 impera·

394 1642 584 1697 torem
636 1641 756 1696 tam
810 1636 1070 1696 Orientis
1116 1657 1293 1713 quam
1343 1638 1678 1697 Occidentis

394 1727 587 1787 literis
633 1727 910 1787 convenit
953 1722 1013 1800 (†
1044 1746 1093 1787 a.
1126 1745 1174 1786 c.
1210 1738 1334 1790 406
1369 1728 1466 1786 vel
1499 1722 1677 1808 407),

391 1817 663 1875 homilias
693 1835 799 1875 seu
828 1818 903 1875 tr.
943 1826 1020 1879 18
1055 1817 1343 1891 perutiles
1375 1816 1675 1893 praedica·

394 1904 627 1964 toribus
660 1905 725 1964 in
744 1905 1131 1981 Evangelium
1158 1924 1204 1966 s.
1225 1906 1509 1965 Matthaei
1529 1902 1678 1985 (scil.

392 1994 457 2055 in
507 2004 568 2064 3,
623 2004 909 2061 15—173
962 2012 1039 2053 cc.
1096 2004 1128 2056 5
1182 1998 1245 2053 et
1295 1989 1360 2077 6)
1409 1995 1675 2070 reliquit,

391 2088 625 2159 partem
656 2083 808 2143 forte
838 2083 1078 2159 majoris
1116 2084 1542 2143 commentarii.
1580 2085 1677 2142 In-

391 2182 489 2231 ter
535 2173 640 2233 has
688 2173 1016 2248 plurimum
1049 2172 1334 2232 laudatur
1364 2174 1439 2231 ab
1471 2173 1678 2232 inven-

1732 1016 2048 1091 parisiensi
2105 1016 2153 1086 1,
2208 1024 2588 1085 403—4953
2652 1014 3018 1091 lugdunensi

1733 1105 1887 1175 XIII,
1926 1115 1958 1168 7
1970 1112 2296 1167 62—836.
2333 1104 2586 1163 'sextum
2605 1122 2885 1181 graecum
2915 1103 3016 1162 de-

1734 1194 1824 1253 dit
1854 1194 2236 1253 Possinus
2268 1194 2333 1252 in
2361 1212 2454 1269 op.
2475 1192 2694 1252 Catena
2713 1192 3017 1270 PP.‹9rae-

1733 1302 1934 1342 corum
1978 1283 2043 1341 in
2074 1284 2177 1342 Ev.
2211 1282 2537 1342 secundum
2576 1283 2855 1351 Marcum,
2903 1282 3017 1343 Ro-

1735 1390 1865 1430 mae
1895 1381 2077 1435 1673.
2115 1372 2338 1431 Verum
2359 1373 2537 1447 juxta
2566 1372 2633 1433 B.
2666 1371 3018 1431 Simonem

1735 1461 1890 1519 Hist.
1923 1462 2052 1520 crit.
2085 1461 2168 1519 du
2199 1461 2270 1518 N.
2302 1460 2364 1519 Τ.
2396 1479 2442 1518 c.
2468 1470 2547 1523 30
2584 1454 2747 1542 (opp.
2769 1460 2836 1530 V,
2861 1454 3020 1542 427)

1733 1550 1828 1609 hic
1849 1550 2310 1609 commentarius
2330 1567 2450 1608 non
2470 1549 2712 1608 videtur
2737 1567 2868 1607 esse
2899 1549 3018 1608 nisi

1735 1639 2076 1715 compilatio
2109 1658 2177 1696 ex
2222 1638 2521 1698 variorum
2552 1637 2812 1708 scholiis,
2860 1656 3017 1695 com·

1734 1728 2040 1787 mentariis
2072 1732 2182 1787 etc.
2216 1728 2478 1797 collecta,
2532 1726 2690 1786 inter
2720 1744 2868 1802 quos
2903 1726 3020 1787 fuit

1736 1820 1798 1876 et
1843 1817 2025 1893 hujus
2060 1816 2317 1875 Victoris
2351 1833 2531 1892 opus:
2580 1816 2642 1874 in
2690 1814 2851 1876 codd.
2899 1816 3018 1892 ipsi

1736 1906 1978 1982 quidem
2009 1905 2286 1975 adscribi,
2337 1906 2441 1964 sed
2474 1908 2536 1964 et
2567 1904 2890 1981 Origeni
2922 1905 3020 1964 vel

1735 1995 1955 2071 Gyrillo
1975 1996 2120 2055 alex.
2142 1998 2269 2064 etc,
2303 1995 2462 2054 inter
2481 1993 2645 2056 codd.
2668 2011 2803 2053 vero
2823 1994 3018 2069 quoad

1735 2087 1969 2144 textum
1990 2085 2150 2143 haud
2181 2085 2340 2143 leves
2371 2102 2500 2143 esse
2520 2084 2856 2142 varietates..
2888 2083 3016 2141 Tri·

1734 2173 2010 2233 buuntur
2057 2174 2246 2233 eidem
2285 2172 2510 2233 Victori
2557 2172 2781 2232 scholia
2822 2174 2888 2230 in
2932 2192 3016 2247 ep.

390 2262 580 2321 tionis
631 2262 907 2323 ubertate
966 2265 1147 2336 atque
1196 2262 1325 2321 stili
1387 2262 1680 2339 elegantia
1734 2263 2045 2322 catholicas
2075 2262 2269 2321 adhuc
2299 2262 2539 2321 inedita.
2602 2261 3018 2320 commentarii

398 2368 591 2410 sermo
640 2352 710 2409 de
772 2358 892 2409 octo
937 2345 1399 2410 beatite'cdinibus.
1481 2352 1678 2410 Habes
1735 2370 1920 2427 supra
1958 2351 2184 2411 laudati
2217 2350 2402 2411 editio
2437 2349 2662 2426 optima
2705 2354 2798 2409 est
2851 2351 2936 2410 Cr
2955 2370 3016 2408 a·

401 2457 501 2497 eas
543 2440 604 2498 in
648 2440 900 2516 Migne
946 2441 1009 2497 P.
1039 2439 1104 2503 L.
1137 2439 1255 2510 XX,
1293 2449 1675 2509 323—-3683
1733 2440 1911 2499 meri
1950 2440 2015 2499 in
2047 2459 2140 2517 op.
2178 2441 2422 2499 Catenae
2442 2439 2556 2501 PP.
2584 2458 2924 2517 qraocorum
2954 2441 3018 2497 in

402 2529 738 2604 prodierant
783 2547 960 2606 saepe
1004 2532 1178 2588 antea
1221 2530 1573 2606 praesertim
1619 2533 1680 2589 et
1738 2530 1812 2589 N.
1851 2530 1933 2607 T„
1969 2528 2180 2590 Oxonii
2222 2539 2387 2594 1844
2421 2531 2468 2602 Ι,
2504 2537 2870 2594 259-447.

398 2618 461 2676 in
494 2618 634 2677 bibl.
667 2618 810 2687 PP.;
858 2618 1227 2678 Gallandi
1258 2619 1416 2691 VIII,
1462 2629 1679 2683 338—-

398 2716 480 2771 52
534 2711 596 2766 et
639 2726 780 2768 cura
810 2709 873 2768 P.
906 2707 1212 2778 Braida,
1266 2708 1448 2779 Utini,
1513 2718 1676 2772 1816

1864 2718 2003 2773 168.
2067 2710 2151 2767 De
2213 2708 2555 2767 historia
2623 2707 3021 2766 ecclesiastica

394 2796 462 2855 in
515 2808 571 2859 4.
649 2797 774 2873 Ipsi
827 2797 1109 2855 debemus
1159 2798 1342 2857 etiam
1388 2798 1680 2857 nonnulla
1732 2798 1912 2856 multi
1945 2798 2055 2856 hac
2084 2797 2329 2873 periodo
2359 2800 2711 2856 meruerunt
2726 2792 2787 2879 ¹).
2841 2796 3017 2854 Prae·

396 2886 1094 2962 scriptaHieronymi
1123 2886 1507 2946 etRufini:
1540 2895 1676 2945 na'm

393 2977 459 3033 et
519 2974 881 3051 Hieronymo
942 2974 1324 3050 interpretari
1381 2976 1675 3052 Paralipo-

1814 2982 3016 3055 ¹)PraetermittimusPhilostorgium

393 3082 588 3133 mena,
653 3064 882 3146 Qseam,
946 3064 1144 3134 Amos,
1207 3064 1555 3123 Malachiam
1615 3068 1678 3123 et,
1732 3056 2131 3136 cappadocem,
2173 3074 2228 3115 n.
2256 3062 2378 3120 368,
2419 3053 2688 3110 Eunomii
2727 3052 3019 3118 asseclam,

394 3152 761 3223 Zachariam3
808 3152 1021 3212 Rufino
1059 3152 1369 3212 historiam
1401 3154 1673 3213 ecclesia-

1731 3143 2072 3181 acernmum
2135 3126 2548 3182 catholicorum
2611 3125 3016 3184 adversarium,

1733 3198 1838 3267 qui
1865 3198 2188 3268 composuit
2225 3201 2506 3253 historiam
2532 3200 2928 3252 ecclesiasticam
2959 3197 3015 3250 ll.

395 3242 611 3301 sticam
652 3240 899 3300 Eusebii
960 3245 1022 3300 et
1083 3241 1356 3319 Origenis
1407 3243 1677 3302 homilias
1732 3270 1840 3323 ΧΠ
1864 3270 1938 3323 ab
1962 3286 2012 3322 a,
2040 3275 2340 3332 300—42e.·›‚
2386 3268 2449 3323 in
2475 3286 2590 3338 qua
2617 3267 2860 3322 Arianos
2898 3267 3018 3321 lau.

395 3330 704 3390 transferri
723 3331 1040 3407 persuasit.
1074 3331 1340 3410 Epistola
1370 3350 1526 3401 vere,
1561 3351 1679 3407 qua
1731 3340 1904 3396 dibus
1931 3341 2094 3395 effert
2118 3342 2176 3393 et
2201 3339 2548 3395 orthodoxos
2587 3338 2863 3395 conviciis
2891 3355 3019 3392 con-

397 3419 803 3478 condemnatis
829 3419 1100 3496 Origenis
1131 3421 1433 3480 erroribus
1465 3420 1675 3480 Hiero·
1732 3412 1932 3467 fundit
1973 3416 2073 3475 „ut
2111 3427 2228 3465 esse
2267 3413 2374 3467 hoc
2414 3413 2540 3482 ejus
2584 3428 2728 3481 opus
2754 3427 2869 3463 non
2897 3415 3014 3464 tam

399 3527 645 3585 nymum
677 3510 1003 3586 rogaverat,
1043 3511 1115 3567 ut
1144 3509 1358 3569 litibus
1391 3528 1525 3569 cum
1556 3509 1677 3567 Ru-

397 3597 516 3657 fino
545 3598 721 3657 finem
761 3596 1112 3673 imponeret,
1160 3598 1333 3658 hodie
1379 3597 1675 3658 desidera·
1732 3629 1908 3696 atque
1969 3627 2331 3680 accusatione
2383 3626 2847 3682 catholicorum...

1732 3484 1977 3538 historia
1992 3483 2257 3537 videatur
2274 3500 2447 3552 quam
2465 3483 2883 3537 haereticorum
2898 3483 3018 3537 lau-

1733 3555 1910 3619 datio,
1936 3571 2065 3610 cum
2103 3555 2261 3608 nuda
2300 3559 2359 3609 et
2396 3572 2550 3609 mera
2594 3553 3020 3679 vituperatiolffi

399 3689 514 3756 tur,
578 3706 772 3762 neque
823 3686 1221 3763 Hieronymus
1272 3706 1342 3746 ea
1395 3688 1676 3746 inductus
1734 3697 1777 3751 P
1794 3698 1832 3751 h
1850 3714 1882 3752 o
1902 3696 2015 3751 tiu
2033 3716 2059 3752 s
2085 3698 2207 3754 cod.
2235 3704 2304 3753 40
2331 3699 2410 3766 (M
2425 3699 2445 3751 i
2464 3718 2502 3769 g
2520 3717 2555 3750 n
2573 3715 2602 3752 e
2634 3704 2754 3758 103,
2780 3698 2887 3767 72),
2916 3696 3018 3765 qui

405 3777 506 3847 est,
540 3779 612 3835 ut
642 3794 678 3834 a
706 3775 1119 3851 prosequenda
1138 3776 1544 3836 controversia
1576 3776 1677 3835 (10-
1732 3785 1863 3823 eum
1891 3767 2025 3823 dein
2052 3768 2197 3823 dicit
2224 3769 2590 3839 „scriptorem
2616 3767 2946 3823 mendacem
2962 3770 3021 3821 et

399 3864 648 3924 sisteret.
694 3864 992 3940 Epistolae
1016 3882 1155 3922 vero
1176 3865 1343 3936 aliae,
1378 3883 1530 3941 quae
1564 3866 1676 3923 sub

1732 3839 1945 3895 fabulis
1962 3838 2197 3896 minime
2212 3840 2625 3894 abstinentem“
2646 3861 2659 3894 z
2683 3840 2807 3909 ejus
2826 3841 3017 3893 tamen

1732 3910 2022 3981 epitomen
2051 3911 2298 3975 exhibet,
2326 3928 2501 3980 quam
2521 3928 2652 3965 cum
2680 3910 3017 3979 fragmentis

397 3955 527 4029 ejus
585 3953 823 4012 nomine
887 3952 960 4011 ad
1021 3953 1447 4030 Hieronymum
1510 3954 1678 4012 datae
1733 3984 1912 4037 habes
1950 3981 2011 4039 in
2052 3982 2301 4052 Migne
2328 3983 2389 4037 P.
2416 3982 2479 4037 G.
2508 3981 2675 4046 LXV,
2716 3987 2820 4037 459
2834 3988 3017 4038 -638,

397 4043 915 4111 circumferuntur,
962 4061 1081 4101 non
1126 4047 1270 4101 sunt
1300 4043 1594 4120 genuinae
1605 4037 1678 4124 Β).
1734 4053 1912 4109 Aliud

398 4149 479 4156 -ο

1942 4056 2327 4124 fragmentum
2365 4071 2400 4107 a
2441 4054 2497 4107 Μ
2514 4071 2548 4106 a.
2562 4053 2584 4107 i
2596 4054 2734 4178 t{am
2764 4051 3016 4121 publica-

1734 4127 1859 4179 tum
1886 4124 2209 4179 accuratius
2226 4125 2531 4179 exhibetur
2546 4142 2580 4178 a.
2645 4164 2657 4177 .
2685 4123 2729 4175 B
2745 4139 2779 4175 a
2795 4123 2854 4177 ti
2873 4124 2938 4175 ff
2949 4140 2979 4175 o
2997 4124 3016 4175 l

395 4194 630 4250 anische
683 4194 969 4250 Schriften
1019 4196 1138 4250 und
1179 4196 1271 4250 die
1312 4198 1456 4251 Acta
1496 4195 1678 4261 Pauli,
1734 4196 1797 4250 in
1825 4197 1980 4252 Rom.
2010 4195 2251 4260 Qtlschr.
2296 4196 2388 4249 fur
2415 4196 2634 4251 christl.
2662 4194 3015 4248 Alterthum-

397 4266 549 4320 inter
589 4265 763 4321 Texte
805 4266 923 4320 und
964 4266 1305 4322 Untersuch.
1345 4285 1445 4321 zur
1480 4267 1680 4322 Gesch.
1734 4267 1929 4323 kunde
1975 4268 2091 4321 und
2130 4267 2221 4319 fiir
2246 4266 2688 4337 Kirchengesch.
2719 4265 2797 4319 III
2826 4266 2958 4321 fasc.
2983 4273 3017 4321 3

397 4338 499 4391 der
524 4337 829 4392 altchristl.
856 4338 964 4395 Lit.
992 4339 1151 4393 Neue
1180 4339 1352 4410 Folge
1380 4339 1457 4393 IV
1483 4340 1618 4392 fasc.
1647 4346 1680 4395 3
1734 4359 1790 4465 g
1821 4346 2085 4396 252—89.
2149 4337 2349 4392 Edidit
2385 4338 2508 4409 ipse
2548 4340 2607 4392 et
2647 4336 3016 4401 Quaestiones

398 4408 625 4480 Lipsiae
656 4416 810 4467 1899.

478 4486 515 4547 ¹)
542 4479 626 4534 Cf.
652 4480 794 4534 Kih
813 4500 868 4545 n,
895 4481 1008 4535 KL.
1034 4481 1102 4545 V,
1134 4483 1287 4538 1437.

1784 4410 2231 4481 hilostorgianae
2274 4409 2530 4482 (Thesis),
2582 4407 2814 4462 Parisiis
2864 4412 3015 4464 1891.

1737 4482 1822 4537 Cf.
1847 4482 1881 4535 J
1897 4498 1973 4536 ee
1990 4502 2027 4552 p
2055 4500 2156 4535 zur
2183 4481 2658 4551 Ueberlieferung
2702 4479 2800 4532 des
2827 4478 3015 4533 Philo·

475 4547 515 4622 2’)
544 4552 586 4605 F
604 4552 958 4608 ontanini
999 4553 1131 4607 hist.
1172 4552 1256 4607 lit.
1295 4552 1531 4622 aquilej.
1572 4553 1610 4607 1.
1647 4560 1681 4608 3
1736 4553 1989 4624 storgius
2014 4553 2077 4607 in
2104 4553 2278 4607 Texte
2306 4553 2426 4607 und
2453 4552 2679 4606 Unters.
2703 4550 2772 4603 N.
2792 4550 2850 4603 F.
2870 4550 2938 4611 II,
2957 4557 3015 4604 3:

398 4642 446 4678 c.
474 4630 524 4679 3.
550 4633 586 4679 4
609 4624 785 4695 (apud
826 4624 1074 4695 Migne
1104 4624 1165 4678 P.
1195 4625 1253 4678 L.
1280 4625 1397 4688 XX.
1424 4632 1529 4682 375
1558 4627 1679 4696 ss.);
1736 4625 2082 4680 Ehrhard
2118 4624 2232 4678 KL.
2259 4624 2353 4688 IX,
2380 4628 2536 4680 2074.
2563 4656 2630 4663 -
2658 4620 3014 4676 Praetermit-

400 4694 470 4748 de
487 4693 537 4747 R
550 4714 588 4748 n
606 4695 643 4748 b
660 4713 689 4749 e
706 4695 727 4749 i
743 4714 768 4748 s
787 4695 1039 4751 Monum.
1057 4697 1193 4750 eccl.
1209 4695 1390 4763 aquil.
1406 4713 1484 4752 cc.
1508 4702 1680 4756 1043:
1737 4697 1914 4750 timus
1954 4699 2012 4752 et
2047 4700 2327 4750 historiam
2367 4698 2765 4749 ecclesiasticam
2791 4691 2835 4745 Τ
2852 4692 2944 4745 im
2962 4707 3013 4744 o-

403 4765 1180 4836 Fessler-Jungmann
1207 4777 1234 4834 ξ
1266 4775 1383 4823 154.

1737 4768 1900 4822 thei
1961 4767 2217 4837 episcopi
2278 4765 2594 4835 berytensis
2656 4765 2732 4837 (ss.
2781 4763 3015 4817 ineunte
