3505 5161
394 230 472 284 93
1114 211 1448 279 Archelaus,
1474 212 1849 284 zephyrinus,
1876 211 2158 268 Callixtus
2184 214 2292 268 etc.

2931 233 3020 287 94·

390 402 591 459 menta
621 399 871 476 collegit
914 399 1167 458 Routh
1194 397 1339 469 ΠΡ,
1387 408 1675 462 301-316
1827 408 1928 463 48.
1963 399 2314 474 Sequuntur
2357 400 2550 459 adhuc
2599 401 2802 476 plures
2853 420 3018 461 men-

394 492 455 549 et
482 488 667 548 habes
699 488 862 564 apud
892 488 1147 565 Migne
1178 488 1242 550 P.
1264 488 1329 546 G.
1350 487 1422 558 X,
1460 495 1679 551 247-
1733 488 1899 547 tione
1948 487 2119 565 digni
2133 485 2199 569 ¹),
2253 487 2359 564 qui
2406 491 2607 548 tamen
2654 507 2776 549 non
2826 490 3018 549 multa

397 588 543 653 260,
594 578 755 636 inter
816 596 966 654 quae
1015 580 1162 636 sunt
1225 580 1288 636 et
1346 577 1680 656 fragmenta
1734 577 2100 652 scripserunt
2143 578 2237 635 vel
2285 596 2539 652 quorum
2579 578 2732 636 nihil
2762 579 2883 637 fere
2914 594 3016 638 su-

393 667 637 746 grandis
669 667 957 743 epistolae
988 665 1322 742 synodicae,
1372 686 1492 741 qua
1522 667 1678 743 epis·
1735 668 1948 742 pereat.
2008 666 2094 724 Ex
2155 666 2414 725 romanis
2475 666 2858 742 pontificibus
2920 669 3015 728 hic

392 758 527 833 copi
556 756 828 816 referunt
856 773 1011 831 quae
1035 759 1201 833 gesta
1216 756 1445 816 fuerint
1474 759 1680 815 contra
1733 755 1886 814 forte
1899 754 2196 814 nominari
2211 758 2478 831 possunt,
2495 757 2731 831 praeter
2750 756 3017 834 Zephy-

392 847 650 905 Paulum
681 847 1137 908 samosatenum.
1169 844 1315 904 Eam
1336 864 1403 903 ex
1422 862 1681 921 persona
1732 845 1986 903 rinum
2022 838 2600 927 (198l199—217),
2648 846 2818 921 cujus
2863 846 3018 904 forte

390 935 608 1013 synodi
639 953 677 992 a
704 934 1037 994 Malchione
1066 934 1349 1010 scriptam
1380 934 1567 994 fuisse
1604 933 1680 993 ad
1733 936 1825 993 est
1874 933 2103 992 celebre
2149 932 2430 1007 edictum,
2482 952 2601 1009 quo
2633 934 2926 994 moechiae
2955 939 3019 993 et

391 1023 753 1100 Dionysium
815 1025 876 1083 et
922 1023 1243 1081 Maximum
1291 1042 1567 1084 romanae
1616 1027 1679 1082 et
1732 1022 2139 1082 fornicationis
2172 1022 2390 1082 delicta
2420 1022 2818 1098 poenitentiae
2846 1024 3018 1083 func-

390 1112 815 1173 alexandrinae
862 1113 1169 1187 episcopos
1218 1114 1480 1173 testatur
1516 1113 1599 1172 ib.
1631 1131 1675 1173 s.
1733 1112 1815 1170 tis
1847 1112 2106 1172 dimittit
2116 1108 2186 1194 2),
2230 1115 2291 1169 et
2322 1111 2364 1171 C
2379 1112 2483 1170 all
2497 1112 2568 1171 ix
2585 1115 2612 1170 t
2624 1132 2669 1171 u
2682 1130 2742 1171 m
2774 1108 2925 1194 (217
2940 1146 3010 1156 —

395 1203 923 1279 Hieronymus
957 1201 1171 1260 silente
1202 1200 1312 1260 hac
1345 1201 1416 1261 de
1448 1221 1511 1260 re
1542 1202 1674 1260 Eu·

393 1311 425 1351 s
439 1292 644 1352 ebio:
696 1310 875 1365 quam
919 1290 996 1348 ob
1044 1308 1171 1349 rem
1216 1291 1467 1350 assertio
1507 1291 1676 1350 illius

399 1380 753 1441 nonnemini
781 1379 911 1439 visa
942 1382 1036 1438 est
1066 1378 1265 1438 dubia.

1814 1353 1847 1421 ¹)
1877 1350 2389 1407 Praetermittimus
2405 1370 2447 1406 S.
2465 1352 2521 1405 M
2536 1369 2569 1404 a
2585 1371 2613 1405 r
2631 1351 2687 1406 ti
2705 1369 2736 1405 a
2754 1354 2820 1406 le
2837 1373 2893 1408 m
2910 1352 3020 1424 pri-

1731 1441 1888 1477 mum
1913 1422 2352 1478 lemovicensem
2394 1423 2740 1494 episcopum,
2783 1424 2885 1492 qui
2925 1425 3020 1479 flo-

1731 1494 1913 1548 ruisse
1940 1494 2155 1549 dicitur
2194 1493 2383 1549 medio
2408 1511 2517 1548 sec.
2543 1495 2655 1559 111„
2696 1494 2766 1547 de
2807 1512 2922 1563 quo
2949 1498 3019 1552 cf.

487 1570 587 1622 47.
652 1557 991 1634 Supersunt
1051 1558 1200 1616 Acta
1267 1558 1679 1635 disputationis
1733 1565 1880 1619 Hist.
1909 1566 1994 1624 lit.
2023 1566 2092 1620 de
2121 1566 2175 1620 la
2203 1566 2415 1619 France
2461 1566 2503 1630 Ι,
2530 1568 2635 1622 407
2646 1572 2763 1631 —9‚
2804 1568 2899 1619 Ar
2917 1567 2952 1619 b
2969 1583 3019 1622 e-

398 1649 595 1707 Arch
614 1647 773 1706 0131
860 1646 1121 1723 episcopi
1199 1642 1678 1731 (ngchgrengig)
1729 1638 1842 1692 lot
1886 1636 2032 1691 Diss.
2079 1655 2178 1691 sur
2215 1638 2545 1708 l’apostolat
2587 1637 2657 1691 de
2699 1655 2741 1690 s.
2769 1636 3019 1703 Martial,

396 1737 855 1812 Mesopotamiae
901 1730 1027 1817 (qui
1080 1737 1301 1796 claruit
1345 1756 1390 1801 c.
1435 1757 1486 1796 a.
1522 1734 1675 1817 277)

1732 1708 1896 1762 Paris
1934 1714 2061 1765 1955
2083 1730 2094 1769 ;
2123 1708 2466 1763 Documenta
2485 1707 2699 1762 inedits
2726 1726 2824 1761 sur
2850 1710 2923 1763 l’a
2968 1726 3021 1763 o·

1733 1781 1910 1834 stolat
1934 1781 2004 1834 de
2030 1798 2071 1832 s.
2100 1780 2175 1833 M.
2216 1783 2274 1833 et
2313 1798 2411 1832 sur
2448 1782 2528 1834 les
2572 1778 2894 1848 antiquites
2963 1798 3021 1835 es

394 1826 578 1883 0tM⁸
592 1844 636 1883 Π
651 1843 683 1882 θ
703 1825 766 1882 ¹²5
782 1842 810 1882 Β
830 1825 1288 1897 ῙῙΒΘΓΘΕῘΉΟῙΨΘ,
1306 1826 1490 1885 latine
1508 1845 1678 1886 ‘'0¹⁸ss
1733 1851 1942 1921 eglises
1967 1851 2037 1905 de
2065 1850 2297 1914 France,
2323 1850 2402 1904 ib.
2451 1857 2587 1908 1860
2605 1872 2616 1909 ;
2664 1851 2709 1903 Β
2727 1869 2756 1904 e
2774 1853 2828 1907 ll
2845 1869 2874 1905 e
2890 1855 2916 1905 t
2959 1852 3017 1905 in

394 1931 465 1971 ex
495 1931 727 1990 graece,
761 1913 865 1971 sed
896 1915 1121 1991 scripta
1163 1915 1351 1974 fuisse
1394 1915 1678 1973 dicuntur
1732 1923 1928 1977 Revue
1974 1922 2073 1975 des
2112 1940 2207 1991 qq.
2249 1921 2384 1976 hist.
2419 1929 2557 1980 1900
2585 1922 2785 1985 XXIV,
2832 1931 3018 1979 lm40.

396 2001 470 2060 gb
502 2001 983 2078 Hieronymo
1034 2022 1305 2063 sermone
1337 2022 1491 2080 3510,
1527 2022 1675 2079 opus
1732 1992 2079 2074 Tribuijpsi
2104 1995 2368 2048 solebant
2392 1994 2540 2048 duae
2579 1999 2843 2064 epIstolae,
2873 2011 3018 2063 quae

395 2092 731 2167 pretiosum
743 2111 850 2168 pro
868 2092 1121 2151 historia
1139 2093 1241 2168 huj
1249 2111 1320 2150 us
1338 2092 1596 2151 haeresis
1614 2088 1677 2172 ¹).

1733 2064 2059 2135 saepismme
2101 2065 2208 2119 sub
2244 2066 2366 2135 ejus
2397 2064 2737 2136 prodierunt
2775 2066 3022 2129 nomine,

1733 2136 1831 2189 sed
1873 2136 2178 2191 manifesto
2222 2139 2360 2191 sunt
2403 2136 2665 2207 spuriae:
2711 2155 2844 2191 nam
2890 2142 3025 2191 sunt

397 2181 633 2240 Prodiit
661 2182 922 2257 primum
953 2181 1094 2240 haec
1125 2181 1319 2240 versio
1339 2180 1591 2239 obscura
1618 2183 1679 2239 et
1732 2207 1947 2262 fabulis
1975 2212 2176 2278 plenae
2216 2208 2606 2278 indignaeque
2647 2226 2794 2276 quae
2833 2210 3022 2279 legan-

398 2270 682 2331 mendose
714 2271 949 2329 servata
976 2288 1110 2328 cum
1143 2269 1491 2347 fragmentis
1511 2288 1677 2347 grae-
1732 2280 1846 2332 tur.
1891 2312 1952 2321 --
1996 2280 2203 2349 Spuria

397 2360 485 2418 cis
500 2360 566 2417 in
599 2359 638 2416 Z
654 2378 690 2416 a
704 2376 735 2416 c
749 2375 781 2416 c
794 2377 828 2416 a
842 2358 970 2434 gni
1002 2358 1386 2417 collectaneis
1407 2363 1675 2419 veterum

397 2448 617 2506 Eccles.
666 2446 882 2506 Romae
953 2456 1116 2510 1698
1180 2467 1235 2523 p.
1297 2458 1554 2511 1—105
1620 2452 1682 2506 et

398 2554 574 2612 saepe
603 2535 780 2604 alibi3
814 2536 1067 2596 Bouth
1099 2535 1201 2607 ΨΒ,
1232 2549 1258 2600 1
1286 2555 1394 2608 ss.;
1427 2537 1680 2614 Migne

401 2626 616 2684 Patrol.
648 2645 736 2702 gr.
756 2625 824 2697 X,
853 2635 1305 2690 1405—1527.
1337 2627 1449 2685 Illa
1468 2646 1683 2703 magna

397 2733 468 2773 ex
498 2716 670 2790 parte
700 2718 944 2791 propter
974 2734 1145 2774 suam
1162 2716 1487 2775 utilitatem
1521 2717 1678 2774 inse-

398 2803 1028 2880 ruitEpiphanius
1062 2806 1218 2864 haer.
1238 2815 1355 2875 664
1380 2805 1682 2881 epitomen

395 2891 638 2952 exhibet
699 2892 1048 2968 Cyrillus
1099 2894 1311 2953 hieros.
1368 2894 1588 2955 catech.
1643 2903 1677 2954 6

400 3000 458 3042 n.
482 2991 556 3045 21
581 2999 660 3040 ss.
694 2981 914 3040 Verum
937 2983 1063 3056 jam
1094 2983 1391 3058 incipiunt
1420 2983 1535 3041 viri
1566 2983 1680 3041 cri·

400 3071 508 3129 tici
538 3070 791 3146 opinari,
824 3074 954 3129 acta
982 3071 1089 3130 illa
1128 3090 1258 3130 esse
1286 3073 1535 3131 ineunte
1568 3090 1680 3130 sec.

402 3158 482 3219 IV
534 3159 854 3235 composita
897 3160 971 3218 ab
1024 3161 1513 3237 HegemoniO,
1576 3161 1682 3235 qui

402 3247 647 3306 formam
680 3247 1108 3324 disputationis
1140 3250 1420 3327 selegerit
1449 3250 1523 3308 ad
1554 3268 1678 3307 ma-

404 3337 677 3396 nichaeos
722 3336 1131 3410 confutandos,
1176 3338 1427 3414 ideoque
1459 3338 1679 3398 Arche-

404 3426 497 3485 lao
527 3443 651 3484 non
682 3444 812 3485 esse
830 3427 1167 3498 tribuenda,
1199 3446 1333 3486 cum
1358 3428 1680 3487 interlocu-

402 3517 561 3574 tores
590 3515 722 3591 ipse
755 3517 963 3575 auctor
988 3513 1306 3597 finxerit2).
1338 3517 1432 3576 Ita
1460 3518 1605 3576 Kes
1623 3535 1680 3575 s-

405 3603 519 3662 ler
567 3603 634 3662 in
683 3622 778 3678 op.
829 3603 1004 3665 Mani.
1065 3605 1492 3682 Forschungen*
1532 3607 1683 3664 iiber

404 3693 836 3752 manichaische
867 3692 1160 3770 Religion,
1193 3693 1397 3753 Berlin
1436 3704 1599 3759 1889
1634 3694 1680 3764 Ι,

408 3789 484 3843 87
524 3800 599 3841 ss.
631 3785 851 3853 censet,
884 3784 1015 3840 acta
1044 3783 1360 3858 compilata
1378 3801 1506 3842 esse
1524 3783 1685 3842 intra

406 3889 454 3928 a.
487 3879 832 3934 300-325
878 3889 948 3928 ex
978 3872 1378 3930 monumentis
1407 3871 1682 3949 genuinis

405 3976 513 4017 sec.
561 3960 838 4018 exeuntis
868 3959 973 4017 III.
1023 3960 1229 4038 lingua
1271 3959 1499 4037 syriaca
1542 3979 1683 4020 con-

410 4046 676 4124 scriptis:
709 4047 1095 4123 interpretem
1125 4053 1325 4109 autem
1357 4050 1537 4126 hujus
1567 4050 1684 4108 lin—

402 4155 555 4213 guae
587 4136 786 4196 minus
816 4136 1000 4196 fuisse
1018 4138 1294 4213 peritum,
1327 4139 1465 4198 hinc
1496 4138 1561 4197 in
1580 4158 1688 4198 sua

407 4225 677 4284 versione
692 4225 850 4285 haud
869 4243 1001 4284 raro
1021 4245 1261 4289 errasse.
1280 4227 1405 4287 Imo
1425 4229 1682 4305 conjicit,

406 4314 761 4390 Archelaum
810 4333 930 4373 non
980 4333 1108 4374 esse
1155 4334 1469 4393 personam
1500 4317 1685 4377 histo-

410 4402 609 4465 ricam.
642 4403 768 4461 Alii
797 4421 936 4462 vero
968 4406 1184 4479 putant
1214 4407 1346 4463 acta
1375 4405 1687 4483 originalia

410 4488 597 4574 (ficta)
629 4510 839 4570 graece
867 4492 1060 4551 fuisse
1090 4494 1436 4570 conscripta.

486 4703 501 4734 ²
549 4694 632 4752 cf.
657 4696 1091 4753 KaulenKL.
1117 4701 1158 4763 1,
1189 4704 1344 4755 1252.

484 4699 524 4838 ’ζ
550 4767 1214 4825 Of.Bardenhewer
1240 4780 1267 4836 ξ
1294 4777 1361 4826 65
1388 4789 1446 4824 n.
1478 4778 1522 4824 1.

2292 2279 2468 2334 ariter
2511 2280 2838 2333 declaratur
2884 2297 2918 2333 a.
2961 2280 3021 2334 P.

1734 2349 2074 2404 Batiffol
2119 2369 2162 2406 a.
2208 2350 2252 2404 T
2326 2366 2556 2404 conae
2607 2349 2865 2421 episcopi
2915 2353 3023 2407 ale-

1735 2421 2009 2475 xandrini
2029 2425 2154 2494 (282
2165 2426 2355 2494 —300)
2376 2425 2590 2490 epistola
2610 2424 2683 2474 ad
2706 2421 3021 2477 Lucianum

1735 2493 2089 2562 praefectum
2116 2493 2621 2556 cubiculariorum,
2650 2492 2937 2561 quomodo
2965 2510 3023 2548 se

1736 2580 1932 2634 gerere
1958 2564 2207 2618 debeant
2231 2565 2533 2619 christiani
2578 2564 2640 2617 in
2684 2567 2817 2621 aula
2842 2582 3023 2619 caesa-

1734 2652 1848 2698 rea,
1878 2653 2024 2704 quae
2052 2637 2154 2690 diu
2181 2635 2296 2691 imo
2336 2637 2408 2690 ad
2449 2641 2702 2690 nostram
2728 2654 2911 2703 usque
2936 2654 3024 2690 ae-

1736 2710 1915 2761 tatem
1953 2711 2266 2776 tamquam*
2291 2707 2545 2777 genuina
2572 2707 2792 2777 prodiit
2831 2708 2892 2761 in
2933 2725 3024 2761 va-

1736 2777 1839 2830 riis
1867 2777 1973 2831 PP.
2000 2779 2370 2833 bibliothecis
2397 2778 2573 2848 (apud
2601 2778 2696 2831 Mi
2711 2799 2748 2848 g
2766 2797 2804 2830 n
2820 2795 2849 2832 e
2876 2778 2936 2831 P.
2959 2779 3025 2833 G.

1737 2851 1804 2913 X,
1838 2853 2223 2912 1567—1574),
2264 2850 2327 2903 in
2354 2850 2485 2903 diss.
2513 2849 2760 2918 L'epitre
2789 2850 2858 2902 cle
2886 2849 3025 2904 The·

1738 2938 1878 2975 onas
1904 2925 1937 2974 ὲ.
1963 2920 2177 2973 Lucien
2203 2922 2265 2974 in
2292 2920 2546 2975 Bulletin
2572 2921 2837 2987 critique,
2865 2920 3024 2975 Paris

1745 2998 1896 3048 1886.
1943 2992 2065 3052 VH,
2116 2999 2375 3054 155—60,
2419 2991 2523 3044 ubi
2567 3009 2693 3045 eam
2737 2991 2949 3045 tribuit
2973 2992 3025 3046 J.

1737 3062 2728 3133 Vignier(†1661).Cf.Ehrhard
2755 3063 2824 3126 ΙΙ,
2843 3069 2945 3118 352
2965 3081 3026 3118 s:

1737 3134 1787 3186 K
1804 3152 1832 3186 r
1849 3140 1886 3186 u
1904 3151 1986 3202 ge
2003 3153 2031 3188 r
2057 3145 2083 3199 ᾗ
2110 3138 2196 3194 74,
2225 3133 2327 3202 qui
2355 3133 2605 3188 haesitat
2631 3133 2966 3214 opinionem
2992 3152 3026 3188 υ.

1736 3206 1783 3257 Β
1800 3222 1835 3258 a.
1852 3208 1877 3258 t
1891 3204 1914 3258 i
1928 3205 1995 3258 ff
2005 3222 2037 3258 o
2054 3206 2076 3258 l
2113 3208 2388 3258 assertam
2427 3205 2714 3275 amplecti.
2749 3238 2816 3246 --
2856 3205 3025 3275 Frag-

1737 3279 1998 3330 mentum
2018 3293 2118 3329 seu
2138 3281 2394 3345 expositio
2413 3281 2538 3344 fidet·
2552 3293 2620 3330 ex
2647 3293 2738 3345 ep.
2752 3275 2826 3328 ad
2852 3276 3026 3345 episc.

1739 3347 2053 3403 Maximum
2099 3351 2157 3400 et
2202 3351 2417 3403 clerum
2454 3350 2616 3411 alex„
2659 3363 2807 3416 quae
2849 3348 3025 3401 citata

1738 3418 1928 3473 fuitin
1945 3435 2101 3474 conc.
2129 3434 2158 3472 e
2176 3439 2213 3489 p
2233 3421 2270 3473 h
2287 3437 2317 3474 e
2334 3437 2359 3474 s
2377 3419 2451 3473 in
2468 3435 2500 3473 o
2517 3418 3024 3492 (MansiIV‚(1188)

1738 3491 1846 3544 sub
1873 3491 2104 3544 nomine
2131 3490 2174 3544 F
2190 3490 2370 3546 elici
2391 3509 2416 3544 s
2442 3492 2482 3544 1.
2524 3490 2778 3561 episcopi
2803 3489 3026 3548 romani

1738 3564 2063 3634 (269—274)
2105 3563 2404 3632 supposita.
2443 3562 2536 3616 vel
2575 3564 2772 3617 saltem
2823 3564 3026 3618 falsata

1738 3637 2001 3687 censetur
2016 3634 2091 3686 ab
2109 3633 2558 3703 Apollinaristis.
2587 3634 2668 3687 Of.
2689 3633 2740 3687 H
2755 3651 2788 3687 a
2803 3651 2832 3685 r
2849 3652 2887 3687 n
2902 3652 2936 3688 a
2948 3634 3028 3688 ck

1739 3705 1940 3759 Gesch.
1986 3704 2043 3762 d.
2086 3706 2417 3762 altchrisstl.
2470 3705 2759 3759 Literatur
2803 3707 2845 3768 Ι,
2892 3712 3026 3764 659;

1741 3776 1782 3828 C
1800 3795 1832 3829 a
1850 3795 1874 3830 s
1943 3776 2062 3830 ari
2108 3777 2243 3830 Alte
2287 3777 2408 3831 unci
2452 3792 2599 3830 neue
2644 3775 2882 3841 Quellen
2926 3795 3027 3830 zur

1740 3849 1882 3901 Geso
1930 3887 1943 3901 .
1983 3848 2083 3902 des
2124 3847 2456 3916 Taufsymb.
2497 3846 2846 3902 Christiania
2893 3850 3027 3904 1879

1740 3938 1796 3989 p.
1830 3925 2137 3980 111-123;
2164 3919 2588 3990 genuinitatem
2609 3921 2800 3973 tamen
2828 3921 3024 3972 tuetur

1741 3989 2692 4061 Constantp.291-298.——De
2720 3988 3025 4044 Gemino

1739 4060 2118 4117 antiochenae
2168 4060 2439 4116 ecclesiae
2479 4061 2810 4132 presbytero
2853 4059 3028 4113 refert

1740 4133 2251 4202 Hieronymus
2278 4133 2348 4186 de
2377 4132 2480 4185 vir.
2508 4131 2591 4186 ill.
2619 4149 2665 4184 c.
2695 4138 2763 4186 64
2802 4132 3025 4184 tantum

1741 4221 1927 4275 pauca
1953 4221 2086 4258 eum
2112 4202 2339 4274 ingenii
2364 4203 2454 4256 sui
2482 4203 2856 4255 monumenta
2882 4218 3026 4254 com·

1740 4275 2014 4347 posuisse,
2041 4279 2218 4344 atque
2258 4273 2513 4328 floruisse
2555 4273 2661 4327 sub
2701 4272 3025 4327 Alexandro

1740 4348 1945 4401 Severo
1972 4349 2136 4418 (235).
2188 4344 2422 4414 Reliqui
2448 4361 2640 4399 omnes
2666 4343 2735 4396 de
2762 4343 2871 4397 hoc
2897 4359 3025 4399 auc-

1740 4422 1862 4471 tore
1891 4415 2077 4478 silent,
2118 4433 2304 4485 neque
2349 4416 2420 4469 de
2466 4414 2679 4483 quibus
2720 4414 3027 4486 scripserit,

1740 4505 1999 4557 unquam
2025 4487 2299 4541 innotuit.

1816 4563 1855 4629 2>
1883 4559 2023 4627 Ejus
2048 4557 2398 4612 mentionem
2440 4556 2582 4610 facit
2620 4557 2665 4609 T
2682 4573 2711 4609 e
2727 4575 2755 4610 r
2774 4559 2796 4610 t
2813 4576 2851 4610 u
2865 4558 2886 4610 l
2901 4557 2958 4612 li
2972 4574 3026 4609 a·

1741 4648 1780 4682 n
1797 4647 1878 4682 us
1903 4630 1974 4684 de
2002 4629 2195 4699 pudic.
2223 4647 2269 4684 c.
2297 4636 2359 4687 2:
2400 4628 2548 4685 illud
2574 4630 2769 4682 tamen
2796 4628 2871 4682 ab
2898 4628 3027 4684 aliis

1742 4699 2079 4756 Callixto
2127 4699 2423 4754 tribuitur.
2477 4698 2559 4754 Cf.
2607 4699 2958 4753 Harnack
2985 4701 3027 4762 I,

1742 4777 2041 4827 603—605.
3009 4807 3018 4818 ,
