3505 5161
1123 239 1174 290 S.
1203 238 1231 290 J
1240 254 1289 291 o.
1318 237 1704 305 Chrysostomi
1730 238 2001 293 homiliae
2027 235 2089 287 in
2115 253 2156 288 s.
2185 234 2388 307 Script.
2944 254 3066 306 246

455 253 578 306 245

452 422 799 499 exegeticae‚
849 421 1237 481 concionibus
1270 422 1431 481 enim
1461 424 1736 500 exposuit
1793 427 1863 482 ut
1907 424 1979 482 de
2018 424 2145 498 ejus
2176 422 2554 499 genuinitate
2586 421 2928 491 dubitetur-3
2975 422 3072 480 vel

456 508 871 591 (probabiliter
891 530 940 568 a.
967 510 1120 587 388)
1145 512 1388 570 Genesin
1409 509 1564 592 (67),
1599 513 1732 588 qui·
1790 513 1940 571 sorte
1959 515 2052 571 est
2070 511 2338 571 collectio
2359 512 2718 571 scholiorum
2737 531 2808 570 ex
2828 511 3070 570 catenis

456 601 564 659 bus
617 598 919 658 addendae
970 604 1114 659 sunt
1164 602 1311 659 aliae
1362 601 1443 660 IX
1493 601 1555 660 in
1616 603 1733 661 tria

453 690 648 764 priora
677 707 756 747 cc.
793 688 1067 758 Genesis:
1113 690 1344 766 aliquot
1389 710 1467 751 cc.
1514 691 1574 748 11.
1621 692 1731 750 Re-
1887 700 2026 754 134.
2071 692 2142 748 In
2189 690 2259 748 N.
2293 689 2353 751 T.
2388 689 2664 764 exposuit
2694 688 3071 765 annqelium

452 798 613 855 gum,
648 781 717 836 ut
748 778 902 840 hom.
935 778 986 834 V
1016 780 1086 836 de
1117 780 1312 849 Anna,
1366 785 1427 839 et
1459 781 1609 838 hom.
1644 780 1729 838 111
1785 799 1830 840 s,
1863 781 2143 838 Matthaei
2172 778 2435 838 homiliis
2468 778 2561 836 XC
2581 772 2755 858 (XCI)
2786 777 3068 852 prolixio-

451 870 520 925 de
566 868 785 925 Davide
830 876 880 925 et
930 868 1119 930 Saule.
1155 902 1236 911 —
1271 869 1535 928 Psalmos
1580 870 1731 928 forte
1787 869 1956 927 ribus
1988 873 2048 928 et
2068 868 2234 927 valde
2252 868 2527 943 practicis
2547 868 2607 944 ¹),
2641 867 3066 927 undeMont-

452 974 654 1015 omnes
706 956 1094 1015 concionibus
1144 957 1489 1028 illustravit,
1554 958 1729 1018 modo
1787 958 2062 1017 faucon
2096 959 2158 1015 in
2191 956 2372 1032 praef.
2406 957 2644 1015 scribit:
2700 958 2825 1024 ,Ac
2858 955 2943 1013 sic
2972 974 3066 1013 re·

450 1050 775 1120 supersunt
805 1046 1083 1104 homiliae
1115 1048 1351 1106 tantum
1386 1050 1445 1106 in
1469 1049 1732 1123 psalmos
1785 1065 1925 1105 vera
1955 1047 2161 1105 nullus
2194 1046 2261 1104 in
2292 1047 2432 1104 orbe
2453 1045 2775 1104 christiano
2796 1044 2949 1103 liber
2976 1048 3069 1103 est

451 1134 683 1192 circiter
714 1134 1036 1211 sexaginta,
1085 1154 1235 1209 quae
1280 1138 1729 1213 praestantiori·
1784 1139 1877 1195 tot
1892 1137 2179 1211 tantaque
2199 1135 2456 1194 referens
2474 1135 2828 1193 christianae
2848 1134 3069 1193 ethices

449 1223 565 1282 bus
595 1227 657 1280 et
688 1224 939 1281 maxime
968 1224 1242 1295 utilibus,
1286 1226 1536 1301 ideoque
1570 1227 1729 1284 lectu
1784 1230 2416 1301 praeceptamnusque
2435 1225 2888 1300 chrysostomus
2902 1226 3070 1281 tanta

449 1312 839 1389 dignissimis,
887 1313 1363 1388 incomparabilis
1408 1315 1589 1391 hujus
1623 1316 1728 1374 do·
1786 1332 1930 1373 usus
1962 1316 2054 1372 est
2090 1314 2453 1385 inventione,
2500 1312 2792 1380 facundia,
2843 1312 3065 1389 sagaci-

449 1402 629 1460 ctoris
651 1405 1055 1460 accensentur.
1092 1402 1530 1480 ,Quaecunque
1551 1405 1726 1475 enim,
1784 1407 1909 1461 tate
1940 1404 2014 1461 ad
2035 1419 2227 1461 mores
2248 1402 2670 1471 informandos,
2704 1401 3066 1460 eliminanda

448 1490 660 1548 scribit
692 1491 789 1548 Ph
811 1490 1025 1549 otius
1071 1491 1231 1550 inter
1277 1492 1394 1551 alia
1426 1494 1729 1553 occasione
1785 1492 1949 1562 vitis,
1998 1491 2353 1550 christianas
2401 1491 2652 1549 familias
2696 1492 2855 1550 recte
2902 1508 3063 1549 com-

447 1580 629 1653 hujus
663 1580 1069 1637 commentarii
1101 1581 1225 1638 cod.
1260 1580 1531 1640 CLXXIV
1566 1579 1728 1661 (Mi-
1783 1575 2209 1662 ponendas2).‘
2275 1580 2428 1638 Hinc
2475 1580 2715 1638 maximi
2753 1598 2892 1637 eum
2923 1579 3066 1637 fecit

447 1686 590 1744 gne
621 1668 767 1738 CIII,
805 1668 975 1745 506),
1007 1668 1345 1729 auditorum
1391 1672 1590 1747 captui
1635 1692 1728 1731 ac·
1784 1689 1828 1728 s.
1862 1670 2212 1739 Thomas,
2263 1670 2371 1744 qui
2417 1668 2591 1727 illum
2621 1687 2728 1745 pro
2760 1670 2888 1726 tota
2918 1668 3062 1727 civi-

448 1757 815 1816 commodata
846 1768 1047 1816 essent
1078 1760 1255 1834 atque
1294 1760 1365 1817 ad
1398 1779 1603 1819 eorum
1636 1780 1726 1819 sa·
1783 1762 1910 1818 tate
1940 1759 2200 1834 pariensi
2246 1758 2539 1817 noluisset
2589 1760 2940 1834 permutare,
2993 1760 3064 1814 ut

446 1846 634 1905 lutem
698 1849 757 1904 et
817 1846 1147 1905 utilitatem
1211 1848 1598 1923 pertinerent,
1663 1869 1730 1908 ea
1785 1849 1884 1923 pia
1915 1848 2174 1907 traditur
2203 1846 2374 1908 fama.
2397 1880 2481 1890 —-
2502 1848 2571 1904 In
2604 1866 2648 1905 s.
2670 1847 2859 1905 Lucae
2884 1864 3062 1905 evan-

445 1935 793 2010 neutiquam
826 1935 929 1994 ille
948 1937 1474 2012 praetermittebat.
1509 1938 1725 2008 Quam·
1783 1937 2008 2013 gelium
2029 1932 2159 2019 (16,
2191 1932 2472 2016 19—31)
2508 1936 2791 1995 habemus
2824 1938 3059 1993 tantum

447 2023 649 2082 obrem
700 2043 894 2099 neque
957 2024 1234 2083 admirari
1285 2028 1728 2086 sanctissimum
1782 2026 1937 2084 hom.
1958 2029 2185 2102 septem
2216 2027 2284 2083 de
2304 2026 2539 2084 Lazaro
2571 2033 2622 2083 et
2651 2026 2836 2083 divite.
2866 2024 3060 2083 Evan-

445 2113 639 2170 virum
664 2114 809 2171 satis
831 2132 1096 2188 unquam
1117 2132 1375 2189 possum,
1410 2116 1567 2191 quod
1590 2136 1721 2192 per·
1779 2117 1989 2192 qelium
2007 2135 2052 2173 s.
2075 2116 2327 2173 Joannis
2347 2115 2623 2190 exposuit
2646 2114 2701 2171 h.
2722 2113 3066 2172 LXXXVIII

446 2205 628 2278 petuo
660 2202 724 2259 in
756 2202 1033 2261 omnibus
1065 2204 1189 2261 suis
1221 2205 1461 2280 scriptis
1494 2206 1725 2264 audito·
1784 2202 2047 2285 (excepto
2097 2213 2153 2271 8.
2217 2215 2369 2267 1-—1
2395 2204 2450 2279 1)
2510 2204 2904 2273 brevioribuS‚
2957 2201 3061 2261 sed

444 2310 579 2349 rum
624 2291 712 2348 ita
755 2291 1079 2349 utilitatem
1130 2296 1432 2367 tamquam
1481 2312 1726 2369 scopum
1780 2294 1953 2352 modo
1985 2294 2174 2370 magis
2197 2294 2483 2363 oratori03
2517 2293 2580 2350 in
2611 2293 2687 2350 iis
2719 2292 3064 2367 frequenter

443 2379 784 2455 praefixisse
848 2379 961 2437 sibi
1023 2380 1326 2450 videatur,
1407 2386 1477 2440 ut
1535 2387 1728 2442 cetera
1781 2383 2129 2459 aggreditur
2144 2387 2659 2451 anomoeos;Acla
2674 2382 3062 2457 apostolorum

444 2469 539 2527 vel
561 2468 801 2527 omnino
820 2470 1151 2545 neglexerit
1181 2472 1275 2528 vel
1309 2471 1602 2532 levissime
1635 2477 1722 2531 at-

443 2557 714 2635 tigerit.‘
748 2591 835 2602 —-
859 2559 1102 2617 Praeter
1133 2559 1405 2620 homilias
1434 2562 1725 2638 genuinas

443 2647 703 2722 repen'es
722 2648 943 2706 multas
962 2649 1194 2724 spurias
1216 2667 1322 2708 seu
1337 2652 1540 2726 potius
1556 2653 1721 2726 quis·

443 2736 661 2810 quilias
711 2737 1254 2796 consarcinatorum
1312 2741 1724 2816 graeculorum

445 2825 604 2901 apud
682 2825 934 2902 Migne
995 2826 1123 2896 LV,
1206 2837 1572 2892 531—784.
1638 2864 1719 2874 —-

444 2913 619 2972 Hisce
680 2914 977 2973 addantur
1044 2914 1375 2992 fragmenta
1435 2937 1504 2976 ex
1566 2922 1719 2978 cate-

443 3003 537 3060 nis
587 3002 831 3060 collecta
894 3006 955 3061 in
1005 3004 1114 3062 Job
1164 3011 1225 3063 et
1276 3009 1337 3064 in
1388 3007 1717 3084 Proverbia,

442 3091 638 3167 Migne
668 3091 866 3163 LXIV,
916 3102 1282 3164 505—740‚
1330 3115 1583 3170 quorum
1619 3116 1719 3173 ge-

441 3180 704 3238 nuinitas
736 3199 856 3239 non
889 3183 1031 3239 satis
1070 3188 1162 3240 est
1207 3187 1394 3253 certa3
1442 3185 1719 3244 homiliae

441 3269 590 3327 duae
610 3270 681 3327 de
694 3270 1132 3345 prophetiarum
1154 3273 1496 3331 obscuritate
1507 3296 1531 3347 ,·
1561 3293 1716 3333 com-

441 3358 772 3417 mentarius
810 3361 871 3416 in
903 3359 993 3417 JS.
1030 3363 1226 3434 1—8,
1273 3364 1362 3419 10
1404 3363 1578 3438 plane
1625 3365 1717 3422 in-

440 3446 646 3523 signis,
694 3446 796 3505 sed
842 3448 994 3506 forte
1041 3449 1114 3507 ab
1159 3451 1275 3508 alio
1313 3452 1715 3523 concinnatae,

439 3536 675 3594 omissis
698 3537 822 3594 scil.
842 3537 1097 3595 exordiis
1131 3557 1196 3596 ac
1216 3540 1495 3616 epilogis;
1529 3541 1717 3599 homi-

438 3625 553 3684 liae
585 3645 683 3683 sex
715 3625 776 3683 in
808 3625 988 3683 illud:
1038 3626 1171 3684 Vidi
1190 3629 1504 3687 Dominum
1534 3629 1620 3688 JS.
1659 3642 1713 3700 6,

446 3724 470 3776 1
530 3732 636 3786 ss,;
701 3716 761 3771 in
810 3713 1129 3774 Jeremiam
1177 3721 1415 3776 exstant
1462 3719 1719 3794 plurima

437 3803 657 3861 scholia
675 3803 786 3861 sub
798 3804 1197 3879 Chrysostomi
1209 3807 1461 3876 nomine,
1478 3809 1533 3864 M
1546 3807 1565 3865 i
1578 3828 1617 3884 g
1633 3827 1671 3865 n
1684 3827 1716 3866 e

435 3891 634 3961 LXIV,
678 3901 1103 3962 739—1038;
1152 3897 1609 3954 commentarius
1654 3899 1715 3954 in

438 3981 752 4056 Danielem,
804 3981 904 4039 sed
950 3983 1094 4041 adeo
1143 3985 1312 4042 exilis
1360 3989 1421 4043 et
1449 3986 1712 4060 jejunuS,

1782 2472 1933 2529 hom.
1953 2472 2070 2541 LV,
2105 2473 2304 2530 minus
2325 2472 2633 2536 accuratis.
2667 2471 2809 2546 quia
2837 2488 2935 2528 eas
2962 2472 3060 2527 ha-

1781 2561 1988 2620 bemus
2022 2561 2262 2620 nonnisi
2294 2563 2474 2638 prout
2505 2579 2539 2618 a
2569 2560 2821 2621 notariis
2854 2577 3060 2637 excep-

1858 2805 1892 2872 1)
1922 2801 2200 2857 Homilias
2227 2801 2286 2855 in
2315 2801 2633 2855 Mattheum
2662 2801 2809 2855 sicut
2828 2804 2887 2855 et
2905 2802 3056 2854 hom.

1779 2873 1880 2925 Vn
1909 2877 1972 2926 de
2013 2876 2257 2927 laudibus
2280 2895 2322 2928 s.
2348 2877 2512 2927 Pauli
2554 2890 2684 2926 mox
2730 2876 2858 2941 post
2885 2871 3056 2940 Chry-

1777 2943 2007 2997 sostomi
2036 2948 2273 2998 mortem
2301 2944 2481 2997 latine
2520 2944 2691 2997 vertit
2715 2947 2762 2995 A
2781 2962 2818 2995 n
2834 2942 2854 2996 i
2871 2961 2904 2995 a
2923 2961 2958 2994 n
2977 2962 3012 2996 u
3033 2963 3058 2997 s

1778 3014 2118 3084 (Annianus)
2169 3013 2479 3068 celedensis
2542 3015 2660 3067 sive
2705 3015 3056 3068 celennensis

1775 3086 1836 3138 in
1889 3085 2198 3155 Campania
2251 3087 2541 3149 diaconae,
2586 3085 2949 3139 amanuensis
3000 3091 3060 3140 et

1776 3158 2037 3211 defensor
2063 3157 2283 3227 Pelagii
2309 3156 2371 3210 in
2398 3157 2613 3224 synodo
2654 3155 3055 3226 diospolitano.

1776 3228 2077 3296 Reperitur
2121 3228 2180 3284 in
2225 3227 2395 3282 editis
2435 3228 2618 3281 versio
2659 3231 2886 3281 tanturn
2926 3232 3055 3282 octo

1774 3301 2086 3370 primarum
2114 3300 2299 3353 verbis
2321 3298 2564 3353 tinnulis
2591 3303 2648 3352 et
2667 3299 3054 3364 emendicatiS,

1775 3375 1842 3425 ut
1866 3375 2059 3425 censet
2102 3372 2152 3424 H
2170 3371 2190 3424 i
2207 3390 2234 3425 e
2252 3390 2278 3424 r
2296 3388 2327 3424 o
2343 3390 2381 3424 n
2397 3389 2434 3439 y
2452 3389 2505 3424 m
2525 3388 2562 3423 u
2579 3387 2620 3425 s.
2661 3371 2831 3435 facta,
2860 3388 3054 3440 quam·

1775 3442 3055 3584 {aas}cassasse„aas&

1774 3586 2029 3640 t'auconii
2070 3586 2145 3656 (M
2165 3586 2238 3657 ig
2256 3602 2338 3639 ne
2366 3585 2427 3640 P.
2455 3585 2519 3640 G.
2547 3585 2738 3646 LVIII,
2786 3591 3056 3643 973-1058

1773 3659 1832 3710 et
1872 3658 1911 3709 L
1940 3660 2258 3726 471—514).
2311 3656 2501 3710 Vertit
2544 3661 2602 3710 et
2641 3657 2938 3711 homiliam
2983 3661 3057 3712 ad

1773 3732 2082 3798 Neophytos.
2133 3729 2301 3782 Liber
2341 3729 2463 3797 ejus
2501 3733 2756 3783 adversus
2779 3733 3052 3797 epistolam

1771 3803 2094 3868 Hieronymi
2141 3800 2212 3853 ad
2265 3799 2692 3869 Ctesiphontem
2739 3798 3053 3856 intercidit.

1773 3873 1820 3922 G
1836 3888 1869 3922 a
1884 3888 1912 3923 r
1929 3889 1966 3923 n
1983 3886 2012 3923 e
2028 3888 2056 3923 r
2074 3870 2094 3924 i
2110 3889 2146 3924 u
2167 3891 2193 3925 s
2220 3889 2350 3925 vero
2378 3872 2430 3923 ei
2453 3869 2660 3924 tribuit
2685 3871 2858 3925 etiam
2885 3892 2959 3940 ep.
2983 3875 3054 3926 acl

1771 3944 2179 4008 Demetriadem,
2227 3959 2373 4009 quae
2425 3942 2574 3995 inter
2625 3944 2674 3994 A
2693 3961 2729 3994 ιι
2748 3962 2785 4022 g
2803 3962 2840 3996 u
2859 3962 2883 3996 s
2903 3943 2961 3995 ti
2978 3943 3052 3994 ni

1770 4014 1828 4065 et
1914 4012 2046 4065 Hie
2063 4030 2091 4065 r
2108 4029 2138 4064 o
2159 4031 2246 4080 ny
2266 4013 2357 4067 mi
2439 4029 2611 4082 opera
2676 4014 2792 4066 fu1t
2878 4013 3051 4066 edita.

1772 4083 1852 4136 Cf.
1895 4083 2303 4136 Fabricius
2345 4085 2385 4146 1,
2431 4091 2547 4139 1023.
2604 4084 2690 4136 W.
2720 4083 3050 4137 Schmitz

434 4149 675 4204 maxime
717 4150 778 4204 in
804 4166 894 4221 ep.
934 4152 1006 4204 ad
1038 4152 1319 4209 Romanos
1363 4154 1714 4224 sagacissimi
1771 4154 1823 4208 ei
1850 4154 2059 4207 tribuit
2109 4155 2424 4208 versionem
2452 4155 2510 4208 11.
2549 4155 2597 4206 11
2619 4160 2682 4208 de
2701 4159 2880 4209 cordis
2916 4173 2954 4208 ο.
2977 4174 3050 4207 ηι-

433 4220 760 4276 Joannissa
803 4222 1015 4278 ientiae
1045 4224 1301 4279 thesauri
1327 4226 1714 4295 reperiuntur.
1763 4232 2063 4295 punctione,
2115 4242 2285 4293 quam
2336 4226 2457 4294 ipse
2508 4225 2691 4278 edidit
2741 4225 2891 4278 inter
2936 4225 3050 4279 Mo·

433 4290 595 4356 Puto,
623 4292 672 4346 si
698 4311 739 4347 s.

815 4294 981 4348 aulus
1011 4296 1189 4348 attica
1230 4314 1366 4350 usus
1407 4297 1605 4366 lingua
1633 4315 1711 4351 se·
1769 4300 2044 4351 numenta
2072 4296 2522 4366 tachygraphica
2549 4297 2670 4349 cod.
2693 4296 2880 4366 paris„
2902 4297 3050 4350 Hau-

434 4364 736 4434 metipsum
765 4364 1180 4436 interpretatus
1207 4368 1425 4431 fuisset,
1450 4385 1566 4421 non
1593 4367 1708 4422 alio
1769 4385 2013 4422 noverae
2044 4374 2411 4423 1882—1883.
2439 4367 2574 4419 fasc.
2605 4376 2652 4422 2.

434 4435 597 4488 modo
623 4436 1017 4507 expositurum
1046 4438 1219 4492 fuisse
1248 4457 1420 4506 quam
1447 4441 1712 4510 egregius

1843 4444 1882 4510 ²)
1911 4438 2133 4494 Prodiit
2184 4454 2413 4507 quoque
2477 4439 2583 4491 sub
2646 4439 2768 4506 ejus
2817 4438 3050 4492 nomine

432 4503 537 4559 iste
564 4523 606 4560 s.
631 4507 847 4562 doctor.
878 4510 962 4562 Ita
988 4525 1190 4580 nempe
1218 4528 1404 4574 sensu,
1426 4510 1711 4580 elegantia
1768 4529 1912 4578 opus
1958 4510 2354 4580 imperfectum
2381 4510 2441 4562 in
2470 4509 2827 4563 Matthaeum
2856 4511 2969 4578 (Mi
2991 4530 3051 4580 g-

431 4581 488 4629 et
510 4578 814 4633 verborum
842 4580 1189 4650 proprietate
1225 4582 1348 4650 ejus
1372 4581 1709 4652 interpreta-
1767 4600 1804 4634 n
1822 4598 1851 4635 e
1878 4582 1938 4635 P.
1966 4583 2030 4635 G.
2058 4583 2197 4644 LVI,
2226 4589 2524 4644 611-946,
2551 4580 2730 4634 latine
2751 4585 2997 4652 tantum)
3015 4599 3052 4633 a

432 4645 511 4702 tio
538 4655 825 4704 ornatur.“
857 4650 940 4705 Cf.
968 4651 1141 4705 etiam
1168 4652 1422 4722 elogium
1449 4653 1492 4706 P
1510 4655 1545 4707 h
1567 4672 1596 4706 o
1614 4653 1710 4707 tii
1766 4654 2050 4720 theologis
2076 4654 2302 4706 scholae
2329 4670 2496 4722 saepe
2525 4651 2782 4716 citatum,
2821 4652 3047 4706 lacuno-

431 4720 548 4774 cod.
578 4721 849 4778 CLXXIV
887 4723 1042 4794 apud
1086 4723 1233 4793 Mig
1252 4743 1287 4776 n
1305 4740 1334 4778 e
1374 4724 1434 4776 P.
1462 4724 1529 4778 G.
1571 4725 1710 4787 CIII,
1769 4742 1892 4777 sum
1911 4725 2027 4779 scil.
2046 4724 2106 4777 in
2129 4733 2266 4785 1-13‚
2302 4728 2437 4780 l4et
2456 4724 2517 4777 in
2537 4740 2615 4779 cc.
2642 4728 2864 4788 19-‘25‚
2892 4725 3049 4792 quod

433 4799 725 4850 502—506.

1732 4805 1743 4866 ῃ
1767 4799 1852 4849 cst
1880 4795 2078 4848 Ariani
2106 4795 2274 4849 latini
2300 4813 2407 4850 sec.
2435 4796 2528 4850 VI.
