3505 5161
428 227 544 279 661

424 402 598 456 runt:
651 404 978 474 supersunt
1022 402 1260 456 tantum
1293 396 1558 473 ejusdem
1589 399 1708 472 epi-

424 488 602 545 stolae
634 498 706 548 17
746 487 1006 568 (Migne
1035 487 1338 559 LXXXIX,
1373 483 1706 565 917-958),

425 579 582 636 inter
614 594 764 651 quas
796 577 1030 651 aliquae
1062 578 1301 652 majoris
1341 576 1624 635 momenti
1639 574 1705 656 1)‚

424 668 489 725 in
519 666 742 741 quibus
775 666 1224 740 quaestionibus
1259 666 1377 723 sibi
1409 685 1443 723 a
1486 684 1529 724 s,
1563 667 1611 723 B
1631 684 1664 723 o
1683 696 1707 708 -

427 756 549 814 nif
556 756 717 813 atio
759 755 1194 831 archiepiscopo
1225 755 1580 832 moguntino
1612 754 1708 812 vel

426 865 461 903 a
504 844 782 920 Pipino
832 862 972 920 rege
1018 845 1336 920 propositis
1386 843 1711 918 respondet

429 928 514 1016 (2.
552 944 606 996 8.
662 943 756 995 13.
813 930 937 1012 19),
986 934 1416 993 controversias
1463 933 1706 1001 dirimit,

425 1024 598 1100 plura
630 1022 943 1081 constituit
976 1023 1047 1080 de
1078 1022 1378 1098 baptismo
1409 1026 1471 1080 et
1504 1021 1707 1079 matri-

424 1112 624 1172 monio
678 1112 734 1189 (l
757 1122 805 1171 l.
860 1105 987 1192 20),
1053 1112 1424 1187 quorundam
1481 1129 1707 1169 errores

900 212 1061 264 Rom.
1100 211 1434 265 Pontifices:
1460 210 1776 274 Zacharias
1806 211 2019 264 Paulus
2047 213 2086 277 1,
2115 211 2441 267 Hadrianus
2468 216 2571 266 etc.

2922 232 3045 285 662

1859 407 2004 461 365.
2039 399 2161 456 Hos
2196 400 2426 474 excepit
2467 412 2518 461 1.
2551 400 2717 461 Febr.
2744 410 2867 462 772
2901 400 3050 459 Ha-

1764 488 2089 546 drianus
2136 487 2180 545 I.
2231 488 2363 557 ,vir
2407 488 2579 547 valde
2619 489 2955 565 praeclarus
2989 494 3050 549 et

1766 577 2125 636 nobilissimi
2157 578 2393 654 generis
2423 578 2698 653 prosapia
2736 581 2905 636 ortus
2939 622 2954 636 .
2987 624 3000 637 .
3034 624 3047 637 .

1765 667 2004 744 elegans
2051 670 2111 725 et
2158 666 2335 725 nimis
2380 685 2635 742 persona
2677 667 3048 739 decorabilis,

1765 760 2039 814 constans
2064 757 2242 814 etiam
2266 760 2446 831 atque
2461 756 2827 814 fortissimus
2845 757 3045 814 ortho-

1767 845 1947 903 doxae
1994 844 2132 904 fidei
2176 864 2241 903 ac
2286 845 2513 920 patriae
2559 864 2700 903 suae
2746 848 2807 903 et
2850 845 3045 920 plebis

1765 933 1881 992 sibi
1913 936 2257 993 commissae
2288 934 2574 996 defensor.
2627 934 2892 992 Viriliter
2911 952 3048 993 cum

1766 1023 1872 1081 Dei
1934 1022 2158 1083 virtute
2222 1027 2421 1082 sancte
2472 1024 2577 1081 Dei
2629 1023 2921 1083 Ecclesiae
2984 1043 3051 1082 ac

1764 1112 2123 1187 reipublicae
2173 1112 2695 1189 impugnatoribus
2743 1113 3046 1183 resistens,

425 1202 668 1260 damnat
701 1195 816 1280 (ep.
854 1195 985 1280 20).
1037 1201 1188 1259 Eum
1220 1219 1426 1277 graece
1458 1200 1708 1258 vertisse
1763 1220 2089 1276 pauperum
2136 1202 2314 1260 etiam
2359 1202 2741 1276 omniumque
2772 1202 3049 1278 indigen—

428 1310 474 1353 s.
509 1289 779 1366 Gregorii
811 1289 884 1351 M.
934 1288 1303 1366 dialogorum
1344 1290 1407 1352 ll.
1442 1298 1498 1359 4,
1548 1288 1708 1347 unde
1763 1292 1917 1348 tium
1980 1291 2569 1350 misericordissimus
2645 1310 2712 1349 ac
2774 1292 3052 1367 copiosus

425 1399 460 1437 a
496 1378 730 1438 Graecis
759 1373 793 1439 ὁ
827 1377 1114 1457 διάλογος
1160 1378 1704 1455 cognominabatur,

417 1471 542 1544 jam
560 1486 742 1544 supra
761 1467 1020 1525 diximus
1038 1487 1092 1542 p.
1116 1478 1259 1531 563.
1278 1468 1448 1525 —In
1466 1467 1708 1525 Oriente

429 1557 673 1616 interim
706 1556 1169 1614 continuabatur
1184 1561 1245 1614 et
1260 1556 1709 1615 recrudescebat

426 1646 711 1705 adversus
758 1662 949 1703 sacras
995 1645 1279 1721 imagines
1323 1646 1550 1704 bellurn
1594 1645 1705 1703 sub

1764 1380 2117 1450 consolator,
2166 1380 2593 1439 ecclesiasticae
2639 1398 2877 1454 quoque
2922 1385 3045 1437 tra·

1765 1468 2010 1527 ditionis
2060 1474 2120 1527 et
2169 1488 2243 1527 ss.
2292 1473 2531 1545 patrum
2586 1468 3046 1527 institutionum

1766 1558 2106 1617 observator
2119 1553 2227 1638 1).‘
2279 1561 2324 1615 A
2354 1559 2675 1633 juventute
2709 1557 2802 1614 die
2835 1560 3047 1617 noctu-

1766 1665 1882 1721 que
1915 1653 2042 1705 erat
2072 1646 2345 1705 addictus
2378 1647 2485 1705 Dei
2527 1646 2823 1716 laudibus,
2870 1646 3046 1704 indu-

428 1735 806 1794 Constantino
840 1735 1221 1810 Kopronymo
1254 1734 1466 1793 Leonis
1514 1734 1708 1793 Isauri
1763 1738 1983 1810 tusque
2033 1736 2227 1794 cilicio
2283 1734 2528 1810 jeiuniis
2591 1752 2805 1809 corpus
2869 1753 3048 1793 suum

426 1819 486 1903 (†
525 1834 618 1886 18.
640 1824 782 1884 Jun.
807 1819 960 1904 741)
995 1823 1140 1897 filio,
1171 1825 1360 1901 magis
1393 1825 1464 1882 de
1497 1824 1709 1881 harum

427 1913 879 1991 impugnatione
931 1912 1189 1972 sollicito
1241 1932 1418 1987 quam
1469 1913 1541 1970 de
1592 1912 1707 1971 fre-

427 2003 640 2061 nandis
703 2002 1142 2078 Longobardis,
1209 2003 1312 2077 qui
1375 2001 1709 2077 provincias

430 2093 781 2149 Graecorum
815 2090 1076 2149 dominio
1115 2110 1221 2165 per
1251 2090 1486 2148 Italiam
1517 2091 1709 2148 adhuc

430 2181 728 2256 subJectas
748 2179 1128 2242 invadebant.
1180 2180 1313 2238 Non
1345 2180 1708 2238 destiterunt

429 2270 657 2328 romani
690 2269 1000 2345 pontifices
1032 2269 1173 2326 licet
1214 2271 1306 2327 tot
1352 2269 1704 2327 calamitati-

425 2358 538 2417 bus
600 2362 662 2417 et
721 2358 880 2416 curis
930 2358 1119 2434 pressi
1170 2357 1499 2416 doctrinam
1551 2357 1709 2415 tueri

425 2447 789 2508 catholicam.
852 2448 1093 2505 Praeter
1123 2446 1453 2505 Zachariam
1486 2450 1547 2505 et
1580 2448 1707 2505 Ste-

425 2537 692 2614 phanum
741 2537 835 2606 11„
887 2535 958 2594 de
1013 2535 1236 2612 quibus
1279 2537 1405 2612 jam'
1457 2536 1704 2614 egimuS,

1764 1825 2111 1884 macerabat.
2175 1824 2264 1883 Ob
2295 1828 2414 1882 tam
2450 1824 2580 1899 piae
2611 1824 2769 1881 vitae
2802 1842 3046 1881 conver-

1766 1914 2053 1972 sationem
2073 1916 2134 1972 et
2153 1916 2522 1989 praestantes
2543 1931 2732 1970 mores
2752 1932 2786 1969 a
2805 1912 2984 1970 Paulo
3001 1913 3047 1969 I.

1764 2003 1958 2061 factus
1990 2006 2084 2060 est
2112 2002 2481 2079 regionarius
2512 2001 2778 2059 notarius
2810 2004 2870 2058 et
2903 2002 3045 2059 sub-

1766 2092 2067 2161 diaconus,
2115 2112 2148 2149 a
2193 2092 2487 2166 Stephano
2521 2090 2624 2151 111.
2670 2089 2733 2147 in
2770 2090 3045 2149 diacono-

1765 2200 1898 2238 rum
1923 2181 2188 2239 ordinem
2210 2182 2540 2256 provectuS,
2574 2181 2634 2236 et
2665 2198 2731 2237 eo
2764 2178 3050 2237 defuncto

1765 2273 1974 2346 utpote
2006 2269 2446 2328 ferventissimo
2487 2269 2701 2326 affectu
2748 2288 2782 2325 a
2826 2269 3045 2342 populo

1765 2376 2004 2417 romano
2027 2358 2278 2416 dilectus
2311 2358 2384 2415 ad
2411 2375 2643 2415 sacrum
2663 2356 3047 2432 pontificatus

1765 2448 2001 2505 culmen
2021 2449 2262 2515 electu8‚
2288 2465 2464 2521 quem
2486 2445 2688 2504 tenuit
2705 2447 2868 2503 ultra
2888 2466 2937 2508 a.
2963 2455 3043 2509 23

1766 2534 1827 2616 (†
1881 2546 1979 2601 25.
2033 2537 2166 2596 Dec.
2221 2530 2388 2617 795).
2468 2534 2859 2594 Laetissimus
2914 2536 3048 2612 ejus

424 2628 603 2685 etiam
638 2626 927 2684 Paulus
958 2626 1003 2683 1.
1024 2621 1087 2707 (7
1099 2636 1310 2688 57-7
1320 2637 1353 2687 6
1366 2625 1428 2708 7)
1461 2627 1533 2684 ad
1559 2628 1707 2685 Con·
1762 2627 2145 2702 pontificatus
2167 2631 2416 2684 eventus
2452 2625 2569 2684 fuit
2589 2625 2888 2684 damnatio
2909 2625 3046 2684 hae-

426 2716 756 2774 stantinum
822 2718 882 2772 et
930 2715 1185 2773 Leonem
1234 2716 1374 2790 imp.
1427 2716 1706 2790 ,saepius
1763 2716 1907 2773 resis
1955 2716 2443 2773 iconoclastarum
2494 2719 2555 2773 et
2603 2715 2764 2790 pacis
2812 2733 3045 2789 compo·

426 2821 567 2863 suos
608 2805 826 2862 missos
874 2822 1007 2861 cum
1054 2804 1390 2878 apostolicis
1436 2804 1703 2862 obsecra·
1764 2805 1902 2863 sitio
1922 2804 1985 2862 iu
2007 2805 2263 2864 Oriente.
2306 2806 2538 2862 Mortuo
2560 2804 2718 2861 enim
2739 2804 2926 2860 Leone
2945 2803 3044 2864 IV.

426 2894 597 2953 toriis
630 2899 811 2967 atque
830 2892 1242 2951 admonitoriis
1273 2893 1464 2951 literis
1497 2892 1708 2967 dirigit
1764 2894 1902 2968 imp.
1953 2889 2038 2974 (8.
2086 2896 2245 2968 Sept.
2293 2888 2444 2972 780)
2489 2894 2659 2950 Irene
2703 2892 2833 2965 ejus
2881 2910 3044 2959 uxor,

424 3002 531 3058 pro
593 2981 983 3041 restituendis
1051 2981 1582 3054 confirmandisque
1644 2982 1708 3037 in
1765 3001 1916 3055 quae
1949 2982 2188 3039 interim
2223 2999 2329 3057 pro
2362 2980 2482 3039 filio
2515 2980 2752 3056 imperii
2779 2979 3044 3038 modera-

426 3071 751 3148 pristinum
784 3069 1183 3128 venerationis
1237 3074 1464 3128 statum
1516 3088 1706 3128 sacra·
1763 3071 1942 3128 batur
1991 3069 2411 3146 gubernacula,
2476 3070 2547 3127 de
2606 3067 3048 3144 comprimenda

424 3162 675 3219 tissimis
722 3157 1142 3238 imaginibus2)
1163 3167 1208 3228 ⁶²,
1273 3164 1333 3216 et
1382 3159 1419 3216 S
1436 3163 1461 3215 t
1476 3178 1506 3216 e
1524 3178 1561 3233 p
1578 3159 1616 3215 h
1633 3179 1667 3216 a
1681 3190 1706 3201 -

425 3269 466 3308 n
483 3270 525 3307 u
542 3268 570 3307 s
620 3249 708 3306 III
770 3245 829 3326 (7
843 3256 1052 3310 68-7
1067 3257 1096 3308 7
1111 3241 1178 3329 2)
1237 3268 1270 3306 a
1319 3247 1707 3306 Constantino

427 3339 565 3414 imp.
618 3356 694 3397 ss,
745 3337 1071 3412 imaginum
1126 3337 1563 3394 restitutionem
1604 3355 1707 3411 po-

427 3424 695 3504 stulatss).

506 3635 540 3701 ι)
584 3631 668 3685 Cf.
716 3630 921 3683 Jaffe
975 3631 1015 3693 Ι,
1067 3637 1377 3688 262-27ος
1445 3629 1708 3683 Hefele

426 3702 912 3772 Conciliengesch.
942 3704 1035 3766 HI,
1062 3713 1087 3768 g
1115 3709 1220 3758 369
1247 3719 1316 3754 ss.

501 3777 540 3840 θ)
569 3774 655 3826 Ita
684 3774 930 3843 legimus
957 3774 1019 3826 in
1048 3773 1195 3826 libro
1222 3772 1429 3843 pontif.
1458 3771 1549 3824 Mi
1566 3791 1604 3852 g
1624 3788 1707 3823 ne

423 3844 718 3908 LXXXIX,
751 3851 886 3900 1130
912 3862 970 3899 s..
1012 3845 1114 3898 ubi
1153 3845 1326 3898 habes
1354 3845 1476 3912 ejus
1503 3845 1707 3923 episto·

422 3916 507 3969 las
534 3932 665 3971 sane
693 3916 903 3969 multas
944 3917 1059 3969 fere
1101 3932 1293 3970 omnes
1335 3915 1407 3968 ad
1435 3914 1707 3984 Pipmum

422 4004 615 4056 regem
666 4005 724 4055 p.
772 3993 1138 4043 1135-1198.
1192 3987 1273 4041 Cf.
1320 3989 1378 4038 et
1417 3987 1444 4040 J
1468 3987 1624 4039 affe
1665 3984 1707 4048 1,

420 4062 754 4254 ΞῖΞέ-Ῐεῑῗζυε
772 4128 1062 4198 pontificis
1078 4128 1350 4198 epistolas
1372 4129 1483 4182 fere
1508 4128 1706 4182 Carolo

1765 3159 1992 3217 haeresi
2024 3163 2151 3217 erat
2181 3158 2439 3216 sollicita
2457 3158 2708 3233 ideoque
2740 3158 2809 3214 ad
2846 3158 3044 3230 ponti-

1765 3248 1932 3305 ficem
1952 3248 2204 3307 recurrit
2236 3267 2341 3322 pro
2362 3248 2625 3323 cogenda
2646 3246 2888 3320 synodO.
2928 3246 3047 3303 Ha-

1765 3336 1892 3394 bita
1922 3356 1988 3394 ea
2021 3337 2140 3394 fuit
2160 3337 2409 3394 Nicaeae
2434 3336 2851 3411 praesentibus
2885 3335 3045 3411 lega-

1764 3425 1842 3482 tis
1895 3419 2295 3507 pontificiis2).
2365 3426 2652 3484 Damnata
2696 3424 2925 3483 haeresi
2971 3442 3047 3482 en

1766 3531 1951 3572 novae
1972 3514 2361 3573 imminebant
2390 3515 2602 3573 turbae
2631 3515 2694 3572 in
2715 3513 3046 3573 Occidente.

1766 3602 1854 3659 Ob
1889 3603 2321 3680 indiligentem,
2370 3603 2488 3662 imo
2534 3604 2742 3662 falsam
2779 3605 3047 3661 actorum

1766 3692 1976 3766 synodi
2023 3692 2299 3751 nicaenae
2343 3693 2893 3767 interpretationem
2941 3710 3045 3749 no-

1765 3780 2011 3838 luerunt
2040 3786 2238 3855 patres
2272 3775 2517 3854 infconc.
2549 3779 3045 3839 francofordiense

1764 3869 2110 3945 congregati
2149 3881 2179 3932 7
2193 3881 2270 3930 94
2319 3869 2482 3926 illam
2528 3871 2778 3944 ejusque
2810 3868 3046 3927 decreta

1765 3955 2146 4039 acceptaress).
2239 3957 2458 4016 Verum
2537 3959 2677 4016 haec
2752 3957 3049 4016 discordia

1917 4134 1951 4198 ¹)
2005 4129 2088 4180 lta
2138 4126 2285 4181 liber
2333 4127 2540 4196 pontif.
2590 4125 2746 4195 apud
2798 4124 3048 4194 Migne

549 4201 921 4255 arolomanno
949 4219 1007 4253 re
1053 4199 1181 4253 ibus
1207 4200 1512 4270 inscriptas
1533 4201 1708 4254 habes
1763 4199 2060 4262 LXXXIX,
2093 4204 2228 4254 1167
2256 4215 2325 4250 88.

420 4271 483 4324 in
518 4271 766 4340 Migne
812 4272 872 4324 P.
900 4271 962 4323 L.
1054 4271 1704 4334 xxxix‚124s-12:‚s.

1838 4275 1879 4336 Ξ)
1908 4270 2108 4323 Exstat
2147 4269 2190 4320 Β
2207 4286 2239 4320 a
2257 4268 2391 4321 sili
2408 4268 2427 4320 i
2477 4266 2732 4348 episcopi
2769 4269 3050 4334 ancyrani

424 4341 509 4396 Cf.
534 4342 680 4395 Jaffe
708 4342 749 4406 Ι,
770 4349 1070 4398 285-289.
1100 4343 1318 4396 Habuit
1343 4347 1401 4394 et
1426 4343 1707 4410 synodum
1762 4341 2129 4409 aliorumque
2179 4341 2425 4393 duorum
2477 4354 2876 4418 episcoporum
2926 4357 3042 4392 con-

422 4412 838 4467 lateranensem
879 4417 949 4486 (a.
978 4414 1223 4495 way-in
1262 4415 1427 4494 cujus
1454 4431 1583 4467 sess.
1612 4414 1704 4468 lV.
1761 4419 1919 4481 fessio
1943 4417 2067 4481 fidei
2109 4412 2303 4466 oblata
2346 4411 2480 4465 huic
2525 4409 2767 4463 concilio
2814 4427 2873 4461 m
2901 4409 3046 4478 ejus·

423 4488 618 4539 actum
647 4489 732 4539 est
757 4485 826 4537 de
853 4485 1015 4539 cultu
1044 4504 1112 4541 ss.
1134 4502 1473 4554 imaginum,
1500 4489 1558 4538 et
1576 4501 1707 4537 ana·

425 4556 618 4611 thema
662 4555 884 4611 dictum
931 4556 991 4608 in
1037 4556 1480 4610 conciliabulum
1525 4556 1631 4610 ΟΡ.
1656 4573 1706 4608 a.

426 4629 533 4684 754
558 4628 822 4682 habitum
850 4627 957 4680 sub
984 4627 1173 4681 Const.
1197 4628 1561 4697 Koprouymo
1579 4644 1707 4681 con-

424 4701 515 4752 tra
558 4699 803 4753 easdem.
855 4699 937 4752 Cf.
980 4700 1034 4752 M
1053 4716 1138 4751 an
1158 4698 1218 4751 si
1265 4699 1382 4760 XII,
1428 4705 1706 4756 703-21;

426 4769 523 4823 He
542 4771 643 4825 fel
661 4787 690 4824 e
719 4769 1199 4839 Conciliengesch.
1226 4770 1306 4822 111
1331 4779 1357 4834 g
1385 4777 1504 4825 2343.

1764 4485 1893 4538 dem
1919 4484 2062 4539 actis
2089 4500 2221 4539 sess.
2249 4484 2305 4546 1..
2348 4499 2464 4550 qua.
2503 4496 2745 4534 errorem
2773 4498 2938 4534 suum
2962 4497 3046 4534 re·

1764 4558 2030 4618 tractant,
2058 4574 2186 4610 cum
2213 4557 2384 4607 antea.
2405 4553 2622 4607 fuerint
2640 4570 2708 4611 ss.
2727 4550 3046 4618 imaginum

1763 4626 2095 4680 adversarii.

1837 4702 1879 4769 ⁸)
1908 4698 2167 4751 Ceterum
2180 4697 2326 4750 aliae
2339 4713 2566 4765 quoque
2585 4694 2854 4748 videntur
2868 4692 3048 4748 fuisse

1764 4786 1967 4823 causae
2019 4768 2399 4839 oppositionis
2448 4768 2598 4821 inter
2637 4765 2931 4835 episcopos
2980 4764 3049 4820 in
