3505 5161
532 240 695 292 1079
840 227 1203 278 1073-1100.
1234 221 1648 291 Hagiograplii.
1677 220 2004 276 FolcarduS.
2036 221 2296 285 Altinius,
2327 221 2522 281 Lucis,
2554 220 2826 284 Andreas,
2981 238 3149 290 1030

519 409 639 483 piis
659 408 926 466 moribus
948 408 1212 483 apprime
1233 408 1510 466 laudatus
1530 405 1571 488 ¹)
1604 408 1675 466 ad
1709 409 1803 467 in·
1842 422 1845 425 ’
1953 418 2097 470 606.
2131 411 2185 468 S.
2208 409 2342 466 Alf
2350 427 2436 465 an
2456 425 2540 465 us
2572 401 2939 487 (Alphanus)
2973 406 3151 465 nobi·

524 497 677 557 sulas
709 497 1120 556 noviomenses
1162 501 1222 555 et
1261 500 1637 555 tornacenses
1667 518 1803 573 pro·
1860 496 2103 555 lissimis
2136 496 2485 573 parentibus
2516 499 2681 554 ortus
2715 496 3022 572 ingressus
3053 499 3151 552 est

523 591 722 645 motus
755 590 849 645 est
893 606 940 645 a.
982 596 1167 649 1068.
1235 585 1530 644 Simonias
1562 586 1802 661 quidem
1862 586 2130 645 ordinem
2193 604 2238 644 s.
2289 585 2596 644 Benedicti
2660 585 2720 642 in
2784 584 3149 643 monasterio

521 678 835 734 accusatus
869 679 977 745 est,
1015 675 1446 750 depositionem
1477 677 1675 734 tamen
1710 678 1804 735 vel
1860 674 2159 733 casinensi
2204 695 2254 737 a.
2312 685 2496 743 1056,
2544 693 2676 733 mox
2724 674 2917 732 factus
2962 673 3153 731 abbas

523 781 771 839 poenam
804 768 1112 840 propterea
1142 782 1261 821 non
1292 764 1577 822 incurrit:
1608 784 1805 841 neque
1861 764 2210 824 monasterii
2244 783 2285 822 e.
2310 763 2620 824 Benedicti
2654 762 2900 832 Salerni,
2936 766 2998 821 et
3020 763 3153 838 jam

519 852 845 929 Gregorius
880 852 1023 924 VII.‚
1057 872 1252 928 neque
1284 852 1556 912 Urbanus
1586 855 1661 914 II.
1695 855 1805 913 ali·
1861 873 1912 912 a.
1975 862 2139 917 1058
2205 854 2682 930 archiepiscopus
2747 852 3152 910 salernitanus

522 943 669 1018 quid
733 942 806 1000 de
870 960 937 1000 eo
990 942 1430 1000 constituerunt
1481 938 1543 1024 (†
1590 940 1803 1025 1098),
1862 939 1920 1019 (†
1956 953 2007 1004 7.
2042 943 2166 1005 Oct.
2210 937 2422 1024 1085).
2487 942 2591 1000 Vir
2631 944 2759 999 erat
2799 942 3037 1017 egregie
3084 942 3149 998 in

523 1031 775 1105 Scripsit
819 1030 1012 1090 Vitam
1042 1051 1089 1090 s.
1126 1031 1396 1089 Medardi
1429 1027 1564 1111 (sec.
1598 1030 1702 1115 VI)
1739 1034 1804 1091 in
1863 1031 2049 1090 literis
2098 1036 2387 1102 versatae,
2438 1032 2543 1105 qui
2593 1030 2853 1107 plurima
2897 1030 3153 1105 reliquit

524 1123 654 1184 Act.
689 1121 782 1183 SS.
820 1131 874 1183 8.
907 1120 1047 1179 Jun.
1081 1119 1157 1189 II,
1209 1130 1498 1191 87—953
1552 1122 1805 1199 Migne
1861 1121 2088 1198 ingenii
2140 1121 2235 1179 sui
2284 1124 2669 1179 monumenta
2714 1122 2868 1177 teste
2918 1120 3150 1177 Petro

519 1210 627 1278 CL,
660 1218 1122 1272 1499—1518:
1159 1228 1309 1284 quae
1328 1212 1528 1268 tamen
1561 1229 1679 1270 non
1713 1215 1806 1270 est
1862 1210 2008 1269 diac.
2045 1210 2116 1267 de
2150 1211 2257 1268 vir.
2289 1210 2375 1267 ill.
2409 1228 2518 1270 cas.
2553 1228 2599 1271 c.
2642 1220 2736 1271 19.
2784 1208 3155 1267 Prodierunt

524 1300 724 1373 magni
772 1299 1074 1357 momenti.
1155 1297 1382 1357 Ibidem
1433 1318 1488 1373 p.
1547 1311 1806 1364 1517—
1862 1300 1991 1375 ejus
2060 1300 2257 1375 hymni
2308 1299 2372 1356 in
2420 1298 2615 1357 varios
2667 1301 2921 1366 sanctoS,
2985 1298 3155 1373 apud

536 1396 697 1450 1528
732 1392 794 1445 et
825 1387 887 1446 in
920 1387 1086 1445 Actis
1108 1387 1203 1448 SS.
1239 1390 1490 1463 11.Apr.
1518 1389 1593 1458 ΙΙ,
1634 1399 1806 1452 32—-
1865 1387 2181 1465 Ughelli
2261 1388 2332 1445 It.
2397 1405 2595 1446 sacrae
2646 1388 2775 1456 VII,
2833 1396 2990 1453 3803
3054 1388 3153 1445 ed.

524 1486 606 1538 36
662 1476 841 1535 habes
905 1476 1097 1534 Vitam
1159 1477 1222 1535 in
1281 1476 1468 1534 forma
1517 1480 1805 1537 sermonis
1862 1477 2153 1535 secundae
2216 1477 2296 1546 X,
2366 1486 2646 1540 47—-78,
2738 1509 2826 1520 ·--
2901 1476 3033 1533 Vita
3099 1484 3155 1534 et

526 1565 868 1642 panegyrici
899 1585 942 1623 3.
972 1565 1319 1623 Godeberlae
1355 1566 1416 1623 V.
1452 1562 1515 1646 (†
1547 1586 1592 1625 c.
1630 1565 1805 1649 700),
1857 1569 2057 1639 passio
2116 1586 2161 1628 s.
2230 1566 2557 1624 Christinae
2632 1565 2693 1625 V.
2770 1572 2819 1622 et
2874 1566 2953 1625 M.
3002 1565 3154 1641 Tyri

522 1674 680 1730 quae
711 1655 902 1729 ipsius
940 1672 1067 1712 esse
1101 1655 1353 1713 videtur.
1386 1687 1473 1696 —
1505 1657 1803 1715 Folcar·
1862 1655 2017 1731 apud
2093 1656 2282 1713 lacum
2365 1655 2707 1713 Vulsinium
2783 1654 2847 1711 in
2920 1654 3152 1718 Tuscia,

523 1745 664 1802 dus
726 1740 1063 1823 (Foulcard)
1126 1742 1394 1802 coenobii
1456 1732 1805 1805 sithivensis
1862 1745 2019 1821 apud
2063 1745 2109 1802 U
2125 1744 2373 1822 ghelli
2423 1744 2461 1802 l.
2508 1762 2554 1801 c.
2588 1743 2691 1815 X2,
2729 1751 3008 1805 80-90,
3060 1776 3151 1785 ——-

521 1829 596 1913 (s.
631 1826 889 1914 Bertini)
920 1832 981 1890 in
1015 1832 1292 1891 Flandria
1325 1832 1387 1890 Ο.
1423 1833 1475 1892 S.
1506 1834 1650 1898 Ben,
1681 1854 1806 1894 mo·
1875 1834 2007 1892 Vita
2038 1853 2115 1896 ss.
2156 1833 2303 1893 MM.
2344 1834 2640 1892 duodecim
2699 1833 2961 1905 fratrum
3024 1852 3152 1890 me-

525 1922 764 1989 nachus,
799 1922 991 1980 multa
1021 1920 1353 1979 eruditione
1374 1921 1626 1993 validus,
1661 1924 1806 1982 Gui—
1862 1924 2009 1982 trica
2069 1926 2133 1981 in
2194 1923 2322 1981 Act.
2380 1922 2477 1981 SS.
2537 1937 2586 1984 1.
2635 1924 2793 1996 Sept.
2831 1920 2876 1991 I,
2934 1932 3150 1984 144——

525 2010 700 2069 lelmo
746 2009 1135 2083 Conquestori
1168 2011 1503 2087 Anglorum
1546 2013 1674 2088 regi
1721 2013 1806 2070 fa·
1870 2023 2023 2079 155;
2076 2012 2329 2087 Migne
2378 2006 2538 2092 (curn
2578 2010 2712 2068 aliis
2753 2006 3149 2090 carminibus)

523 2099 794 2169 miliariS,
829 2099 934 2173 qui
960 2099 1157 2174 ipsum
1178 2099 1461 2173 Tornejae
1492 2101 1810 2159 constituit
1863 2100 2131 2167 CXLVII,
2221 2108 2672 2163 1219—1282.
2750 2132 2837 2139 ——
2923 2099 3152 2157 Eodem

522 2189 818 2256 abbatem,
868 2187 1007 2246 dein
1041 2188 1104 2246 in
1137 2188 1354 2264 Anglia
1391 2192 1666 2249 versatus
1699 2192 1806 2261 est,
1862 2209 2016 2249 anno
2069 2183 2297 2269 (1085)
2342 2188 2596 2247 decessit
2659 2189 2901 2247 Lucas
2964 2189 3151 2247 abbas

521 2278 711 2335 donec
744 2276 891 2335 ortis
927 2276 1308 2352 interipsum
1357 2280 1418 2336 et
1463 2279 1805 2354 episcopum
1864 2279 2210 2338 monasterii
2256 2277 2731 2354 Cryptoferratae
2778 2276 2843 2336 Ο.
2892 2278 2944 2335 S.
2992 2278 3149 2347 Bas„

527 2365 976 2424 lincolniensem
1010 2366 1437 2437 simultatibuS‚
1486 2367 1560 2426 ad
1604 2387 1807 2427 mona·
1865 2369 2037 2444 cujus
2116 2371 2209 2426 est
2272 2371 2389 2425 vita
2452 2386 2495 2426 s.
2562 2366 2998 2424 Bartholomaei
3046 2386 3151 2440 Ju-

528 2456 780 2513 sterium
828 2472 1004 2512 suum
1052 2455 1234 2513 rediit
1280 2449 1339 2533 (†
1384 2474 1441 2530 p.
1490 2477 1537 2516 a.
1595 2455 1806 2537 1084).
1864 2458 2064 2526 nioris,
2136 2456 2260 2514 Nili
2315 2456 2572 2531 junioris
2634 2455 2921 2530 discipuli
2980 2460 3040 2513 et
3086 2456 3151 2513 in

530 2544 835 2619 Duplieem
856 2544 1193 2620 composuit
1211 2563 1254 2603 s.
1279 2544 1806 2608 Bertiniab.sithi·
1863 2546 2095 2606 abbatis
2136 2545 2302 2604 illius
2346 2544 2691 2604 monasterii
2726 2563 2966 2604 munere
3015 2563 3149 2604 suc-

526 2635 723 2692 vensis
756 2633 819 2691 in
852 2634 1099 2692 Morinis
1134 2630 1194 2712 (†
1227 2652 1272 2691 c.
1310 2631 1460 2716 709)
1504 2638 1679 2694 vitam
1711 2637 1808 2710 (de
1867 2637 2119 2695 cessoris
2155 2634 2215 2716 (†
2254 2630 2471 2715 1065),
2518 2653 2669 2710 quae
2714 2634 2944 2709 prodiit
2985 2635 3052 2692 in
3082 2636 3149 2693 P.

522 2743 643 2797 quo
696 2727 895 2780 tamen
945 2722 1048 2780 alii
1098 2722 1425 2798 dubitant),
1477 2725 1806 2784 breviorem
1863 2724 2178 2783 Possini
2207 2725 2484 2783 thesauro
2505 2742 2619 2782 asc.
2642 2744 2698 2799 p.
2724 2733 2884 2794 427;
2917 2725 2979 2782 in
3004 2725 3153 2782 Mai

525 2813 774 2870 alteram
795 2807 1148 2893 (ineditam),
1167 2814 1228 2870 et
1260 2812 1502 2871 alteram
1524 2803 1807 2889 prol'ixio·
1863 2814 2006 2877 bibl.
2052 2832 2206 2872 nova
2251 2814 2360 2871 PP.
2408 2814 2499 2884 VI,
2554 2822 2675 2875 513
2712 2832 2789 2876 ss.
2837 2832 3044 2890 graece
3088 2819 3153 2871 et

527 2921 665 2968 rem,
692 2920 867 2974 quam
889 2901 1069 2959 habes
1091 2900 1247 2976 apud
1271 2902 1646 2961 Mabillon
1679 2905 1808 2961 Act.
1866 2904 2075 2970 latine;
2125 2903 2374 2979 migne
2420 2903 2483 2962 P.
2517 2902 2583 2959 G.
2618 2902 2891 2971 CXXVII,
2931 2913 3151 2965 475-—

528 2991 621 3051 SS.
655 2989 758 3059 III,
809 3001 861 3059 l,
915 2999 1255 3053 los—117
1295 3008 1430 3048 cum
1462 2991 1522 3048 ll.
1561 3001 1593 3053 2
1629 2992 1807 3050 mira·
1869 3002 1992 3056 512
2046 2987 2208 3072 (cum
2259 2992 2524 3049 encomio
2584 2990 2648 3048 in
2708 2989 3011 3072 eundem).
3062 3024 3151 3034 -—-

526 3080 796 3136 culorum
832 3077 1114 3158 (quorum
1156 3079 1385 3152 primus
1430 3083 1668 3138 tantum
1717 3084 1810 3139 est
1865 3083 2039 3140 Forte
2060 3081 2251 3156 ipsius
2274 3098 2511 3155 quoque
2542 3082 2633 3137 est
2662 3083 2972 3154 praestans
3021 3080 3154 3138 Vita

525 3165 739 3247 ipsius)
773 3187 828 3242 p.
856 3177 1232 3237 117—1533
1268 3169 1806 3245 MigneCXLVII,
1864 3178 1914 3228 et
1962 3171 2308 3230 conversatio
2360 3189 2404 3227 s.
2456 3167 2521 3230 P.
2574 3168 2701 3226 Nili
2730 3169 3014 3244 junioris,
3070 3170 3150 3231 ib.

535 3265 988 3320 1083·-1140.
1020 3290 1107 3299 -
1157 3258 1285 3315 Vita
1330 3277 1374 3315 s.
1407 3258 1665 3316 Joannis
1694 3260 1807 3317 Be·
1865 3259 2026 3327 CXX,
2091 3266 2435 3322 509-588
2508 3258 2692 3316 latine
2752 3261 3020 3326 tantum3
3086 3259 3153 3316 in

527 3347 864 3403 verlacensis
909 3364 995 3420 ep.
1044 3347 1411 3405 eboracensis
1443 3342 1505 3428 (†
1543 3343 1694 3428 721)
1744 3349 1809 3405 in
1866 3351 1989 3406 Act.
2052 3347 2149 3408 SS.
2218 3356 2317 3409 26.
2382 3348 2542 3421 Sept.
2606 3347 2710 3415 III,
2778 3357 3151 3412 283—343.

527 3434 693 3492 Actis
729 3434 824 3494 SS.
851 3436 1061 3507 7.Mai.
1090 3434 1163 3504 11,
1209 3444 1522 3504 168-1733
1556 3437 1809 3512 Migne
1866 3471 1950 3480 -—
1984 3438 2130 3496 Acta
2163 3436 2256 3496 SS.
2289 3436 2531 3494 Arialdi
2578 3437 2811 3495 diaconi
2852 3433 2914 3516 (†
2956 3435 3151 3515 1066)

525 3523 604 3581 ib.
639 3543 692 3598 p.
738 3534 1186 3587 1161-1179.
1222 3557 1302 3567 —-
1340 3525 1532 3583 Dubia
1562 3529 1654 3584 est
1691 3525 1809 3584 vita
1865 3532 1915 3585 et
1964 3525 2337 3584 Herembaldi
2403 3521 2628 3606 (1075)
2690 3525 2909 3584 ducum
2980 3525 3151 3584 illius

526 3613 857 3671 Audomari
888 3632 977 3688 ep.
1011 3614 1423 3671 tarvennensis
1458 3610 1520 3695 (†
1552 3634 1597 3675 c.
1635 3610 1806 3697 667),
1863 3616 2049 3690 partis
2114 3614 2177 3672 in
2239 3613 2606 3684 Lombardia,
2669 3633 2823 3690 quae
2875 3615 3150 3673 licentiae

521 3702 683 3775 apud
734 3702 1108 3760 Mabillon
1159 3702 1232 3772 II,
1304 3713 1680 3772 559--5653
1746 3704 1808 3761 in
1864 3723 2092 3763 morum
2143 3703 2284 3761 cleri
2335 3721 2395 3761 se
2445 3704 2725 3777 opposuit
2768 3707 2830 3762 et
2880 3705 3150 3761 Patariae

527 3792 654 3852 Act.
678 3790 776 3852 SS.
801 3801 855 3852 9.
878 3794 1036 3866 Sept.
1056 3789 1160 3859 ΙΙΙ,
1200 3800 1518 3860 sss-4023
1553 3793 1809 3869 Migne
1863 3811 2077 3852 nomen
2127 3810 2233 3868 per
2283 3794 2689 3866 contemptum
2742 3793 2988 3868 accepit,
3053 3812 3148 3850 ex·

529 3898 587 3953 p.
617 3890 1068 3942 1179-1190,
1102 3912 1187 3920 -
1219 3879 1593 3939 Tribuuntur
1624 3881 1742 3954 ipsi
1776 3902 1809 3939 a
1865 3883 2033 3940 hibet
2083 3885 2354 3939 accurate
2397 3879 2732 3939 Andreas
2795 3881 2981 3940 abbas
3046 3901 3145 3938 vo·

525 3969 882 4026 nonnemine
929 3971 1044 4026 υἱέα
1087 3987 1130 4026 s.
1170 3967 1423 4027 Osuealdi
1468 3988 1558 4044 ep.
1592 3970 1807 4046 wigor·
1864 3970 2279 4029 lumbrosanus
2300 3953 2836 4045 sanctidiscipulus
2854 3967 3144 4052 (†1097)‚

525 4057 750 4115 niensis
783 4060 844 4115 et
877 4058 1132 4133 archiep.
1153 4057 1525 4117 eboracensis
1560 4056 1620 4138 (†
1653 4056 1806 4139 992)
1863 4060 1926 4118 in
1975 4061 2104 4117 Act.
2155 4059 2252 4117 SS.
2304 4068 2404 4120 27.
2450 4057 2591 4118 Jun.
2638 4058 2705 4129 V,
2764 4068 3145 4128 281—3033

521 4151 587 4204 et
631 4146 747 4204 alia
791 4147 1098 4221 quaedam,
1147 4146 1219 4204 de
1266 4146 1488 4221 quibus
1536 4146 1605 4205 cf.
1648 4147 1805 4209 Hist.
1863 4148 1922 4206 in
1998 4168 2091 4223 op.
2141 4148 2226 4205 De
2279 4165 2355 4207 ss,
2421 4148 2557 4204 MM.
2609 4148 2853 4206 Arialdo
2917 4149 3147 4207 Alciato

527 4235 614 4293 lit.
650 4235 805 4304 VIII,
852 4245 1225 4299 132—138:
1274 4238 1428 4293 teste
1476 4235 1635 4294 enim
1671 4236 1806 4295 Ord.
1864 4240 1923 4295 et
2014 4236 2428 4295 Herlembaldo
2502 4237 2671 4295 Cotta
2752 4237 3146 4297 mediolanen-

525 4323 777 4382 Vitali
812 4324 950 4386 LXI
979 4325 1052 4383 ad
1084 4344 1134 4381 a.
1163 4335 1347 4393 1118,
1389 4325 1806 4391 „delectabiles
1864 4327 2030 4384 sibus
2082 4326 2325 4385 veritati
2370 4345 2436 4384 ac
2467 4326 2587 4384 luci
2632 4326 2937 4385 restitutis
2990 4328 3051 4390 ll.
3089 4338 3147 4394 4,

521 4413 596 4470 ad
650 4414 980 4472 canendum
1028 4414 1307 4472 historias
1353 4414 1618 4473 suaviter
1649 4432 1806 4472 com·
1862 4414 2085 4491 quibus
2157 4414 2407 4473 historia
2480 4415 2631 4476 med.
2710 4415 2771 4472 in
2849 4434 2919 4474 eo
2997 4421 3149 4473 tem-

525 4502 789 4576 posuit.‘
1865 4524 2001 4579 pore
2033 4503 2279 4563 mirifice
2311 4504 2655 4562 illustratur
2687 4549 2700 4561 .
2735 4548 2748 4561 .
2783 4553 2796 4566 .
2843 4523 3026 4580 opera
3057 4506 3151 4566 J0.

606 4639 640 4705 ¹)
669 4634 963 4704 Distingui
991 4637 1160 4691 <lebet
1185 4653 1218 4688 a
1246 4636 1429 4690 trihus
1473 4635 1606 4689 aliis
1633 4638 1809 4707 hujus
1864 4593 2025 4652 Petri
2058 4593 2475 4694 Puriqelli'
2524 4592 2842 4652 Mfldiomui
2890 4604 3056 4657 1657
3088 4614 3154 4707 P

667 4705 676 4715 .
731 4705 741 4715 .
856 4707 866 4717 .
1868 4680 3154 4758 28—33;M1gneP.L.CXL111,143.-

527 4722 775 4758 noinims
815 4708 970 4769 viris,
1016 4708 1083 4759 (le
1131 4709 1342 4774 quibus
1387 4725 1558 4779 supra
1586 4708 1807 4774 egimus

529 4794 583 4842 p.
612 4782 735 4829 sss.
787 4777 868 4829 Cf.
899 4778 1042 4829 Hist.
1074 4778 1156 4831 lit.
1189 4779 1663 4842 V1{1‚455—461.
1878 4780 2055 4833 1486.
2098 4805 2184 4814 —
2240 4771 2432 4829 Vitam
2476 4790 2522 4829 s.
2574 4770 2879 4829 Gualberti
2925 4771 3157 4831 ordinis
