3505 5161
457 213 576 267 123

1365 196 1667 250 326—400.
1694 195 1745 247 S.
1779 192 2144 246 Athana-sius

2941 209 3063 262 124

449 379 685 463 (Matth.
728 392 824 450 11,
864 377 971 462 27)
1005 383 1214 439 contra
1247 379 1517 450 Arianos,
1569 379 1727 455 frag-
1784 382 1865 438 ad
1885 381 2190 439 monachos
2210 384 2336 449 etc„
2370 379 2593 455 quibus
2618 378 2914 436 addantur
2933 379 3063 454 ejus

449 475 719 529 mentum
763 470 915 528 forte
961 471 1056 527 est
1105 468 1302 544 operis
1349 468 1608 544 majoriS.
1641 502 1728 510 ——
1784 469 2070 545 epistolae
2120 468 2361 527 festales
2404 467 2622 544 jejunii
2677 466 3062 543 quadragesi-

447 559 751 619 Pretiosae
783 577 889 635 pro
914 559 1188 635 dogmate
1219 557 1292 616 de
1324 556 1727 616 incarnatione
1783 558 1955 617 malis
1988 556 2235 616 initium
2267 560 2329 616 et
2367 557 2664 632 paschatis
2695 556 2851 615 diem
2885 556 3062 614 colle-

449 648 633 707 Verbi
674 652 819 706 sunt
862 650 984 706 tres
1028 648 1299 722 epistolae
1346 644 1419 727 (a.
1452 664 1499 708 c.
1536 640 1726 726 371):
1782 648 1877 724 gis
1898 647 2026 706 suis
2046 647 2110 705 in
2130 646 2396 722 singulos
2410 663 2597 704 annos
2615 644 3063 705 annunciantes,

449 756 570 796 una
618 738 697 796 ad
745 737 1066 813 Epictetum
1112 735 1550 794 Corinthiorum
1599 735 1726 809 epi-

1785 736 2007 796 Textus
2039 734 2347 812 originalis
2382 736 2500 794 fere
2532 734 2747 810 periit:
2796 738 3065 810 repertae

449 844 690 903 scopum
722 829 925 885 contra
957 825 1281 883 haereticos
1321 823 1722 891 celeberrima,
1784 826 1987 901 plures
2021 819 2159 906 (15)
2192 824 2356 882 fuere
2394 824 2603 901 lingua
2649 826 2877 900 syriaca
2914 826 2976 882 et
3014 842 3063 884 a.

449 935 627 991 quam
688 915 1180 991 Epiphanius
1258 912 1554 989 integram
1617 931 1726 970 suo

447 1005 613 1080 operi
644 1004 717 1062 de
757 1004 1099 1062 haeresibus
1132 1002 1391 1061 inseruit
1420 1003 1575 1064 haer.
1612 1011 1724 1067 77;

447 1094 636 1151 altera
668 1094 747 1151 ad
764 1092 1111 1167 Adelphium
1132 1111 1222 1167 ep.
1255 1093 1318 1149 et
1333 1090 1727 1150 confessorem

446 1186 651 1241 contra
681 1182 952 1251 Arianos,
1001 1182 1066 1238 in
1111 1200 1231 1256 qua
1262 1180 1390 1257 agit
1420 1180 1489 1237 de
1521 1178 1727 1237 adora-

447 1271 611 1329 tione
643 1270 894 1341 Christi3
928 1270 1110 1328 tertia
1140 1270 1220 1328 ad
1242 1269 1569 1328 Maximam
1597 1268 1726 1343 phi-

445 1360 742 1435 losoplmm
757 1355 824 1441 ¹),
873 1359 1095 1435 scripta
1124 1358 1276 1417 circa
1324 1376 1547 1416 annum
1583 1365 1728 1419 371.

448 1482 533 1492 —-·
584 1448 751 1507 Libri
811 1448 930 1507 duo
1005 1448 1074 1506 de
1133 1449 1531 1505 incarnatione
1591 1463 1729 1504 con-

448 1542 543 1595 tra
603 1537 1043 1613 Apollinarium
1062 1582 1075 1606 ,
1154 1536 1261 1612 qui
1326 1536 1382 1595 ei
1446 1536 1727 1593 hactenus

448 1626 638 1685 tribui
659 1627 949 1696 solebant,
975 1626 1150 1701 juxta
1175 1626 1529 1684 recentiores
1561 1623 1727 1682 criti-

448 1733 545 1774 cos
593 1715 781 1791 ipsius
827 1732 956 1774 esse
1001 1733 1122 1773 non
1165 1714 1476 1781 videntum
1525 1713 1625 1771 sed
1673 1723 1726 1775 1.

449 1803 757 1880 Didymi
818 1804 982 1871 alex„
1047 1803 1199 1861 alter
1259 1794 1725 1882 Ambrosii2)

1797 923 1957 977 1848
1993 913 2187 973 editae
2220 932 2255 971 a
2285 914 2652 982 Cureton3
2701 912 2763 970 in
2796 913 3062 989 linguam

1785 1021 1987 1062 versae
2036 1001 2282 1061 latinam
2334 1002 2490 1077 apud
2542 1001 2600 1058 M
2617 1001 2685 1059 ai
2735 1001 2904 1060 Nova
2950 1001 3064 1059 ΡΡ.

1787 1091 1929 1151 bibl.
1964 1091 2041 1151 VI
2073 1111 2128 1167 p.
2170 1103 2233 1161 ις
2277 1091 2530 1167 Migne
2562 1089 2763 1160 XXVI,
2808 1099 3064 1153 1351.-

1795 1190 1991 1244 1444:
2024 1199 2125 1240 eae
2155 1180 2452 1256 pretiosae
2486 1181 2630 1238 sunt
2660 1196 2767 1254 pro
2800 1178 3064 1237 Arianis-

1785 1271 1867 1328 mi
1899 1270 2163 1328 historia.

1896 1457 1995 1511 64.
2060 1447 2150 1506 Ad
2215 1466 2261 1504 S.
2313 1446 2849 1522 Scripturam‚·
2889 1446 3066 1520 cujus

1785 1536 2126 1596 testimonia
2175 1536 2237 1594 in
2289 1535 2415 1594 suis
2449 1535 2727 1610 operibus
2761 1534 3065 1610 polemicis

1785 1626 2042 1684 libenter
2072 1625 2291 1702 allegat
2335 1624 2775 1700 diligenterque
2807 1622 3064 1699 exponit,

1785 1715 1993 1773 referri
2026 1718 2328 1788 praeterea
2358 1713 2606 1771 debent:
2658 1711 2897 1790 egregia
2942 1712 3065 1788 epi·

1785 1804 1935 1862 stola
1955 1803 2027 1861 ad
2047 1801 2461 1861 Marcellinum
2492 1802 2561 1859 de
2591 1803 3065 1876 interpretatione

447 1893 611 1961 alex„
651 1892 886 1968 Didymi
917 1891 1214 1967 discipuli.
1248 1926 1336 1935 —-
1366 1890 1728 1949 Prodierunt
1778 1893 2165 1967 psalmorum,
2212 1908 2363 1967 quos
2408 1888 2737 1966 plurimum
2768 1907 3065 1949 commen-

446 1982 693 2041 seorsim
724 2000 846 2040 eur.
879 1981 942 2038 P.
965 1980 1036 2041 H.
1068 1981 1164 2038 Be
1183 1980 1297 2037 ntl
1319 1999 1393 2054 ey
1424 2023 1438 2050 ‚
1473 1978 1727 2037 Londini
1785 1982 1915 2049 dat;
1950 1979 2359 2039 commentarii
2392 1980 2456 2037 in
2488 1978 2691 2056 plures
2725 1997 2770 2040 s.
2794 1978 3063 2054 Scriptu-

455 2079 639 2133 1887.
671 2102 759 2113 --
793 2069 1100 2128 Accedunt
1129 2069 1329 2144 plures
1362 2068 1555 2127 adhuc
1604 2066 1726 2143 epi-

447 2159 634 2217 stolae
665 2158 1035 2235 dogmaticae
1068 2153 1328 2239 (praeter
1364 2158 1490 2233 jam
1521 2157 1728 2215 lauda-

445 2241 563 2328 tas)
599 2247 799 2325 magni
830 2247 1132 2315 momenti,
1176 2249 1248 2303 ut
1280 2265 1368 2322 ep.
1404 2246 1483 2304 ad
1515 2246 1722 2304 Antio-

444 2337 648 2395 chenos
679 2337 753 2394 ab
786 2335 1110 2394 Athanasio
1141 2337 1202 2393 et
1234 2334 1460 2411 synodo
1492 2334 1726 2392 alexan-

446 2425 617 2484 drina
648 2425 786 2483 data
806 2419 1009 2506 (362),
1043 2424 1115 2482 de
1147 2424 1482 2499 receptione
1503 2441 1725 2492 eorum,

446 2514 551 2589 qui
597 2513 917 2571 Arianismi
963 2512 1264 2572 erroribus
1310 2517 1480 2571 erant
1524 2512 1728 2570 infecti

437 2605 617 2679 juxta
661 2603 897 2661 decreta
942 2602 1152 2679 synodi
1198 2603 1613 2661 alexandrinae
1646 2597 1724 2681 (a.

451 2689 623 2772 362),
674 2692 746 2750 de
791 2711 910 2767 qua
955 2693 1135 2750 etiam
1170 2692 1295 2768 agit
1326 2710 1416 2766 ep.
1450 2692 1528 2748 ad
1561 2690 1723 2763 Rufi·

446 2782 730 2855 nianum;
780 2800 868 2856 ep.
903 2781 1053 2840 duae
1087 2782 1166 2839 ad
1199 2780 1542 2853 Luciferum
1573 2778 1725 2837 cala-

447 2869 729 2941 ritanum,
774 2869 839 2927 in
873 2869 1092 2943 quibus
1142 2870 1272 2945 ejus
1314 2887 1421 2945 pro
1473 2868 1585 2926 fide
1634 2886 1726 2926 ea-

445 2958 666 3017 tholica
714 2961 918 3017 contra
966 2958 1215 3017 Arianos
1271 2959 1462 3016 zelum
1506 2957 1726 3016 collau-

446 3047 580 3116 dat;
626 3067 718 3123 ep.
765 3048 843 3105 ad
887 3047 1056 3120 afros
1116 3049 1424 3123 episcopos,
1471 3064 1590 3121 qua
1628 3064 1726 3104 eos

448 3136 738 3206 hortatur,
791 3139 864 3194 ut
912 3134 1029 3195 sibi
1071 3137 1144 3194 ab
1182 3136 1536 3195 Arianorum
1569 3135 1727 3192 frau-

446 3223 626 3284 dibus
704 3227 948 3284 caveant
1024 3221 1097 3302 (c.
1180 3221 1364 3304 369);
1445 3224 1729 3300 epistolae

528 3397 561 3447 ἢ
592 3393 671 3447 De
711 3395 820 3448 boc
859 3394 944 3447 ita
984 3394 1183 3448 scribit
1222 3394 1729 3460 Hieronymus

346 3513 352 3518 .
445 3465 517 3517 de
538 3449 642 3520 irir.
664 3464 743 3519 ill.
765 3484 811 3519 c.
837 3466 979 3522 127:·
995 3465 1083 3524 „M
1102 3465 1310 3518 iximus
1330 3464 1728 3534 philosophae,

449 3539 618 3589 natus
644 3536 1043 3598 Alexandriae,
1072 3535 1569 3605 Constantinopoli
1612 3534 1727 3617 epi-

446 3624 648 3678 scopus
689 3607 988 3661 ordinatus
1028 3611 1112 3661 est
1138 3610 1282 3679 (379)
1324 3609 1382 3660 et
1419 3608 1619 3676 pulsus
1645 3624 1727 3659 in-

442 3678 666 3747 signem
693 3683 757 3734 de
781 3681 884 3746 fide
920 3679 1192 3733 adversus
1220 3677 1463 3731 Arianos
1500 3677 1730 3748 scripsit

444 3749 676 3813 librum,
719 3766 891 3818 quem
918 3749 1228 3804 Mediolani
1256 3749 1531 3803 Gratiano
1614 3748 1725 3801 rin-

442 3820 559 3890 cipi
587 3820 764 3874 dedit.
815 3821 953 3891 Ejus
981 3822 1178 3875 laudes
1205 3821 1453 3876 celebrat
1487 3823 1545 3873 et
1600 3824 1611 3840 “
1631 3838 1660 3872 ι·
1677 3837 1727 3872 e-

444 3911 481 3961 g
500 3909 530 3944 0
547 3909 575 3943 r
591 3891 611 3943 i
628 3910 664 3944 u
686 3911 709 3944 s
737 3908 858 3954 naz.
886 3910 965 3946 or.
995 3899 1079 3948 23.
1110 3892 1298 3946 Etiam
1317 3911 1357 3945 s.
1375 3891 1726 3944 Athanasius

442 3963 505 4016 in
536 3979 637 4015 sua
664 3979 752 4033 ep.
770 3963 970 4034 scripti
992 3963 1257 4018 meminit
1274 3962 1513 4016 Maximi
1528 3966 1727 4017 contra

446 4034 723 4102 quosdam
775 4034 926 4090 cira
989 4034 1441 4090 incarnationem
1494 4050 1725 4097 errores,

443 4106 599 4174 quod
627 4109 687 4159 et
712 4106 832 4176 ipse
859 4123 893 4159 a
938 4106 1159 4176 probat.
1197 4107 1350 4161 Haec
1377 4109 1568 4158 tame-n
1597 4104 1724 4160 scri·

446 4180 544 4246 pta.
572 4178 804 4247 periisse
832 4177 889 4231 vi
934 4182 1118 4231 entur.

521 4256 560 4310 ἲ)
590 4250 669 4300 Ita
700 4249 1042 4302 Draeseke
1071 4247 1437 4302 Patristische
1455 4247 1725 4300 Untersu-

445 4317 711 4390 chungen
756 4321 999 4374 Altonae
1048 4328 1181 4375 1889
1209 4339 1263 4389 p.
1298 4326 1397 4376 169
1412 4323 1593 4375 -2()7.
1646 4319 1725 4371 De

445 4389 551 4442 hoc
596 4392 991 4444 Ambrosio
1038 4390 1238 4445 scribit
1280 4409 1321 4443 e.
1370 4390 1723 4456 Hierony-

448 4479 500 4511 111
520 4478 556 4512 u
575 4478 597 4512 s
626 4462 694 4514 de
725 4462 825 4515 vir.
855 4463 934 4518 ill.
963 4481 1008 4517 c.
1042 4471 1171 4519 1⁶26:
1222 4461 1590 4523 „Ambrosius
1615 4461 1723 4514 ale-

445 4531 777 4597 xandrinus,
818 4533 1049 4588 auditor
1074 4533 1321 4600 Didymi,
1365 4532 1593 4603 scripsit
1631 4536 1724 4586 ad-

446 4620 625 4656 rersus
666 4608 1063 4674 Apollinarium
1105 4606 1372 4659 volumen
1412 4605 1723 4658 multorum

1783 2088 1879 2128 rae
1901 2070 1981 2141 ll.‚
2015 2069 2120 2144 qui
2135 2072 2336 2127 tamen
2353 2066 2471 2127 fere
2486 2071 2721 2145 praeter
2734 2067 3065 2145 fragmenta

1782 2159 1847 2217 in
1922 2158 2146 2217 catenis
2225 2175 2396 2234 saepe
2458 2157 2641 2216 dubia
2702 2156 3065 2218 exciderunt.

1785 2246 1989 2306 Solum
2023 2248 2441 2326 expositionum
2471 2248 2534 2303 in
2557 2247 2820 2305 Psalmos
2852 2265 3065 2325 magna

1784 2336 2014 2411 reliqua
2044 2337 2133 2394 est
2169 2355 2323 2412 pers.
2390 2335 2675 2410 Sequitur
2718 2335 2782 2393 in
2830 2335 2904 2393 iis
2936 2336 3063 2410 ple-

1783 2443 2036 2501 rumque
2069 2443 2309 2483 sensum
2358 2424 2732 2500 spiritualem
2783 2442 2889 2482 seu
2935 2443 3064 2500 my-

1784 2514 2018 2588 sticum,
2078 2514 2370 2572 literalem
2418 2516 2620 2571 tamen
2672 2531 2908 2571 sensum
2962 2532 3063 2588 ap-

1784 2604 1974 2681 prime
2006 2607 2068 2662 et
2098 2607 2271 2662 acute
2300 2603 2515 2680 tangit.
2549 2602 2814 2660 Protulit
2833 2602 2905 2660 N.
2926 2604 2975 2660 A
2993 2620 3062 2660 n-

1784 2692 2075 2752 tonelli
2106 2711 2173 2751 ex
2208 2693 2440 2751 duobus
2472 2692 2635 2752 codd.
2668 2691 2845 2749 aliam
2877 2691 3063 2748 inter-

1783 2782 2174 2857 pretationem
2206 2782 2586 2856 psalmorum‚
2634 2799 2785 2855 quae
2831 2782 3064 2856 praeter

1783 2871 1950 2929 tituli
1980 2871 2344 2947 psalmorum
2389 2870 2838 2945 explicationem
2883 2868 3062 2943 paulo

1783 2959 2065 3018 fusiorem
2126 2959 2285 3017 haud
2344 2977 2475 3017 raro
2536 2959 2801 3016 innixam
2864 2957 3062 3016 verbis

1785 3048 2074 3107 hebraicis
2106 3048 2260 3106 male
2290 3048 2631 3118 intellectis,
2666 3066 2786 3105 non
2816 3050 2909 3105 est
2940 3046 3063 3104 fere

1784 3137 1901 3195 nisi
1922 3137 2294 3213 paraphrasis
2328 3137 2498 3194 exilis
2522 3136 2898 3212 singulorum
2930 3153 3061 3193 ver-

1786 3245 1963 3284 suum
2014 3225 2317 3284 simillima
2349 3227 2579 3301 glossae
2610 3223 2980 3283 interlineari
2995 3220 3063 3304 ¹).

1784 3314 2020 3372 Nititur
2070 3314 2262 3373 editor
2309 3315 2490 3389 hujus
2553 3313 3063 3389 interpretationis

1784 3402 2217 3479 genuinitatetn
2227 3403 2543 3462 admodum
2557 3402 2791 3461 erudita
2799 3420 3063 3477 compro-

1785 3493 1922 3551 bare
1969 3492 2128 3561 dise„
2175 3511 2382 3551 verum
2421 3494 2622 3549 manet
2652 3490 2843 3549 adhuc
2873 3490 3062 3548 incer-

1783 3584 1931 3651 tum,
1979 3600 2125 3639 num
2170 3600 2239 3639 ea
2277 3581 2357 3639 sit
2386 3581 2489 3638 ille
2521 3580 2560 3642 l.
2592 3580 2659 3637 de
2690 3582 2872 3638 titulis
2893 3581 3061 3654 psal-

1784 3675 2029 3745 morum,
2084 3688 2261 3743 quem
2313 3688 2356 3729 s.
2408 3669 2708 3728 doctorem
2757 3668 3063 3743 scripsisse

1783 3762 2043 3817 testatur
2072 3758 2587 3834 Hieronymus
2619 3753 2691 3815 de
2723 3758 2865 3816 viris
2897 3756 2982 3814 ill.
3015 3774 3061 3815 c.

1788 3857 1821 3911 8
1835 3858 1886 3910 7.
1922 3848 2105 3906 Juxta
2122 3847 2167 3904 F
2186 3867 2220 3905 a
2235 3867 2275 3905 u
2293 3848 2314 3905 l
2329 3848 2367 3904 h
2384 3867 2418 3904 a
2433 3849 2471 3905 b
2490 3865 2522 3904 e
2539 3865 2568 3904 r
2589 3847 2784 3904 Theol.
2808 3844 3062 3914 Qtlschr.

1791 3948 1950 3999 1901
1982 3936 2292 4005 LXXXIII,
2332 3945 2455 3998 227
2482 3953 2559 3994 ss,
2589 3938 2650 3993 et
2669 3936 2734 3992 G.
2766 3934 3062 3993 Mercati

1782 4025 1935 4084 Note
1956 4026 2017 4084 di
2037 4026 2414 4083 Letteratura
2443 4024 2590 4082 bibl.
2622 4044 2653 4082 e
2685 4019 2847 4083 crist.
2868 4023 3065 4081 antica

1782 4247 2254 4300 commentarium
2295 4251 2350 4301 in
2376 4250 2494 4306 Job.
2535 4246 2637 4315 qui
2683 4263 2863 4312 usque
2890 4245 3064 4299 hodie

1783 4321 2090 4387 superest‚“
2125 4319 2290 4372 modo
2319 4322 2510 4371 tamen
2538 4316 2726 4387 periit.
2775 4317 2856 4369 Ex
2885 4316 3064 4387 priori

1782 4407 1951 4460 opere
1994 4389 2035 4442 L
2054 4406 2082 4442 e
2100 4406 2131 4442 o
2149 4408 2186 4442 n
2205 4389 2263 4442 ti
2280 4408 2317 4442 u
2336 4408 2360 4442 s
2400 4388 2745 4457 byzantinus
2782 4389 3064 4458 fragmen-

1782 4465 1905 4514 tum
1945 4461 2258 4514 asservavit
2297 4461 2333 4518 l.
2368 4470 2390 4517 l
2433 4463 2633 4516 contra
2673 4459 3063 4527 Eutychianos

1782 4536 1840 4586 et
1866 4532 2250 4586 Nestorianos.
2280 4533 2489 4587 Contra
2533 4530 2580 4583 D
2598 4549 2626 4583 r
2640 4548 2673 4583 a
2690 4548 2718 4583 e
2737 4549 2761 4584 s
2777 4549 2805 4584 e
2823 4531 2861 4583 k
2878 4547 2906 4582 e
2949 4532 3067 4583 stat

1784 4607 1974 4657 tamen
2040 4603 2081 4656 L
2098 4621 2130 4655 a
2149 4623 2184 4656 u
2203 4621 2232 4656 c
2249 4605 2284 4656 h
2304 4621 2372 4656 er
2388 4607 2413 4656 t
2475 4602 2568 4655 die
2620 4602 2798 4656 Lehre
2857 4603 2954 4654 des
3006 4602 3064 4654 h.

450 4690 713 4727 versuum
759 4675 828 4729 de
873 4676 1254 4744 dogmatibus.
1308 4678 1365 4728 et
1414 4678 1482 4728 ut
1519 4675 1591 4728 ad
1636 4691 1724 4727 nie
1782 4674 2131 4728 Athanasius
2163 4681 2296 4730 1895
2325 4695 2378 4744 p.
2406 4674 2482 4726 XI
2509 4693 2550 4725 s.

448 4761 630 4813 nuper
674 4747 924 4813 quodam
969 4751 1235 4799 narrante
1288 4746 1571 4816 perlatum
1623 4750 1724 4807 est,

1861 4748 1897 4817 ¹)
1925 4745 2006 4800 Of.
2036 4745 2971 4814 Fossler-Jungmannsss.
