3505 5161
430 230 449 279 1
469 228 541 279 01
558 226 592 279 3
1103 206 1417 278 Theologia,
1442 207 1711 278 practica.
1739 206 2041 272 Ger-ardus,
2065 207 2099 261 J
2102 206 2367 260 ordanus.
2867 226 2978 278 101
2996 225 3038 276 4

421 414 489 453 ex
523 394 837 471 Ughelli
871 394 935 452 in
966 394 1219 472 Migne
1252 394 1315 451 P.
1335 394 1398 455 L.
1423 392 1693 462 CXLVII,
1748 411 1855 469 per
1885 392 2178 451 dioecesin
2198 392 2678 453 diffunderentur
2698 411 2925 452 errores
2958 394 3039 451 ab

429 492 881 553 1293-1302,
914 483 1021 542 ubi
1051 484 1234 543 etiam
1265 483 1445 542 habes
1465 482 1696 558 aliquot
1749 481 1982 557 aliquot
2011 481 2273 540 sectariis
2315 501 2383 540 ex
2423 481 2597 541 Italia
2629 482 3034 553 venientibus,

420 572 683 648 ejusdem
729 572 986 631 auctoris
1036 573 1297 631 carmina
1345 576 1406 631 et
1468 571 1600 629 Vita
1648 590 1696 636 s,
1749 570 1856 645 qui
1885 570 2407 630 manichaeismum
2440 572 2698 641 olebant,
2734 571 3028 648 synodum

420 662 594 720 Lucii
623 662 674 720 Ι.
706 681 891 738 papae
921 666 983 720 et
1014 663 1090 723 Μ.
1126 658 1187 741 (†
1223 657 1373 743 253)
1407 682 1464 737 p.
1499 672 1693 724 1301-
1748 659 2023 718 Atrebati
2065 670 2226 724 1025
2262 661 2602 733 celebravit,
2634 660 2697 718 in
2729 662 2901 737 cujus
2933 679 3030 737 sy-

427 761 585 814 1311
625 769 696 810 ex
727 752 856 809 Act.
890 749 988 810 SS.
1024 763 1079 812 4.
1112 751 1280 811 Mart.
1313 751 1357 820 Ι,
1402 760 1690 814 304·30’7
1748 749 1890 808 nodi
1923 748 2071 808 actis
2104 767 2209 809 seu
2249 758 2323 814 18
2357 769 2437 810 cc.
2457 769 2662 810 eorum
2682 769 2908 809 errores
2932 770 3036 810 ex-

418 834 571 922 (non
602 836 879 921 integra).
911 872 1002 883 —
1034 840 1089 898 S.
1121 841 1432 899 Maurus
1465 859 1535 899 ex
1566 857 1693 897 mo·
1750 838 2035 897 hibentur
2080 843 2283 898 contra
2332 843 2714 909 sacramenta,
2765 839 2922 898 ritus
2971 843 3033 899 et

419 930 604 989 nacho
638 947 682 991 s.
714 929 957 988 Martini
1003 929 1066 992 O.
1102 929 1158 987 S.
1194 930 1336 988 Ben.
1383 931 1447 987 in
1492 930 1694 987 monte
1750 926 2043 987 Ecclesiae
2092 929 2494 1001 hierarchiam,
2545 931 2751 987 contra
2801 931 3037 987 sancto-

418 1019 755 1078 Pannoniae
787 1037 833 1082 c.
867 1038 916 1080 a.
957 1028 1121 1082 1036
1156 1018 1469 1094 episcopus
1514 1017 1691 1094 quin·
1748 1036 1884 1075 rum
1903 1017 2137 1076 cultum
2159 1021 2268 1078 etc.
2287 1026 2349 1077 et
2368 1018 2744 1088 damnantur,
2767 1017 3038 1077 doctrina

418 1107 871 1185 queeclesiensis
918 1105 980 1181 (†
1023 1103 1213 1189 1070)
1262 1107 1514 1184 reliquit
1557 1107 1691 1165 bre·
1748 1105 2036 1165 catholica
2059 1108 2391 1184 exponitur,
2425 1107 2614 1167 solide
2644 1111 2707 1165 et
2735 1107 3039 1166 succincte

416 1216 549 1256 vem
591 1200 773 1257 vitam
802 1216 876 1256 ss.
909 1196 1199 1256 Zoerardi
1245 1196 1391 1256 dicti
1424 1196 1694 1255 Andreae
1732 1195 2051 1271 probatur,
2100 1215 2221 1256 non
2266 1199 2393 1258 sine
2438 1197 2596 1257 felici
2625 1196 2844 1268 fructu,
2897 1215 3031 1255 cum

418 1293 468 1345 et
497 1287 794 1346 Benedicti
844 1286 1227 1345 eremitarum
1270 1286 1333 1344 in
1379 1284 1695 1363 Hungaria
1748 1283 1837 1341 illi
1852 1283 2128 1345 haeretici
2143 1305 2370 1346 errores
2387 1305 2527 1346 suos
2543 1286 2949 1362 abjuraverint
2961 1280 3036 1366 ¹).

419 1374 480 1455 (†
506 1372 702 1454 1020)
729 1376 885 1452 apud
917 1375 1294 1434 Mabillon
1325 1378 1454 1437 Act.
1476 1373 1570 1433 SS.
1593 1372 1691 1444 VI,
1747 1373 1945 1433 Habes
1965 1393 2035 1433 ea
2052 1376 2209 1451 apud
2244 1376 2365 1434 d’A
2384 1376 2559 1435 cher
2571 1395 2611 1452 y
2645 1374 2855 1450 Spicil.'
2871 1374 3032 1443 XIII,

425 1477 476 1536 1,
513 1474 805 1533 76—-78;
858 1465 920 1523 in
969 1467 1098 1524 Act.
1149 1465 1246 1524 SS.
1308 1476 1401 1527 17.
1433 1463 1556 1524 Jul.
1589 1462 1689 1534 IV,
1760 1472 1996 1533 1-61;
2033 1465 2389 1535 MansiXIX,
2424 1473 2744 1535 424-4603
2777 1463 3038 1541 Migne

421 1563 542 1617 336
574 1573 650 1623 s.;
683 1571 751 1611 ea
783 1553 1023 1612 videtur
1052 1573 1247 1613 carere
1278 1553 1469 1629 pretio
1502 1552 1690 1611 histo·
1747 1551 1965 1621 CXLII,
2015 1562 2466 1619 1270-1313,
2536 1554 2884 1630 Sequuntur
2913 1552 3030 1611 ibi-

414 1643 553 1702 rico.
586 1675 673 1686 -—
704 1642 889 1701 Nilo
919 1644 1221 1714 monacho,
1269 1643 1375 1719 qui
1420 1641 1692 1701 floruisse
1747 1641 1882 1698 dem
1929 1642 2161 1718 aliquot
2192 1640 2324 1724 (VI)
2371 1643 2636 1720 ejusdem
2670 1642 2942 1716 epistolae
2973 1662 3031 1718 p.

416 1732 636 1791 dicitur
667 1750 713 1792 c.
746 1750 797 1792 a.
838 1740 1023 1802 1070,
1068 1731 1595 1791 tribuuntur-vita
1624 1731 1695 1788 de
1759 1740 2213 1802 1313--1323‚
2276 1734 2341 1792 in
2401 1752 2657 1808 quarum
2715 1731 2909 1807 prima
2957 1732 3029 1789 ad

416 1841 489 1882 ss.
534 1821 812 1880 Theodolo
850 1821 1063 1896 presb„
1109 1821 1311 1897 Paule,
1359 1821 1588 1880 Joanne
1633 1824 1694 1879 et
1747 1819 2188 1880 archidiaconos
2232 1822 2506 1898 loquitur
2553 1822 2626 1881 de
2675 1819 2891 1898 agendi
2936 1839 3035 1878 ra·

416 1910 591 1970 sociis
607 1911 745 1969 MM.
754 1910 932 1986 juxta
947 1909 1149 1968 Sinam
1172 1914 1433 1969 montem
1457 1903 1596 1991 (sec.
1614 1907 1691 1991 V)
1745 1907 1909 1967 tione
1940 1929 2079 1987 erga
2109 1913 2664 1982 excommunicat08‚
2713 1928 2832 1986 qua
2870 1909 2934 1967 in
2967 1927 3035 1967 re

420 1999 481 2058 in
525 2002 652 2061 Act.
686 2000 780 2058 SS.
826 2008 918 2062 14.
950 1999 1085 2058 Jan.
1117 1998 1163 2071 1,
1200 2008 1579 2067 953——9663
1632 2003 1694 2056 et
1748 1997 1835 2055 illi
1869 2017 1990 2058 non
2019 1999 2169 2059 bene
2200 2004 2461 2078 egerant.
2495 2035 2577 2045 —
2612 2002 2761 2059 Acta
2805 1999 3034 2057 concilii

434 2088 563 2146 Vita
604 2108 648 2151 s.
681 2088 965 2147 Philareti
1008 2088 1277 2147 monachi
1319 2088 1381 2147 in
1428 2087 1695 2148 Calabria
1747 2088 2130 2148 lemovicensis
2160 2089 2237 2148 II
2281 2100 2377 2155 18.
2418 2091 2567 2149 Nov.
2615 2109 2666 2152 a.
2708 2096 2866 2152 1031
2919 2087 3034 2145 tri-

422 2177 698 2236 ulteriore
731 2175 793 2256 (†
833 2174 1046 2256 1070),
1081 2177 1144 2235 in
1176 2179 1303 2236 Aet..
1338 2177 1436 2240 SS.
1471 2187 1526 2241 6.
1546 2178 1689 2251 Apr.
1746 2178 2020 2236 buuntur
2051 2178 2091 2236 J
2105 2180 2234 2237 ord
2255 2198 2395 2238 ano
2443 2180 2513 2238 de
2545 2180 2736 2238 Loron
2769 2176 3034 2257 (Laron),

429 2276 476 2336 1,
530 2275 892 2330 606-618.
955 2267 1229 2325 Ceterum
1272 2267 1431 2325 inter
1473 2265 1693 2343 viginti
1747 2266 1852 2342 qui
1884 2286 1918 2324 a
1949 2265 2246 2327 Guilelmo
2278 2269 2637 2344 Aquitaniae
2670 2267 2818 2325 duce
2849 2266 3034 2325 lemo-

415 2354 564 2427 illos,
619 2356 724 2430 qui
755 2355 879 2413 Nili
910 2373 1123 2414 nomen
1168 2359 1482 2433 gesserunt
1513 2359 1691 2431 atque
1745 2355 2002 2414 vicensis
2035 2356 2349 2433 episcopus
2381 2359 2606 2417 electus
2652 2359 2748 2415 est
2783 2356 2805 2423 ί
2818 2350 3028 2437 1024).

414 2464 448 2501 a
478 2445 670 2503 Leone
716 2444 936 2504 Allatio
987 2446 1050 2502 in
1099 2445 1368 2503 Diatriba
1417 2445 1488 2503 de
1534 2444 1691 2503 Nilis
1747 2444 1893 2503 Cum
1924 2463 2065 2503 vero
2111 2446 2403 2506 noluisset
2446 2467 2482 2505 a
2523 2445 2806 2505 Gauslino
2839 2445 3033 2503 archi-

416 2530 503 2614 (in
535 2533 885 2593 Fabricii
914 2533 1059 2593 bibl.
1092 2553 1181 2612 gr.
1211 2534 1280 2605 X,
1316 2531 1560 2616 2—32)
1592 2552 1686 2594 re·
1745 2534 2021 2611 episcopo
2070 2534 2448 2595 bituricensi·
2485 2554 2595 2595 suo
2651 2534 3037 2611 metropolita

412 2626 746 2694 censentur,
779 2624 875 2682 hic
906 2643 1028 2682 non
1060 2627 1373 2700 comparet.
1747 2623 2031 2682 simoniae
2048 2624 2322 2684 vitandae
2336 2644 2514 2685 causa
2527 2624 2873 2694 consecrari,
2889 2623 3030 2682 hinc

1746 2713 2054 2772 ordinatus
2087 2713 2296 2774 suisset
2340 2714 2413 2774 ab
2455 2716 2652 2774 Islone
2684 2712 3027 2772 santonensi

1745 2802 2040 2877 episcopo,
2091 2803 2165 2860 ab
2197 2803 2303 2862 illo
2334 2802 2878 2864 excommunicatus
2910 2800 3036 2858 fuit

503 2900 646 2955 568.
680 2890 1069 2950 Gerardus
1097 2887 1145 2971 1)
1178 2891 1374 2966 patria
1402 2889 1689 2950 Leodien-
1745 2896 1809 2949 et
1838 2892 1911 2949 ab
1945 2890 2140 2949 officio
2173 2892 2496 2968 episcopali
2528 2892 2880 2968 prohibitus.
2921 2889 3027 2948 Cui

410 2981 518 3051 sia,
584 2980 856 3039 Gerberti
918 2979 1278 3055 discipulus,
1342 2979 1691 3055 aliquandiu
1745 2983 1817 3038 ut
1861 2979 2241 3051 satis⁰aceret,
2293 2982 2474 3040 nudis
2524 2980 2778 3056 pedibus
2829 2977 3031 3037 sedem

410 3069 650 3128 Henrici
661 3069 737 3140 11,
757 3068 1101 3128 cuiexstitit
1120 3086 1308 3138 carue,
1331 3068 1687 3143 capellanus,
1745 3068 1898 3127 adiit
1913 3069 2337 3129 bituricensem
2360 3088 2493 3130 cum
2527 3072 2769 3129 centum
2798 3068 3029 3127 clericis

411 3176 479 3217 eo
525 3159 868 3235 postulante
900 3157 1091 3216 factus
1136 3160 1231 3215 est
1268 3158 1690 3216 cameracensis
1746 3161 1809 3217 et
1839 3158 2160 3229 monachis,
2194 3160 2474 3218 omnibus
2506 3158 2784 3217 similiter
2815 3157 3032 3215 discal-

411 3250 473 3307 et
517 3248 697 3306 simul
742 3246 1138 3305 atrebatensis
1178 3266 1230 3304 a.
1271 3255 1433 3309 1012
1468 3246 1691 3321 episco-
1745 3246 1928 3307 ceatis
1991 3247 2264 3323 pedibus.
2361 3248 2489 3318 Quo
2551 3245 3030 3322 archiepiscopus

411 3355 543 3412 pus.
610 3336 762 3394 Suae
807 3336 1087 3395 ecclesiae
1132 3336 1369 3412 egregie
1416 3336 1687 3411 praefuit,
1743 3337 2015 3413 placatus
2060 3354 2196 3395 eum
2237 3337 2554 3396 honorifice
2586 3337 2816 3411 excepit
2845 3338 3029 3410 atque

411 3425 770 3484 monasteria
799 3424 1072 3483 fundavit
1115 3423 1579 3499 reformavitque
1629 3425 1690 3506 (†
1744 3426 2004 3484 absolvit
2027 3420 2225 3506 (†105
2244 3429 2332 3499 1l5
2344 3426 2424 3503 2).
2450 3426 2518 3485 In
2541 3426 2662 3485 illis
2685 3424 2851 3494 actia,
2874 3442 3032 3499 quae

417 3525 514 3578 14.
535 3516 705 3573 Mart.
732 3523 914 3584 1051,
926 3514 1102 3590 juxta
1120 3514 1268 3572 alios
1298 3508 1510 3595 1048).
1544 3514 1690 3572 Cum
1746 3514 1929 3573 habes
1973 3514 2101 3592 (sed
2132 3532 2252 3574 non
2285 3511 2546 3596 integra)
2591 3514 2746 3590 apud
2778 3513 3028 3571 Labbe

1743 3604 1842 3672 IX,
1894 3613 2018 3666 869
2054 3621 2163 3672 ss.;
2210 3604 2455 3662 Mansi
2499 3603 2647 3673 XIX,
2700 3612 2821 3666 507
2859 3619 2935 3660 ss,
2967 3605 3030 3660 et

490 3707 526 3774 ¹)
555 3701 719 3755 Alius
744 3703 818 3755 ab
844 3717 909 3755 eo
935 3704 1021 3755 est
1059 3701 1440 3755 Gerardus
1480 3701 1691 3756 nobilis
1745 3693 1809 3751 in
1841 3692 2093 3770 Migne
2126 3693 2187 3750 P.
2219 3692 2281 3751 L.
2314 3692 2532 3763 CXLII,
2574 3700 3028 3758 1353—1400,

414 3771 722 3828 Germanus
762 3772 952 3842 patria.
993 3772 1438 3836 RatisbonensiS,
1480 3774 1689 3844 profes·
1743 3781 1948 3859 agitur
2008 3781 2079 3839 de
2129 3782 2470 3855 apostolatu
2520 3800 2564 3840 s,
2614 3779 2903 3838 Martialis
2967 3785 3032 3838 et,

414 3845 566 3898 ⁸5⁰¹²e
594 3845 908 3925 monachu?
934 3844 1328 3925 cluniacens&
1357 3862 1527 3912 quem
1563 3845 1689 3899 Ale·
1744 3870 1955 3929 multis
2018 3869 2091 3929 ad
2154 3869 2531 3946 disciplinam
2581 3869 3029 3945 spectantibus:

412 3916 625 3970 xander
653 3915 720 3970 II.
749 3914 1096 3968 cardinalem
1126 3918 1343 3970 creavit
1366 3918 1425 3968 et
1450 3933 1491 3969 s.
1519 3914 1686 3970 Petro

410 3985 689 4041 Damiano
727 3985 789 4039 in
830 3985 1166 4057 episcopatu
1206 3985 1440 4041 ostiensi
1480 4002 1691 4040 succes·
1744 3957 2233 4017 intermiscentur
2251 3958 2499 4018 Jordani
2533 3958 2921 4017 allocutiones
2953 3958 3026 4015 ad

411 4074 589 4113 sorem
602 4057 778 4111 dedit.
797 4057 997 4112 Plures
1011 4057 1609 4112 obiitsubAlexandro
1626 4058 1688 4111 ΙΙ.
1743 4049 1945 4124 patres
1973 4047 2207 4124 synodi,
2256 4048 2382 4109 scil.
2413 4047 2679 4107 narratio
2711 4046 2907 4105 brevis
2954 4045 3032 4104 de

411 4132 469 4184 Εἴ
493 4129 768 4200 (319801'50
796 4128 901 4181 VH
924 4129 1258 4210 legationes,
1298 4133 1355 4183 0¹²
1379 4131 1578 4184 contra
1620 4129 1689 4181 Si·
1743 4136 1922 4195 rebus
1953 4137 2139 4214 gestis
2186 4137 2250 4195 in
2296 4137 2525 4214 synodo
2562 4134 2942 4195 lemovicensi
2975 4155 3025 4193 a.

409 4200 635 4255 moniae
677 4204 735 4254 et
771 4201 1188 4255 concubinatus
1226 4216 1351 4254 reos
1376 4203 1542 4254 tanto
1570 4199 1692 4281 egit
1756 4234 1919 4289 ¹029
1939 4247 1952 4261 ,
1985 4225 2232 4284 homilia
2263 4226 2325 4284 in
2357 4226 2538 4285 verba
2557 4225 2748 4283 Lucae
2778 4234 2851 4287 19
2913 4236 3028 4288 1οτ

409 4272 547 4335 zelo,
575 4274 642 4326 ut
660 4270 924 4340 querelae
938 4275 1236 4342 propterea
1256 4271 1327 4324 ad
1350 4272 1686 4341 Gregoriutn
1939 4269 1953 4296 ’
2858 4268 2872 4294 ’

412 4343 514 4396 VII
541 4342 760 4398 fuerint
784 4343 1003 4397 delatis
1043 4359 1108 4396 ac
1149 4342 1198 4395 is
1224 4358 1353 4395 eum
1383 4341 1686 4406 monuerit,
1744 4314 1935 4374 me
1964 4316 2214 4374 homin&
2243 4316 2390 4373 ”mil
2419 4333 2693 4392 quaerssrss
2723 4321 2775 4372 εἰ
2804 4314 3032 4372 salvum

411 4416 478 4468 ut
525 4415 808 4469 humanae
850 4412 1184 4484 fragilitatis
1228 4429 1444 4466 memor
1487 4412 1686 4467 mitius
1739 4404 1935 4477 facere
1979 4405 2130 4481 quod
2173 4406 2429 4480 perierat
2443 4425 2473 4476 ‚·
2516 4404 2779 4480 elogium
2824 4420 3030 4460 mona-

409 4503 577 4555 porro
604 4488 816 4556 ageret.
845 4484 993 4539 Hinc
1005 4484 1400 4539 etabHentico
1412 4484 1490 4538 IV
1507 4487 1689 4540 multa

410 4559 496 4610 est
519 4574 719 4627 passus
745 4561 792 4629 (†
818 4562 867 4612 6.
887 4556 1018 4610 Dec.
1043 4559 1217 4626 1077).
1244 4554 1442 4609 Plures
1467 4558 1692 4610 exstant

410 4629 533 4695 ejus
557 4627 630 4682 ad
660 4628 996 4699 Gregorium
1027 4626 1128 4680 VII
1155 4630 1213 4681 et
1237 4627 1410 4696 hujus
1436 4625 1687 4682 vicissim
1838 4632 1872 4699 ¹)
1925 4628 2008 4683 Cf.
2070 4628 2121 4681 H
2138 4645 2166 4683 e
2186 4628 2334 4682 fele
2397 4625 2884 4695 Conciliengesch.
2950 4625 3026 4677 IV

411 4698 480 4751 ad
531 4698 722 4770 ipsum
774 4704 1037 4767 epistolae.
1110 4698 1193 4753 Cf.
1258 4697 1301 4750 Ε
1319 4717 1452 4769 ggs
1516 4699 1688 4769 Purp.
1744 4709 1772 4767 5
1801 4706 1933 4760 533;
1978 4699 2121 4754 Hist.
2150 4700 2222 4754 lit
2269 4699 2386 4764 VII,
2411 4705 2676 4758 431·438;
2723 4695 2790 4749 W
2809 4711 2837 4748 e
2856 4712 2981 4749 rne
3000 4714 3027 4748 r

411 4769 609 4824 doctae
636 4771 678 4835 Ι,
703 4776 930 4827 37-39.
1745 4770 1986 4826 Gerbert
2012 4779 2311 4828 286—288.
