3505 5161
382 235 407 287 1
422 234 455 287 8
464 235 496 287 5
1166 212 1306 285 Ejus
1332 232 1504 286 opera
1529 217 1824 288 exegetica
1851 222 1909 272 et
1933 218 2192 273 moralia.
2867 239 2985 294 186

465 409 563 465 98.
580 401 960 460 Praecellunt
972 403 1101 478 ejus
1118 418 1299 476 opera
1317 422 1374 460 m
1391 421 1468 461 or
1482 403 1552 460 al
1568 403 1650 475 ia,
1805 413 1837 463 9
1851 415 1903 465 9.
1935 404 2179 463 Praeter
2195 422 2506 475 sermones,
2530 423 2600 463 ex
2621 406 2841 481 quibus
2861 406 2990 483 ple-

371 490 703 567 cujusmodi
768 492 913 550 sunt
971 490 1113 548 libri
1156 496 1280 549 tres
1324 493 1393 549 de
1442 494 1653 567 officiis
1704 511 1889 568 ¹raque
1939 511 1985 554 a.
2035 492 2334 552 Ambrosii
2394 493 2743 568 prodierunt
2792 514 2989 571 opera,

371 580 777 638 ministrorum
807 579 930 639 scil.
961 580 1311 646 clericorum
1326 580 1390 662 1),
1424 582 1486 639 in
1516 581 1651 655 qui·
1706 600 1848 656 prae
1908 581 2119 657 primis
2167 583 2529 641 memorandi
2574 583 2766 642 adhuc
2814 588 2988 644 sunt:

371 668 481 727 bus
533 668 935 739 Ciceronis
980 669 1066 727 de
1117 668 1422 728 officiis
1468 669 1651 729 libros
1705 670 1909 728 Sermo
1956 678 2157 730 contra
2203 672 2563 731 Auxentium
2613 672 2686 731 de
2731 673 2992 743 basilicis

370 756 699 834 sequendos
720 757 840 818 sibi
857 758 1171 834 proposuit
1198 762 1379 834 atque
1398 758 1652 818 feliciter
1704 758 2010 818 tradendis
2045 753 2121 841 (a.
2156 758 2328 840 386),
2379 760 2445 819 in
2475 778 2594 836 quo
2626 760 2988 838 intrepidam

369 846 779 924 sagaciterque
810 849 904 906 est
921 849 1253 911 assecutus.
1283 881 1372 891 -—
1403 850 1651 908 Amator
1704 848 1888 907 animi
1936 847 2353 908 fortitudinem
2399 850 2662 909 ostendit
2705 849 2989 910 adversus

367 935 596 995 zelosus
642 935 1009 1013 virginitatis
1058 937 1209 996 hanc
1239 936 1473 996 iteratis
1504 936 1649 996 vici·
1704 936 1982 996 «Iustinae
2014 938 2408 1013 imperatricis
2440 938 2681 999 Arianis
2713 958 2819 1015 pro
2838 939 2986 998 viri·

368 1023 481 1083 bus
512 1024 910 1102 pluribusque
940 1026 1309 1085 sermonibus
1341 1025 1648 1102 depraedi-
1703 1025 1819 1085 bus
1868 1026 2300 1102 patrocinantis
2350 1045 2550 1098 ausus,
2603 1045 2738 1086 cum
2787 1028 2880 1087 vel
2926 1028 2988 1087 vi

367 1116 476 1185 cat,
522 1114 896 1173 commendat
938 1115 1289 1190 extollitque
1332 1117 1503 1174 tanto
1532 1115 1649 1173 fer·
1702 1119 1929 1173 armata
1945 1115 2131 1174 vellet
2147 1115 2459 1175 haereticis
2488 1116 2811 1188 basilicam,
2835 1136 2988 1193 quae

367 1221 505 1261 vore
537 1205 601 1261 et
630 1202 853 1274 fructu,
903 1208 974 1262 ut
1021 1204 1242 1263 multas
1291 1204 1521 1281 puellas
1552 1205 1649 1263 vel
1703 1204 2014 1263 dicebatur
2060 1223 2254 1273 ,nova
2269 1212 2316 1276 ‘‚
2360 1205 2610 1264 tradere.
2674 1206 2874 1264 Sermo
2920 1208 2985 1263 in

367 1309 435 1350 ex
495 1292 739 1351 remotis
789 1292 1136 1369 regionibus
1197 1293 1271 1352 ad
1318 1293 1647 1353 vovendam
1703 1294 2083 1351 translatione
2112 1294 2497 1371 reliquiarum
2527 1313 2601 1357 ss.
2638 1293 2904 1353 Ger-vasii
2934 1302 2987 1354 et

372 1380 780 1457 virginitatem
801 1381 1124 1453 induxerit,
1141 1385 1479 1457 matresque
1494 1382 1644 1441 filia·
1704 1382 1979 1457 Protasii,
2000 1400 2150 1457 quas
2166 1381 2271 1441 illo
2288 1383 2704 1459 angustiarum
2717 1386 2985 1459 tempore

367 1470 478 1528 bus
508 1487 631 1529 non
659 1470 1080 1545 permitterent
1110 1471 1317 1529 audire
1348 1471 1647 1531 Ambrosii
1702 1470 1825 1530 Deo
1876 1470 2174 1529 revelante
2205 1472 2442 1546 reperit.
2503 1472 2575 1529 In
2619 1490 2687 1530 eo
2732 1471 2985 1548 gloriam

366 1558 822 1619 exhortationes.
862 1559 949 1617 Ex
980 1560 1071 1623 his
1105 1560 1479 1620 sermonibus
1510 1579 1644 1636 pro·
1702 1562 2042 1618 sanctorum
2073 1559 2226 1618 fusis
2257 1560 2540 1619 laudibus
2572 1561 2847 1632 celebrat,
2874 1560 2980 1619 mi·

366 1647 606 1706 dierunt
636 1648 700 1706 ll.
743 1650 867 1708 tres
912 1650 980 1707 de
1022 1650 1343 1725 viryinibus
1385 1650 1459 1708 ad
1491 1652 1644 1708 Mar·
1701 1649 1904 1707 racula
1933 1667 2039 1724 per
2069 1649 2217 1708 istas
2247 1649 2532 1723 reliquias
2582 1652 2814 1725 patrata
2844 1668 2983 1708 nar-

364 1737 634 1795 cellinam
667 1755 946 1809 sororem,
970 1738 1041 1797 de
1061 1757 1180 1815 quo
1201 1756 1380 1813 opere
1412 1758 1458 1802 s,
1478 1738 1645 1799 Hie·
1700 1740 1797 1796 rat
1826 1741 2007 1813 atque
2037 1737 2307 1797 defendit
2335 1737 2648 1814 plebisque
2667 1739 2896 1797 animos
2916 1738 2984 1797 in

365 1844 736 1901 ronymus
784 1845 877 1901 ep.
915 1835 992 1888 22
1045 1846 1103 1890 n.
1141 1835 1254 1890 22:
1320 1828 1551 1896 ‚Tanto
1584 1846 1647 1888 se
1702 1845 1868 1901 spem
1928 1826 2123 1904 erigit.
2168 1860 2256 1870 ——
2305 1826 2636 1885 Consolatio
2698 1828 2767 1885 dc
2826 1828 2982 1886 obitu

364 1914 574 1973 effudit
603 1915 857 1991 eloqui0,
890 1919 963 1974 ut
992 1915 1288 1993 quidquid
1333 1917 1405 1975 ad
1438 1917 1644 1976 laudes
1714 1914 2125 1990 Valentiniani,
2158 1915 2224 1974 in
2253 1935 2372 1990 qua
2400 1916 2588 1974 vitam
2607 1919 2669 1974 et
2692 1916 2981 1975 virtutem

362 2003 668 2080 virginum
699 2004 975 2079 pertinet,
1009 2006 1374 2081 exquisierit,
1407 2025 1642 2083 expres-
1691 2003 1937 2080 juvenis
1988 2004 2170 2080 hujus
2221 2005 2594 2080 imperatoris
2644 2024 2678 2062 a
2727 2004 2983 2075 Maximo

360 2092 519 2163 serit,
567 2093 919 2156 ordinarit‘
965 2095 1037 2153 In
1081 2096 1119 2152 l.
1174 2107 1225 2157 1.
1272 2113 1317 2157 s.
1351 2097 1642 2173 Agnetem
1698 2096 2121 2168 usurpatores.
2140 2094 2354 2152 aetatis
2379 2103 2476 2158 20.
2498 2094 2780 2153 trucidati
2794 2089 2979 2175 (392)

362 2182 663 2256 tamquam
707 2183 1009 2258 exemplar
1053 2184 1340 2255 celebrat;
1385 2186 1450 2243 in
1497 2194 1553 2247 2.
1586 2185 1641 2244 b.
1697 2184 1917 2252 narrat,
1952 2200 2242 2258 spemque
2273 2183 2553 2242 enunciat
2596 2185 2804 2241 votum
2835 2184 2981 2259 bap·

361 2270 580 2328 Mariae
612 2274 674 2329 et
705 2287 751 2332 s.
783 2270 1029 2331 Theclae
1061 2274 1324 2350 exempla
1342 2275 1640 2350 proponit3
1696 2270 1864 2330 tismi
1908 2264 2073 2352 (nam
2117 2271 2383 2331 nondum
2428 2272 2758 2347 baptizatus
2803 2268 2982 2353 obiit)

360 2358 425 2416 in
442 2360 1037 2435 3.praeceptatradit.
1053 2361 1426 2421 -Proxime
1437 2363 1510 2421 ad
1522 2364 1642 2422 vir·
1696 2360 1815 2436 ipsi
1846 2361 2173 2436 profuisse3
2206 2360 2403 2419 Oratio
2422 2362 2491 2419 de
2509 2360 2662 2419 obitu
2683 2361 2981 2420 Theodosii

359 2447 672 2524 ginitatem
705 2448 980 2507 accedere
995 2450 1310 2510 viduitatis
1323 2452 1640 2527 professio·
1698 2445 1774 2529 (a.
1811 2445 1984 2530 395),
2017 2450 2080 2508 in
2124 2469 2246 2526 qua
2289 2452 2351 2507 et
2395 2449 2577 2524 hujus
2609 2449 2982 2525 imperatoris

357 2554 513 2613 nem,
549 2555 782 2598 necnon
801 2539 1175 2600 matrimonio
1190 2540 1365 2618 longe
1380 2542 1640 2617 praecel·
1693 2538 1950 2598 virtutes
1982 2538 2245 2598 encomio
2278 2538 2680 2616 prosequitur.
2718 2538 2978 2616 Utraque

359 2625 477 2685 lere
508 2627 772 2685 ostendit
802 2629 868 2687 in
899 2629 940 2687 l.
971 2630 1041 2686 de
1063 2631 1268 2693 viduis.
1314 2630 1640 2706 Utriusque
1694 2628 1885 2686 oratio
1917 2631 2195 2687 censetur
2243 2628 2497 2691 classica.
2529 2663 2617 2672 —
2648 2629 2781 2687 Huc
2812 2647 2979 2705 spec-

358 2715 555 2790 operis
585 2717 778 2775 veluti
808 2718 1101 2793 appendix
1146 2724 1241 2778 est
1283 2719 1438 2778 alius
1471 2719 1636 2790 liber,
1693 2719 1828 2776 tant
1858 2718 1919 2775 et
1963 2717 2025 2774 ll.
2062 2726 2095 2778 2
2150 2719 2217 2775 de
2265 2736 2491 2776 excessu
2523 2716 2726 2792 Satyri
2772 2717 2976 2775 fratris

357 2822 533 2879 quem
593 2804 830 2865 malunt
889 2806 1148 2866 editores
1198 2808 1521 2868 inscribere
1570 2810 1639 2867 de
1694 2805 1806 2877 sui,
1840 2806 1983 2880 quia
2014 2809 2159 2864 sunt
2189 2806 2429 2864 nonnisi
2461 2823 2761 2864 sermones
2792 2806 2974 2882 lugu-

355 2896 701 2973 viryinitate.
782 2895 1067 2971 Sequitur
1141 2897 1210 2955 de
1283 2899 1639 2957 institutione
1694 2893 1847 2964 brea,
1883 2913 2138 2968 quorum
2173 2903 2228 2956 2.
2261 2894 2611 2953 inscribitur
2641 2895 2711 2951 de
2739 2895 2852 2967 fide
2881 2914 2971 2952 re-

358 2985 600 3060 virqinis
647 2986 711 3041 et
756 3001 801 3042 s,
847 2984 1063 3043 Mariae
1107 2986 1457 3062 virginitate
1505 3006 1638 3062 per·
1690 2984 2067 3041 surrectionis
2083 2979 2145 3062 l).
2209 2983 2518 3041 Sermones
2569 2985 2692 3041 tres
2740 2983 2805 3040 in
2834 2984 2978 3044 Luc.

357 3075 565 3147 petua;
643 3072 990 3131 &hortatio
1082 3075 1449 3152 viv-finitatis.
1548 3076 1637 3134 De
1702 3081 1797 3143 12,
1836 3080 1948 3134 33:
1996 3071 2228 3130 Vendite
2274 3073 2489 3147 omnia,
2541 3089 2687 3147 quac
2712 3073 2973 3146 posside-

358 3161 528 3236 lapsu
602 3163 846 3238 viryinis
920 3170 1279 3223 consecratae
1370 3163 1636 3243 (nomine
1690 3163 1766 3219 tis
1796 3168 1846 3218 et
1878 3161 2010 3218 date
2039 3162 2446 3236 eleemosynam
2483 3179 2518 3218 a
2562 3159 2634 3217 de
2680 3161 2972 3219 corrie-

356 3245 686 3332 Susannae)
732 3250 1046 3310 admonitio
1076 3253 1391 3311 vehemens
1423 3273 1458 3311 a
1485 3272 1634 3313 non·
1688 3250 1798 3308 ris
1831 3270 1881 3309 a.
1922 3257 2081 3312 1834
2117 3249 2339 3325 reperti
2372 3245 2463 3331 (in
2482 3248 2571 3307 ed.
2593 3248 2879 3307 Ballerini
2902 3249 2970 3321 V,

354 3339 536 3398 nullis
594 3338 890 3398 tribuitur
938 3339 1262 3400 Nicetae
1326 3343 1635 3401 Daciarum
1702 3334 2071 3418 195—222)
2103 3339 2351 3397 minoris
2402 3340 2548 3397 sunt
2578 3338 2860 3397 momenti
2911 3339 2974 3396 et

355 3428 644 3504 episcopo,
695 3428 792 3487 vel
840 3446 886 3489 s,
938 3428 1424 3506 Hieronymo,
1478 3433 1635 3489 Am·
1688 3428 1861 3486 valde
1892 3426 2080 3486 dubii.

354 3517 619 3576 brosio
650 3517 724 3575 ab
756 3517 892 3575 aliis
924 3519 1237 3590 asseritur;
1277 3521 1452 3594 juxta
1496 3522 1632 3578 Mo-

353 3606 472 3664 rin
517 3609 581 3664 et
627 3605 1187 3666 Bardenhewer
1236 3609 1634 3667 substantiam
1786 3617 1926 3669 100.
1961 3605 2311 3680 Sequuntur
2354 3606 2622 3681 epistolae
2662 3600 2799 3687 (91)
2833 3624 2976 3665 vere

353 3694 402 3752 si
450 3697 680 3770 spectes
730 3698 826 3754 est
873 3696 1193 3767 Ambrosii,
1244 3697 1348 3756 sed
1396 3716 1517 3757 non
1565 3717 1634 3757 ea
1687 3695 1998 3770 pretiosae,
2051 3695 2211 3754 lectu
2260 3693 2646 3771 dignissimae
2678 3697 2739 3753 et
2770 3694 2969 3754 utilis-

351 3782 554 3855 forma,
586 3803 706 3861 qua
735 3783 909 3843 modo
939 3787 1198 3860 prostat:
1233 3789 1326 3844 est
1354 3786 1507 3845 forte
1528 3805 1631 3846 cu·
1687 3784 1885 3854 simae,
1918 3784 1983 3842 in
2030 3783 2251 3859 quibus
2297 3783 2734 3842 lucidissimum
2777 3784 2971 3842 virtu-

341 3873 582 3948 jusdam
613 3871 923 3943 auditoris,
958 3874 1064 3949 qui
1082 3874 1379 3933 Ambrosii
1412 3893 1630 3934 sermo·
1687 3876 1818 3929 tum
1867 3871 2255 3946 pastoralium
2306 3871 2369 3929 in
2415 3890 2461 3930 s.
2510 3871 2822 3931 Ambrosio
2870 3890 2971 3930 ex·-

349 3980 488 4020 nem
520 3961 710 4020 literis
730 3961 1185 4039 consignaverit.
1215 3963 1455 4022 Codices
1472 3964 1632 4023 enim
1686 3960 1930 4018 hibetur
1988 3961 2355 4034 exemplum:
2436 3960 2608 4036 quasi
2658 3978 2970 4018 commune

349 4068 555 4110 omnes
615 4068 737 4109 uno
798 4051 1114 4111 recentiori
1174 4054 1418 4127 excepto
1469 4053 1633 4111 stant
1688 4049 1785 4108 sui
1814 4048 2000 4108 seculi
2034 4047 2338 4106 oraculum
2369 4052 2688 4123 comparet,
2733 4049 2828 4106 cui
2874 4050 2971 4106 vel

346 4157 455 4217 pro
486 4157 535 4198 s.
566 4139 895 4210 Ambrosio,
948 4140 1052 4198 sed
1084 4143 1330 4199 notatur
1360 4141 1485 4199 stili
1516 4140 1629 4199 dif-
1685 4137 1984 4214 principes
2032 4136 2273 4210 negotia
2321 4136 2772 4195 committebant
2831 4154 2968 4210 gra·

346 4229 604 4288 ferentia
633 4231 695 4287 et
728 4228 1012 4287 severitas
1035 4229 1387 4288 Novatianis
1407 4230 1628 4291 favens.
1685 4226 1944 4286 vissima.
1977 4225 2141 4282 Inter
2169 4241 2267 4282 eas
2299 4224 2447 4282 aliae
2480 4227 2621 4282 sunt
2651 4224 2972 4282 historicae

344 4318 521 4377 Liber
551 4318 633 4376 od
661 4318 937 4395 viryinem
968 4319 1223 4377 devotam
1257 4319 1497 4394 spurius
1519 4320 1627 4383 est.
1685 4314 1887 4393 magni
1918 4312 2233 4383 momenti3
2281 4312 2429 4371 aliae
2474 4311 2840 4388 dogmaticae
2870 4312 2967 4371 vel

1686 4404 2049 4482 exegeticae3
2112 4401 2259 4461 aliae
2308 4400 2562 4461 morales
2623 4400 2720 4459 vel
2796 4401 2970 4460 fami·

420 4638 436 4672 ¹
486 4629 711 4684 Prodiit
749 4629 982 4685 seorsim
1021 4647 1158 4685 cura
1195 4630 1246 4682 K
1262 4647 1289 4684 r
1304 4647 1338 4682 a
1355 4629 1482 4684 bin
1557 4646 1585 4682 e
1601 4649 1630 4683 r
1767 4631 1801 4688 Γ)
1829 4626 2171 4681 Prodierunt
2195 4622 2617 4679 accuratissime
2628 4639 2764 4676 cura
2776 4607 2970 4678 Caroli

346 4635 648 4773 Tnssingen
679 4703 816 4758 1857
861 4704 919 4756 et
947 4702 1072 4770 jam
1111 4706 1277 4758 antea
1305 4701 1368 4754 R.
1397 4701 1459 4755 Ο.
1553 4701 1628 4757 il·
1682 4699 1818 4753 Sch
1836 4714 1864 4750 e
1881 4697 2032 4780 9¹³¹.
2058 4697 2122 4752 in
2171 4695 2580 4761 Ambrosianis,
2626 4695 2779 4764 quod
2820 4711 2970 4766 opus

350 4773 383 4826 b
397 4773 427 4828 e
441 4792 470 4826 r
485 4774 545 4829 ti
571 4773 799 4844 Lipsiae
832 4779 985 4830 1839.
1683 4771 1835 4824 infra
1862 4771 2183 4823 citabimus.
