3505 5161
1293 229 1600 301 Philippus
1625 230 1749 295 sid„
1777 229 2085 285 Palladius.

370 244 485 299 321
2863 248 2987 303 322

367 413 584 473 misera
613 432 724 490 per
741 416 1039 475 transacta
1056 418 1217 476 retro
1250 417 1450 477 secula
1480 435 1649 492 repe·
1705 418 1907 475 autem
1967 415 2108 475 libri
2169 415 2374 492 plures
2426 416 2736 475 continent
2778 419 2991 491 tomos,

367 503 615 574 rissem,
680 504 951 563 ordinato
1001 505 1263 565 breviter
1324 506 1650 565 voluminis
1704 504 1850 565 adeo
1882 508 1955 564 ut
1987 505 2167 564 simul
2188 522 2392 564 omnes
2417 505 2543 564 sint
2560 506 2991 581 propemodum

368 595 541 652 textu
571 593 1000 669 explicarem‘:
1046 597 1119 654 ut
1162 595 1417 672 legimus
1459 595 1524 653 in
1557 612 1650 671 op.
1706 593 1873 652 mille
1903 612 2168 654 numero.
2232 597 2669 671 Argumentum
2700 614 2842 655 vero
2888 614 2990 655 cu·

368 682 702 757 prooemio:
751 685 930 759 atque
974 684 1061 742 ita
1105 683 1370 745 ostendit
1415 684 1650 761 ,magis
1696 684 1923 759 jusque
1940 683 2090 741 tomi
2111 683 2308 759 ipsum
2328 686 2554 743 tomum
2576 684 2992 761 magnitudine

369 771 732 831 christianae
794 772 1204 832 observantiae
1264 791 1391 833 esse
1407 815 1422 846 ,
1490 773 1652 850 quod
1707 772 2107 847 adaequat...
2139 772 2380 831 Variam
2400 790 2575 848 porro
2597 772 2992 832 eruditionem

369 862 572 920 contra
604 860 886 920 meritum
918 879 1095 921 suum
1139 879 1236 923 res
1275 881 1520 922 romana
1550 862 1652 921 ad·
1706 862 1769 920 in
1801 862 1861 919 id
1893 879 2044 936 opus
2093 862 2410 938 congessit,
2464 862 2608 920 dum
2637 861 2827 921 videri
2860 863 2993 922 vult

370 950 486 1008 huc
517 949 763 1009 duraret
791 953 854 1010 et
882 968 1027 1026 pace
1047 950 1317 1011 culturae
1336 952 1446 1011 Dei
1478 970 1652 1027 paca·
1707 949 2251 1026 philosophicarum
2313 951 2766 1027 disciplinarum
2833 951 2993 1010 haud

368 1042 501 1097 tum
545 1042 782 1098 teneret
823 1039 1140 1115 imperium
1175 1039 1652 1121 (Gennadius
1709 1058 2010 1115 quaquam
2060 1056 2285 1116 expers.
2368 1039 2625 1099 Proinde
2673 1042 2991 1117 geometri-

368 1145 415 1186 c.
453 1122 622 1209 39).‘
688 1128 971 1188 Perducit
1003 1131 1206 1189 autem
1237 1129 1542 1191 historiam
1580 1129 1654 1188 ad
1708 1146 1911 1188 corum
1973 1132 2036 1187 et
2085 1129 2613 1189 astronomicorum
2662 1129 2990 1188 theorema-

369 1235 419 1275 a.
455 1226 600 1279 417.
667 1217 810 1276 Cum
855 1221 995 1293 post
1038 1217 1197 1277 hunc
1226 1238 1276 1281 a.
1311 1219 1503 1279 Orosii
1533 1237 1653 1278 non
1706 1220 1859 1289 tum,
1900 1216 2408 1277 arithmeticorum
2441 1236 2682 1294 quoque
2710 1237 2777 1278 ac
2805 1219 2993 1278 musi-

368 1305 628 1382 amplius
675 1306 780 1365 fiat
823 1306 1063 1377 menti0,
1109 1308 1351 1367 videtur
1380 1327 1517 1368 eum
1549 1327 1653 1384 pa·
1708 1325 1913 1366 corum
1961 1306 2183 1382 passim
2231 1306 2595 1370 mentionem
2644 1307 2803 1366 facit.
2877 1310 2992 1367 De-

367 1414 501 1454 rum
534 1398 672 1471 post
701 1414 750 1456 a.
785 1404 911 1459 417
948 1395 1186 1456 obiisse.
1251 1397 1454 1474 Magni
1498 1398 1653 1457 facta
1709 1395 1921 1456 scribit
1963 1396 2109 1455 item
2155 1395 2386 1455 insulas
2433 1399 2496 1455 et
2539 1400 2773 1458 montes
2812 1399 2993 1471 atque

365 1483 486 1542 suit
546 1484 690 1543 haec
747 1484 944 1560 prima
1001 1485 1249 1545 historia
1298 1486 1654 1546 universalis
1708 1484 1966 1555 arbores,
2037 1487 2100 1544 et
2147 1484 2261 1543 alia
2308 1485 2600 1561 quaedam
2650 1486 2820 1561 parvi
2867 1504 2992 1544 mo-

366 1572 692 1635 christiana
734 1572 930 1632 medio
976 1592 1119 1633 aevo
1162 1574 1417 1650 ideoque
1448 1576 1648 1634 admo·
1709 1574 1915 1632 menti.
1980 1574 2147 1633 Unde
2192 1591 2343 1649 opus
2391 1574 2589 1633 laxum
2633 1573 2896 1633 reddidit
2927 1593 2993 1634 ac

365 1661 508 1721 dum
542 1662 661 1721 fuit
688 1662 918 1722 diffusa.
968 1663 1037 1721 In
1068 1662 1324 1740 decreto,
1360 1664 1519 1739 quod
1541 1665 1651 1723 Ge-
1710 1663 2010 1722 solutum:
2043 1682 2111 1723 ac
2141 1662 2393 1738 proinde
2425 1663 2616 1722 doctis
2649 1663 2872 1739 pariter
2902 1668 2992 1723 at-

365 1751 513 1811 lssio
534 1749 848 1823 tribuitur,
883 1752 1171 1828 legimus:
1208 1752 1528 1822 ¹,Orosium
1561 1753 1653 1812 vi·
1708 1771 1826 1828 que
1859 1751 2132 1822 indoctis,
2175 1755 2247 1812 ut
2276 1752 2425 1810 mihi
2458 1752 2698 1828 quidem
2731 1752 2990 1833 videtur,

366 1859 499 1899 rum
546 1840 1023 1900 eruditissimum
1069 1841 1495 1911 collaudamus,
1548 1841 1653 1918 qui
1708 1841 1928 1900 inutile
1959 1841 2111 1900 illud
2145 1841 2352 1904 effecit.
2419 1841 2571 1899 Nam
2602 1841 2827 1900 indocti
2860 1843 2993 1917 qui-

368 1928 542 1988 valde
572 1929 747 1989 nobis
778 1929 1170 1989 necessariam
1218 1931 1502 1991 adversus
1547 1950 1651 2007 pa·
1709 1930 1841 1989 dem
1889 1929 2170 1989 dictionis
2201 1932 2475 1989 ornatum
2507 1931 2842 2007 perspicere
2873 1950 2993 1990 non

365 2035 660 2095 ganorum
678 2018 1004 2077 calumnias
1023 2018 1324 2079 ordinavit
1342 2019 1652 2079 historiam
1707 2020 1996 2095 possunt:
2043 2018 2203 2078 docti
2234 2036 2374 2078 vero
2404 2019 2642 2079 inanem
2674 2019 2993 2081 verborum

366 2106 637 2182 miraque
667 2106 963 2166 brevitate
1002 2108 1368 2169 contexuit.‘
1415 2109 1653 2184 Episto-
1706 2107 2125 2182 repetitionem
2169 2107 2564 2167 condemnant
2598 2158 2611 2172 .
2643 2157 2657 2171 .
2694 2160 2706 2172 .
2758 2111 2880 2186 Ego
2931 2110 2992 2169 id

367 2196 457 2254 lae
488 2198 551 2254 et-
581 2195 700 2254 alia
730 2196 998 2272 eJusdem
1018 2197 1306 2272 opuscula
1323 2198 1651 2274 perierunt.
1707 2214 1900 2255 unum
1946 2196 2093 2267 dico,
2141 2214 2344 2255 rerum
2389 2200 2694 2273 gestarum
2725 2202 2994 2273 tempora

369 2282 759 2353 Quaestiones
792 2286 860 2343 de
887 2285 1169 2344 fflnitatc
1189 2289 1251 2344 et
1269 2286 1404 2345 aliis
1424 2305 1473 2351 s,
1494 2286 1648 2345 Scri·
1708 2286 1784 2343 ab
1814 2303 1883 2344 eo
1915 2284 2201 2344 confundi
2234 2288 2388 2346 etc.‘
2449 2286 2780 2346 Photius
2812 2288 2992 2347 etiam

367 2376 581 2449 pturae
612 2374 776 2444 locis,
815 2374 1063 2434 Parisiis
1104 2384 1268 2439 1533
1288 2397 1303 2446 ς
1351 2375 1424 2434 de
1469 2374 1651 2435 lumi-

364 2462 613 2521 naribus
630 2462 922 2522 Ecclesiae
954 2466 1063 2522 etc.
1097 2467 1243 2522 sunt
1262 2465 1575 2541 supposita
1589 2460 1650 2546 ¹).

362 2551 700 2612 Ediderunt
730 2553 861 2628 ejus
893 2552 1204 2613 historiam
1234 2571 1368 2613 cum
1401 2553 1538 2614 aliis
1576 2552 1648 2612 li-

362 2641 537 2700 bellis
619 2644 853 2718 praeter
940 2642 1090 2703 alios
1164 2643 1220 2701 H
1236 2663 1270 2701 a
1285 2664 1320 2703 v
1336 2661 1368 2701 e
1386 2663 1418 2701 r
1431 2644 1471 2702 k
1487 2664 1522 2703 a
1539 2663 1593 2701 m
1610 2663 1648 2719 p

364 2729 645 2806 Lugduni
668 2732 793 2790 Bat.
825 2742 897 2794 17
906 2741 986 2796 38
1010 2731 1074 2790 in
1109 2741 1164 2794 4.
1186 2732 1275 2791 ed.
1306 2735 1648 2808 praestans;

369 2830 569 2889 1767;
667 2818 1259 2897 Zangemeister
1351 2822 1414 2880 in
1494 2840 1649 2898 corp.

363 2908 568 2984 script.
600 2907 735 2967 eccl.
766 2908 869 2967 lat.
900 2909 952 2968 V
983 2908 1247 2968 Viennae
1276 2919 1475 2980 18823
1508 2911 1647 2986 Lip-

362 2997 485 3056 siae
539 3006 704 3060 1889
725 3018 738 3067 ;
786 2997 1126 3059 Gallandi
1170 3002 1215 3056 t.
1254 2999 1362 3068 1X;
1411 2999 1650 3076 Migne

362 3085 423 3143 P.
455 3085 521 3144 L.
552 3089 596 3143 t.
632 3085 812 3144 XXXI
850 3095 1265 3150 635—1215.

459 3273 601 3325 174.
624 3263 1001 3340 Philippu
1018 3282 1046 3322 s
1077 3265 1272 3341 patria
1292 3265 1561 3324 Sidensis
1580 3266 1647 3324 in

361 3352 710 3429 Pamphilia‚
742 3352 1040 3423 diaconus,
1096 3354 1202 3422 ,in
1248 3354 1464 3414 studiis
1509 3354 1646 3413 lite-

360 3460 580 3512 rarum,
615 3443 687 3499 ut
718 3441 898 3500 refert
929 3441 1294 3501 Socrates
1325 3443 1398 3501 H.
1429 3444 1494 3502 Ε.
1513 3444 1643 3513 VII,

367 3537 466 3599 27,
515 3530 776 3589 multum
821 3548 1031 3605 operae
1082 3534 1143 3590 et
1188 3532 1411 3591 laboris
1442 3533 1648 3608 posuit

362 3620 685 3695 pluresque
731 3619 916 3679 omnis
960 3620 1194 3696 generis
1239 3620 1424 3679 libros
1466 3622 1645 3680 colle·

361 3708 455 3784 git
484 3753 498 3767 .
534 3752 547 3764 .
582 3753 595 3766 .
627 3707 781 3767 Nam
813 3711 876 3768 et
894 3707 935 3765 J
938 3708 1123 3769 uliani
1143 3709 1285 3785 imp.
1304 3709 1490 3769 libros
1510 3728 1649 3769 con-

362 3798 599 3869 futavit,
632 3800 693 3854 et
724 3801 1105 3883 χριστιανικὴ
1125 3793 1356 3881 ἱστορία
1376 3800 1645 3858 christia-

360 3905 498 3945 nam
547 3887 855 3946 historiam
909 3887 1244 3962 composuit
1295 3905 1342 3949 c.
1394 3908 1445 3946 a.
1500 3898 1577 3950 43
1589 3899 1645 3958 0,

361 3994 542 4051 quam
592 3976 656 4034 in
707 3975 769 4033 ll.
818 3975 1057 4035 XXXVI
1103 3975 1328 4036 divisit.
1411 3976 1647 4052 Singuli

441 4145 958 4216 ¹)Cf.M0e1-ner
998 4146 1067 4199 de
1109 4145 1297 4200 Orosii
1337 4146 1459 4200 vita.
1504 4146 1649 4215 ejus·

360 4233 472 4285 que
501 4216 870 4272 historiarum
899 4215 962 4270 ll.
990 4219 1023 4274 7
1061 4217 1334 4271 adversus
1375 4234 1645 4288 paganos,

358 4287 616 4342 Berolini
649 4296 813 4345 1844:
851 4290 909 4342 et
947 4289 1265 4359 generatim
1305 4288 1375 4342 de
1415 4293 1647 4343 auctore

359 4363 555 4413 nostro
626 4359 874 4430 Migne
954 4363 1012 4413 et
1079 4359 1648 4430 Zangemeister

360 4430 818 4502 insuisprolega
840 4430 1525 4498 Bardenhewer595
1542 4449 1598 4485 n.
1617 4439 1648 4486 2

362 4501 1140 4572 Fessler-Jungmann
1176 4509 1364 4568 §18oe
1402 4500 1647 4556 Fabri-

360 4573 527 4698 {Iius
575 4572 716 4628 bibl.
767 4574 866 4627 lat.
912 4578 1057 4629 med.
1103 4577 1211 4627 aet.
1259 4572 1354 4637 ΙΙΙ,
1406 4581 1505 4631 166
1546 4591 1614 4627 ss.

432 4644 748 4706 irschls

1707 2373 1834 2433 cod.
1858 2382 1937 2437 35
1975 2371 2261 2456 (Migne
2293 2374 2439 2445 0111,
2478 2371 2585 2455 68)
2619 2393 2769 2451 opus
2802 2379 2989 2446 notat,

1708 2502 1735 2533 ,
1752 2463 1913 2538 quod
1944 2463 2358 2522 ostentationis
2397 2463 2535 2538 plus
2569 2464 2784 2523 habeat
2813 2483 2992 2540 quam

1706 2552 2008 2614 utilitatis.
2025 2560 2053 2592 ‘
2102 2552 2243 2613 Ideo
2263 2551 2417 2612 forte
2438 2570 2590 2629 opus
2608 2554 2792 2630 periit
2821 2572 2991 2630 prae-

1705 2645 1801 2701 ter
1832 2661 2020 2718 pauca
2050 2642 2401 2719 fragmenta,
2453 2646 2526 2701 ut
2555 2662 2640 2702 ex.
2673 2662 2761 2720 gr.
2793 2644 2867 2702 de
2899 2661 2992 2702 ca-

1705 2731 2095 2791 techistarum
2164 2731 2683 2791 alexandrinorum
2760 2750 2988 2792 succes-

1704 2820 1871 2879 sione
1905 2815 2088 2900 (apud
2123 2819 2603 2879 Dodwellum
2648 2822 2709 2879 in
2757 2822 2897 2880 diss.
2930 2822 2992 2881 in

1705 2910 2040 2979 Irenaeum,
2107 2908 2367 2968 Oxoniae
2429 2918 2594 2972 1689
2658 2928 2789 2986 pag.
2842 2920 2989 2981 488,

1705 2996 1941 3072 aliaque
1989 2996 2150 3071 apud
2191 2998 2263 3056 de
2303 2998 2484 3056 Boor
2530 2998 2597 3056 in
2642 2998 2821 3057 Texte
2866 2998 2992 3058 und

1704 3086 1940 3144 Unters.
1969 3093 2153 3149 1888.
2186 3085 2238 3144 V
2258 3085 2397 3145 fasc.
2425 3095 2458 3148 2
2482 3105 2614 3164 pag.
2644 3084 2989 3170 165—84).

1806 3271 1942 3326 175.
1979 3261 2113 3320 Huc
2141 3262 2351 3322 referri
2383 3267 2638 3339 possunt
2682 3265 2799 3323 duo
2846 3265 2989 3323 scri-

1705 3354 1905 3428 ptores
1955 3352 2154 3410 coaevi
2202 3352 2444 3411 nomine
2492 3353 2872 3424 Palladii,
2938 3354 2991 3413 si

1705 3444 1908 3499 tamen
1938 3459 2058 3498 non
2092 3444 2237 3499 sunt
2254 3460 2415 3500 nnus
2435 3442 2712 3517 idemque
2726 3439 2791 3525 ¹).
2824 3443 2993 3502 Prior

1703 3529 2013 3588 familiaris
2105 3548 2151 3593 s.
2227 3530 2478 3590 Joannis
2571 3531 2988 3608 chrysostomi,

1704 3618 1945 3695 ignotae
2021 3618 2285 3678 civit-atis
2350 3620 2610 3679 Orientis
2656 3621 2988 3697 episcopus,

1707 3706 1813 3782 qui
1896 3710 2143 3783 propter
2215 3709 2539 3768 amicitiam
2605 3728 2741 3768 cum
2808 3711 2988 3787 Chry-

1703 3797 1963 3854 sostomo
2013 3797 2212 3855 multa
2263 3816 2479 3873 passus
2544 3799 2786 3857 Romam
2850 3817 2988 3859 con-

1703 3883 1865 3961 fugit
1896 3901 1942 3945 c.
1975 3904 2026 3947 a.
2062 3894 2212 3956 408,
2251 3887 2457 3962 ibique
2489 3886 2735 3961 pulchre
2768 3890 2828 3945 et
2859 3890 2989 3946 stu·

1706 3973 1869 4032 diose
1901 3973 2087 4031 vitam
2119 3992 2166 4032 s.
2196 3975 2492 4049 praesulis
2535 3979 2597 4034 et
2625 3975 2988 4052 tragoediam

1779 4148 1819 4216 ¹)
1847 4145 1911 4199 Id
1924 4143 2218 4225 probabile
2232 4147 2425 4197 censet
2438 4144 2483 4195 B
2499 4161 2533 4197 a
2549 4161 2576 4197 r
2591 4144 2628 4197 d
2645 4161 2674 4196 e
2691 4163 2729 4197 n
2745 4145 2784 4197 h
2801 4160 2830 4196 e
2848 4160 2899 4195 w
2917 4160 2945 4196 e
2961 4161 2989 4196 r

1703 4226 1729 4282 5
1757 4220 1829 4274 74
1852 4235 1907 4274 n.
1942 4224 2035 4275 18·
2077 4218 2147 4272 79
2187 4214 2249 4268 iu
2295 4224 2345 4279 4,
2386 4215 2647 4283 quamvis
2691 4215 2806 4268 duo
2851 4217 2989 4269 tunc

1704 4291 1858 4359 temp
1864 4288 1978 4342 oris
2004 4286 2223 4341 fuerint
2261 4285 2529 4350 Palladii,
2576 4303 2726 4340 unus
2766 4284 2988 4354 biogra-

1744 4361 1854 4413 hus
1883 4378 1923 4413 s.
1951 4360 2002 4413 J.
2030 4357 2179 4426 Chry
2183 4356 2412 4412 sostomi
2440 4359 2499 4410 et
2525 4357 2659 4411 sim
2677 4356 2752 4411 ul
2791 4361 2990 4410 auctor

1703 4380 2002 4485 historiae
2001 4429 2302 4495 lausiacae,
2323 4430 2466 4483 alter
2486 4427 2990 4498 helenopolitanus

1635 4502 2022 4634 episeopus.
2049 4500 2380 4556 Fessler-
2397 4499 2805 4580 Jungmann
2826 4507 2926 4564 §1
2902 4506 2985 4562 o‚3

1775 4574 2018 4629 irschl
2043 4573 2096 4626 II
2121 4581 2149 4639 g
2183 4580 2282 4628 159
2310 4574 2619 4643 praeeunte
2665 4570 2988 4624 Ceillier

801 4651 929 4704 183·
974 4644 1204 4699 Ebert
1242 4644 1346 4698 Il.
1388 4653 1419 4701 2
1459 4662 1505 4699 e.
1554 4653 1647 4709 16;
1704 4646 1851 4701 Hist.
1879 4662 2026 4715 g.en‚
2067 4644 2299 4697 Parisiis
2346 4650 2443 4699 185
2448 4650 2482 4698 8
2522 4640 2987 4711 t.V11.biogra-

362 4716 404 4769 P
421 4734 454 4770 o
472 4719 497 4769 t
512 4719 535 4769 t
552 4717 590 4769 h
606 4732 640 4768 a
657 4734 683 4769 s
697 4718 724 4769 t
749 4736 803 4787 p.
820 4723 941 4781 883,
970 4735 1007 4770 u
1016 4715 1101 4770 bi
1085 4716 1343 4771 invenies
1360 4715 1647 4771 versiones
1702 4718 1883 4787 phum
1879 4665 2299 4783 gchrysostomi
2342 4713 2715 4785 distinguunt
2750 4713 2822 4766 ab
2862 4729 2988 4766 auc-

362 4791 420 4842 et
445 4787 824 4843 literaturam.

581 4886 648 4931 Ηυ
656 4889 768 4940 rtet,
799 4885 866 4931 No
841 4898 999 4932 omem
991 4886 1124 4931 ·rlato
1152 4887 1168 4930 1
1197 4886 1269 4934 od.
1301 4886 1386 4933 111.

1702 4792 1827 4842 tore
1855 4786 2130 4841 historiae
2157 4786 2463 4841 lausiacae.

2569 4883 2588 4930 l
2605 4881 2629 4929 l
