3505 5161
441 233 555 285 541
802 213 1045 281 Cyrinus
1072 213 1409 283 scythopol„
1438 212 1855 280 Eutychianus.
1883 211 2231 275 Theodorus,
2259 210 2686 265 Constantinus.
2941 226 3060 279 542

437 400 621 459 vitam
683 400 988 475 professus
1049 404 1140 458 est
1208 400 1590 459 monasticam
1654 399 1717 456 in
1783 398 1906 455 und
1940 394 2268 479 Cyrillosl),
2315 397 2556 473 Leipzig
2595 407 2757 460 1890
2812 417 2870 472 p.
2915 406 3062 459 103-

438 489 799 548 monasterio
864 506 910 546 s.
962 488 1270 564 Euthymii
1324 484 1525 568 (544),
1579 488 1717 546 dein
1780 496 1900 549 113
1936 506 2070 546 cum
2101 489 2301 549 annot.
2342 497 2679 549 190-197
2700 509 2713 555 ;
2747 487 2898 544 hauc
2926 502 3063 543 cum

443 574 625 659 (555)
697 578 762 636 in
823 596 975 636 nova
1043 578 1212 635 laura
1272 577 1717 653 Hierosolymis,
1775 576 1896 636 vita
1946 596 1980 633 a
2029 577 2269 635 Paulo
2320 577 2542 652 scripta
2556 575 2602 653 ι)
2654 576 2716 633 in
2763 574 3062 633 Analectis

442 667 640 726 Vitam
672 666 867 726 finivit
897 666 959 724 in
979 685 1131 725 nova
1163 685 1208 725 s.
1243 666 1425 726 Sabae
1456 666 1625 724 laura
1655 665 1719 723 in
1777 666 1918 723 boll.
1954 665 2021 734 X,
2061 674 2262 730 73—1
2290 661 2444 748 18²).
2507 666 2631 724 Hae
2682 664 3063 741 biographiae

443 756 673 816 deserto
693 756 733 814 J
736 754 901 825 udae,
923 755 1074 814 forte
1089 774 1210 814 non
1225 754 1331 813 diu
1347 758 1485 831 post
1503 776 1552 817 a.
1576 765 1719 817 557.
1778 754 2035 812 multum
2073 756 2398 814 laudantur
2427 775 2461 813 a
2493 755 2856 825 sinceritate,
2891 771 3062 812 accu-

445 845 696 921 Scripsit
754 847 933 903 vitam
980 864 1025 901 s.
1077 845 1373 919 Euthymii
1433 839 1495 924 (†
1547 840 1721 924 473),
1777 845 2008 902 ratione
2041 844 2104 902 in
2149 846 2309 904 notis
2355 844 2803 922 chronologicis,
2839 841 3061 901 sobrie-

445 954 621 1010 quam
667 934 855 992 edidit
898 934 1245 992 Montfau
1266 952 1404 992 con
1448 934 1511 991 in
1563 935 1720 990 Ana·
1777 936 1923 1007 tate,
1987 934 2306 1008 prudentia
2366 938 2428 992 et
2489 933 2615 992 stili
2680 932 3063 1007 simplicitate

444 1024 612 1082 lectis
644 1023 869 1099 graecis
901 1022 1145 1081 Parisiis
1187 1032 1372 1085 1866.
1404 1024 1450 1091 I,
1494 1032 1721 1090 1——993
1783 1023 1977 1081 aliena
2020 1043 2055 1081 a
2100 1023 2236 1082 fuco
2268 1024 2582 1083 rhetorico.
2618 1054 2698 1065 ·-
2735 1022 3060 1080 Historiam

442 1114 769 1187 interprete
801 1112 971 1174 Gent.
1003 1111 1345 1169 Herveto
1376 1112 1439 1170 in
1469 1114 1601 1170 Act.
1625 1110 1721 1172 SS.
1773 1114 2160 1187 poenitentiae
2220 1120 2272 1171 et
2330 1113 2711 1172 conversionis
2770 1130 2814 1172 s.
2885 1110 3062 1168 Theo·

448 1212 545 1263 20.
567 1202 700 1261 Jan.
733 1200 807 1271 11,
835 1209 1179 1264 302—-328
1217 1196 1446 1282 (Mign
1465 1220 1495 1259 e
1531 1199 1721 1270 CXIV,
1775 1202 1923 1276 phili
1946 1197 2175 1282 (†538)
2194 1222 2397 1279 graece
2419 1205 2621 1260 narrat
2645 1201 2692 1259 Ε
2710 1200 3062 1275 utychia-

449 1300 791 1353 595--734
876 1291 1053 1364 juxta
1127 1289 1419 1349 Simeonis
1496 1290 1722 1349 Meta·
1781 1308 1917 1349 nus
1950 1290 2264 1351 adanensis
2313 1293 2444 1367 ejus
2488 1290 2749 1349 famulus
2796 1291 2859 1346 et
2890 1289 3061 1347 fami·

443 1380 791 1455 phrastis
816 1376 1465 1459 recensionem);vitam
1479 1399 1523 1442 s.
1540 1378 1726 1437 Sabae
1780 1380 1974 1437 liaris:
2039 1381 2170 1454 ejus
2231 1382 2426 1440 versio
2504 1383 2743 1438 auctore
2820 1378 3063 1436 Paulo

445 1465 509 1547 (†
542 1464 715 1549 532),
764 1487 944 1542 quam
989 1466 1236 1549 ediditl)
1282 1468 1631 1526 Cotelier
1661 1468 1723 1525 in
1781 1469 2026 1528 diacono
2077 1470 2403 1545 Neapoleos
2453 1464 2534 1550 (fl.
2570 1486 2680 1527 sec.
2712 1463 2819 1545 IX)
2874 1469 3065 1525 exstat

442 1558 592 1622 Eccl.
626 1578 714 1634 gr.
747 1575 903 1615 mon.
935 1557 1178 1616 Parisiis
1228 1567 1386 1621 1686
1422 1557 1527 1625 ΙΙΙ,
1568 1566 1721 1619 220-
1780 1558 1843 1616 in
1874 1560 2002 1618 Act.
2051 1558 2133 1622 St.
2182 1560 2348 1619 Febr.
2394 1560 2438 1628 Ι,
2490 1566 2857 1621 483—487.
2918 1556 3063 1613 Eam

451 1658 599 1718 3763
663 1664 870 1724 graece
945 1649 1007 1703 et
1068 1647 1362 1706 slavonice
1438 1646 1721 1705 Pomia-
1781 1649 2023 1706 metrice
2056 1647 2319 1708 reddidit
2349 1646 2759 1706 Marbodus
2793 1642 2852 1721 (†
2874 1653 3062 1714 1123;

447 1737 699 1795 lovski
733 1735 1099 1812 Petersburg
1124 1745 1324 1807 189ος
1357 1738 1534 1794 vitam
1552 1735 1722 1794 s.Jo-
1780 1736 1851 1795 cf.
1885 1736 2186 1800 Nomencl.
2220 1738 2298 1796 IV
2345 1738 2435 1802 ed.
2474 1746 2507 1797 2
2553 1755 2683 1813 pag.
2718 1730 2827 1815 45)
2877 1734 2941 1791 in
2972 1733 3063 1795 ed.

446 1827 618 1884 annis
650 1825 977 1883 Silentiarii
1022 1819 1085 1905 (†
1120 1820 1273 1905 558)
1321 1825 1386 1882 in
1428 1825 1593 1883 Actis
1627 1823 1723 1882 SS.
1782 1827 1911 1901 ejus
1971 1845 2103 1901 opp.
2166 1845 2287 1890 cur.
2349 1825 2752 1901 Beaugendre,
2815 1822 3060 1881 Parisiis

454 1923 549 1980 13.
597 1915 736 1989 Maji
787 1912 890 1980 ΙΙΙ,
933 1932 1024 1988 ap.
1070 1909 1391 1976 16*-21*
1426 1910 1635 1994 (latine
1667 1932 1724 1987 p.
1788 1923 1974 1978 1708.
2007 1948 2093 1958 -—
2126 1916 2372 1975 Theod
2394 1933 2572 1975 orus
2605 1915 2919 1988 episcopus
2940 1911 3059 1969 ico-

451 2000 855 2079 232—238);
907 2004 1081 2060 vitam
1112 2022 1158 2060 3.
1209 2003 1439 2078 Cyriaci
1473 1999 1535 2084 (†
1569 1997 1723 2081 556)
1781 2004 2007 2062 niensis
2041 1999 2123 2085 (fl.
2155 2005 2348 2064 medio
2381 2022 2494 2067 sec.
2516 2000 2639 2084 VI.)
2673 2000 2915 2076 scripsit
2933 2007 3062 2058 acta

451 2092 515 2149 in
546 2092 712 2150 Actis
745 2091 839 2152 SS.
888 2100 987 2153 29.
1023 2092 1181 2166 Sept.
1228 2092 1383 2162 vm,
1438 2101 1720 2154 147-159
1780 2112 1857 2151 ss.
1898 2095 2124 2166 Quirici
2156 2087 2482 2175 (Kerykos)
2515 2097 2577 2152 et
2601 2091 2875 2159 Julittae,
2910 2108 3062 2164 quae

453 2183 514 2239 et
542 2181 791 2257 Migne
823 2179 981 2249 CXV,
1018 2190 1386 2249 919-944,
1432 2180 1532 2239 sed
1577 2199 1725 2238 non·
1781 2182 1962 2241 habes
1994 2184 2057 2241 in
2089 2183 2255 2242 Anal.
2301 2182 2559 2242 bolland.
2601 2190 2785 2244 1882.
2819 2179 2862 2247 Ι,
2910 2188 3059 2240 192-

450 2269 569 2328 nisi
621 2271 796 2344 juxta
840 2269 1399 2345 Metaphrastis
1446 2274 1725 2328 retracta·
1786 2281 1930 2333 277.
1985 2305 2062 2315 —-
2117 2272 2334 2331 Eodem
2387 2273 2538 2331 forte
2586 2274 2852 2344 tempore
2917 2268 3063 2326 vixit

449 2358 689 2422 tionem
719 2359 788 2417 In
820 2360 934 2417 vita
973 2359 1273 2417 Theodosii
1304 2355 1366 2439 (†
1388 2353 1541 2439 529)
1577 2376 1724 2417 usus
1783 2361 2360 2421 Constantinus
2409 2361 2689 2419 diaconus
2737 2361 2798 2415 et
2831 2358 3060 2416 charto-

450 2453 542 2506 est
557 2447 749 2506 sobrie
765 2449 880 2505 vita
896 2449 1253 2524 panegyrica
1272 2468 1307 2505 a
1336 2449 1381 2507 T
1399 2449 1435 2506 h
1451 2466 1482 2505 e
1502 2467 1535 2507 o
1552 2447 1590 2506 d
1606 2465 1723 2506 oro
1780 2451 1998 2552 phylax
2043 2452 2322 2510 ecclesiae
2369 2447 3060 2522 constantinopolitanae,

448 2537 720 2638 episcopo
752 2538 960 2596 Petrae
993 2534 1066 2616 (c.
1093 2535 1243 2615 547)
1277 2537 1641 2607 concinnata,
1666 2538 1727 2595 et
1782 2541 1951 2616 cujus
1982 2541 2396 2618 panegyricam
2428 2540 2743 2600 orationem
2773 2536 2836 2595 in
2857 2553 3061 2595 omnes

447 2628 509 2685 in
541 2629 658 2685 vita
688 2627 959 2702 Theoynii
990 2627 1335 2686 beteliensis
1367 2630 1485 2686 vita
1517 2626 1722 2685 Pauli

446 2716 683 2775 oriundi
717 2735 785 2773 ex
819 2715 1066 2774 Hellade
1118 2716 1408 2775 clusensis
1454 2715 1722 2774 monachi

446 2805 506 2862 in
535 2805 832 2872 Idumaea,
857 2804 1184 2863 Silentiarii
1205 2806 1350 2863 dicti
1384 2802 1467 2884 (fl.
1487 2824 1533 2864 c.
1558 2804 1723 2881 526).

448 2894 616 2951 Illam
679 2894 861 2954 habes
921 2893 985 2951 in
1049 2894 1142 2951 Us
1165 2912 1302 2952 ene
1323 2912 1353 2950 r
1400 2895 1440 2955 l.
1504 2895 1619 2951 Der
1669 2894 1723 2951 h.

447 2982 822 3051 Theodosios,
889 2982 1183 3040 Schriften
1236 2983 1339 3040 des
1388 2981 1724 3040 Theodoros

524 3286 557 3336 ¹)
587 3277 691 3331 Die
714 3278 834 3331 vita
852 3277 1148 3346 Euthymii
1167 3279 1278 3332 und
1300 3275 1392 3330 die
1410 3277 1528 3329 vita
1544 3276 1724 3329 Sabae

444 3350 697 3417 gehoren
713 3368 782 3402 zu
800 3350 913 3405 den
929 3350 1429 3403 iuteressantesten
1447 3347 1563 3400 nnd
1581 3348 1725 3402 lehr-

448 3421 729 3475 reichsten
746 3421 1070 3490 Heiligenle
1080 3424 1203 3474 ben.
1232 3420 1417 3472 Ueber
1428 3420 1530 3472 das
1546 3418 1726 3472 orien-

451 3492 684 3545 talische
730 3492 1107 3546 Mouchthum
1152 3510 1248 3544 um
1290 3498 1394 3547 500
1444 3492 1547 3544 hat
1596 3506 1725 3544 man

450 3562 614 3616 keine
645 3565 901 3617 besseren
919 3563 1175 3628 Quellen.
1204 3562 1246 3615 L
1264 3580 1295 3616 o
1314 3579 1345 3615 ο
1364 3562 1392 3614 f
1403 3581 1427 3615 s
1454 3561 1726 3615 Leontius

448 3650 558 3686 von
586 3635 825 3702 Byzanz,
853 3635 1087 3705 Leipzig
1126 3641 1277 3690 1887.
1308 3667 1373 3674 —
1400 3635 1482 3686 lm
1512 3633 1726 3703 Gcgen·

450 3708 564 3758 satz
592 3723 661 3758 zu
689 3706 1019 3760 Theodorus
1066 3706 1183 3760 und
1213 3705 1423 3758 Paulus
1451 3704 1526 3758 ist
1552 3704 1726 3772 Cyril-

448 3776 533 3830 lus
545 3778 707 3830 nicht
718 3777 1121 3848 Panegyriker,
1139 3778 1384 3831 sondern
1401 3777 1726 3831 Geschicht·

453 3848 749 3902 schreiber.
803 3849 1041 3904 Obwohl
1092 3849 1255 3902 nicht
1306 3847 1412 3900 frei
1463 3864 1575 3901 von
1627 3847 1726 3900 der

448 3917 874 3975 Wundersucht
918 3921 1101 3974 seiner
1144 3920 1281 3983 Zeit,
1333 3918 1619 3972 erscheint
1668 3935 1729 3971 er

450 3990 667 4044 {lberali
693 4009 804 4044 von
832 3991 961 4045 dem
986 3993 1299 4045 lautersten
1323 3992 1559 4045 Streben
1581 3990 1726 4042 nach

448 4059 753 4115 Wahrheit
806 4066 1028 4126 beseelt,
1070 4063 1271 4116 scheut
1317 4063 1484 4116 keine
1537 4062 1725 4125 Mfihe,

449 4131 865 4204 Zuverliissiges
893 4154 962 4188 zu
990 4135 1303 4190 erkunden.
1334 4135 1451 4187 und
1480 4150 1725 4186 verwen-

447 4203 546 4257 det
570 4206 736 4259 dabei
763 4206 1163 4261 insbesondere
1203 4207 1310 4258 auf
1338 4205 1560 4258 Genaui
1605 4204 1728 4257 keit

448 4274 547 4327 der
573 4277 1081 4346 Zeitbestimmung
1108 4277 1232 4329 eine
1256 4275 1541 4345 peinliche
1589 4280 1726 4342 '·org

1781 2634 2070 2706 martyres
2118 2632 2338 2706 reperit
2384 2629 2691 2704 ediditque
2733 2626 2887 2684 card.
2921 2626 3061 2684 Mai

1783 2719 1979 2793 Spicil
2013 2739 2160 2778 rom.
2192 2720 2258 2782 X.
2294 2730 2374 2782 94
2423 2718 2590 2799 (inde
2621 2717 2867 2793 Migne
2899 2715 2960 2775 Ρ
2995 2715 3059 2772 G.

1779 2808 2140 2880 LXXXVIII,
2178 2802 2575 2889 489—529).
2607 2807 2676 2863 In
2709 2825 2776 2863 ea
2806 2824 2876 2863 ex
2908 2822 3060 2862 mar-

1781 2900 2000 2973 tyrum,
2066 2917 2215 2973 quae
2275 2896 2845 2956 circumferebantur
2893 2893 3058 2962 actis,

1781 2987 2162 3045 summariam
2202 2987 2500 3062 quandam
2550 2984 2828 3043 conficere
2860 2999 3059 3057 perse-

1779 3077 2087 3135 cutionum
2118 3075 2425 3134 historiam
2458 3074 2572 3133 sibi
2604 3077 2812 3131 auctor
2843 3089 3058 3145 propc-

1781 3166 1934 3223 suit:
1998 3166 2132 3223 exin
2182 3164 2557 3240 quaestiones
2620 3161 2781 3236 apud
2826 3160 3061 3218 ethnica

1780 3254 2109 3312 tribunalia
2128 3254 2459 3322 institutas,
2482 3269 2714 3311 necnon
2729 3252 3060 3324 martyrum

1781 3361 1915 3401 cum
1940 3343 2247 3418 judicibus
2268 3341 2708 3416 disputationes
2742 3339 2898 3396 haud
2932 3337 3060 3395 sine

1781 3432 2153 3507 eloquentiae
2214 3431 2420 3508 vigore
2497 3430 2751 3506 agitatas
2812 3427 3058 3485 referre:

1783 3540 1912 3580 mox
1946 3521 2258 3578 innumera
2278 3520 2647 3578 cruciatuum
2680 3535 2896 3594 genera
2927 3535 3061 3592 gra-

1784 3609 1950 3685 phice
1999 3627 2295 3683 exponere
2344 3609 2676 3681 miramque
2726 3607 3056 3680 martyrum

1782 3697 2188 3756 fortitudinem
2229 3696 2539 3766 celebrare,
2574 3714 2774 3772 preces
2825 3712 3062 3770 quoque

1781 3788 2042 3863 ipsorum
2075 3785 2147 3843 ad
2170 3786 2356 3844 Deum
2378 3803 2666 3860 opemque
2687 3784 3059 3858 impetratam

1781 3895 2036 3944 narrare,
2071 3874 2393 3949 epinicium
2426 3874 2681 3949 denique
2713 3872 2903 3931 veluti
2936 3891 3060 3929 car-

1783 3984 1917 4023 men
1949 3964 2255 4022 concinere
2288 3966 2348 4021 et
2367 3962 2628 4020 felicium
2653 3962 2923 4037 pugilum
2937 3962 3058 4036 jam

1782 4055 1941 4113 coelo
1991 4055 2366 4127 receptorum
2417 4050 2900 4109 intercessionem
2954 4067 3060 4124 pro

1861 4281 1895 4347 ι)
1924 4276 2005 4331 Cf.
2023 4277 2072 4329 J.
2091 4293 2203 4329 van
2219 4276 2330 4329 den
2357 4275 2401 4328 G
2419 4276 2458 4329 h
2475 4291 2505 4327 e
2521 4292 2556 4342 y
2574 4292 2612 4325 n
2634 4275 2713 4326 St.
2735 4271 3062 4340 Theognius

449 4345 569 4402 salt.
619 4348 783 4403 Seine
836 4350 1347 4416 Aufzeichnungen
1399 4346 1592 4400 bilden
1636 4348 1727 4398 fiir
1782 4349 1998 4417 eveque
2025 4349 2094 4401 de
2122 4347 2332 4402 Betelie
2364 4363 2432 4399 en
2465 4344 2750 4398 Palestine
2786 4343 2845 4395 in
2870 4342 3060 4396 Revue

449 4416 540 4471 die
587 4421 923 4474 Geschichte
962 4420 1059 4473 des
1101 4421 1159 4474 h.
1204 4419 1423 4471 Laudes
1468 4419 1586 4471 und
1627 4418 1726 4469 der
1781 4420 1878 4472 des
1907 4437 2001 4487 qq.

448 4488 655 4545 Kirche
688 4509 796 4545 von
823 4491 1135 4544 Jerusalem
1180 4491 1259 4543 im
1290 4500 1337 4544 5.
1367 4508 1421 4544 u.
1451 4497 1499 4546 6.
1526 4489 1724 4541 Jahrh.

2028 4420 2162 4473 hist.
2195 4424 2345 4474 1891.
2373 4418 2432 4482 L,
2462 4424 2627 4472 559-
2640 4419 2759 4472 576.

1856 4497 1894 4560 2)
1924 4491 2030 4544 <ed
2059 4492 2129 4544 cf.
2157 4490 2226 4544 de
2253 4490 2394 4554 cod„
2421 4505 2535 4556 quo
2564 4505 2700 4540 usus
2726 4488 2812 4540 est
2833 4485 3062 4548 Usener,

448 4559 573 4614 eine
622 4562 1046 4631 hochwichtige
1112 4561 1322 4625 Quelle.
1398 4561 1443 4613 B
1459 4578 1493 4614 a
1508 4578 1536 4613 ι·
1552 4561 1587 4613 d
1606 4577 1634 4612 e
1652 4579 1724 4611 n·
1780 4561 1830 4613 K
1846 4579 1875 4614 r
1891 4580 1926 4614 u
1944 4581 2000 4615 m
2020 4563 2056 4615 b
2070 4578 2105 4614 a
2122 4578 2150 4613 c
2170 4563 2205 4614 h
2223 4578 2252 4614 e
2269 4579 2296 4613 r
2336 4560 2576 4614 Studien
2618 4577 2685 4611 zu
2714 4560 2820 4611 den
2853 4557 3060 4620 Legen-

446 4631 597 4685 hew
615 4650 689 4687 er
732 4643 760 4699 5
810 4641 911 4688 104
953 4652 1007 4685 ιι.
1057 4642 1100 4688 1.
1156 4633 1237 4686 Cf.
1284 4632 1379 4684 ΕΙ]
1398 4633 1522 4685 rha
1544 4632 1623 4685 rd
1663 4631 1724 4683 in
1782 4634 1893 4687 den
1921 4634 2018 4686 des
2045 4633 2102 4685 h.
2130 4632 2506 4686 Theodosios:
2537 4631 2779 4697 Sitzung
2782 4627 3061 4682 aberichte

447 4701 660 4806 Iirum
682 4705 954 4758 bacher
1000 4704 1324 4760 Gesch.de1
1352 4705 1470 4771 byz.
1502 4704 1609 4756 Lit.
1638 4702 1722 4756 ed.
1779 4704 1880 4757 der
1905 4704 2111 4773 philos.
2115 4703 2412 4774 ·philolog.
2453 4703 2571 4756 und
2599 4648 2933 4754 hist.K1.in
2963 4698 3062 4750 der

450 4781 693 4841 29185

1777 4775 1834 4827 k.
1862 4776 2019 4844 bayr.
2048 4776 2157 4829 Ak.
2184 4775 2238 4828 d.
2264 4774 2354 4830 W.
2388 4780 2605 4844 1892p.
2631 4775 2928 4827 220-379
