3505 5161
400 258 521 312 973
957 240 1297 305 Frulandus,
1325 241 1704 311 Sigewardus,
1733 240 2075 305 Bernardus‚
2101 240 2437 295 Letselinus.
2884 260 3007 312 974

396 424 501 507 (96
514 438 722 490 5—-97
737 423 818 508 7),
854 445 1030 504 quam
1063 428 1462 486 narrationem
1484 427 1674 486 edidit
1726 427 1896 485 nensi
1919 421 1979 508 (†
2005 426 2213 503 1098),
2239 427 2311 485 de
2330 444 2448 502 quo
2468 425 2540 485 cf.
2560 426 2715 486 Hist.
2735 427 2826 485 lit.
2849 427 3005 496 VIII,

393 517 454 574 F.
487 517 556 580 X.
586 517 835 576 Kraus
868 517 1072 580 Jahrb.
1093 517 1199 575 der
1218 517 1449 579 Rheinl.
1468 516 1668 586 XLIV,
1731 524 2099 578 461—464.
2121 549 2206 558 -·
2238 515 2658 575 Letselinus
2683 512 3004 598 (Lezcelin)

406 616 763 669 167-170.
785 641 872 649 ——-
905 606 1330 683 Leodegarii
1355 602 1440 687 (S.
1461 602 1670 685 Leger)
1729 605 1793 663 O.
1816 608 1871 665 S.
1892 606 2037 664 Ben.
2069 606 2251 663 abbas
2273 605 2680 680 crispiacensis
2715 600 3006 687 (Crepyen

394 714 482 771 ep.
500 695 1043 772 augustodunensis
1061 690 1125 777 (†
1145 693 1299 777 678)
1319 698 1436 753 vita
1452 695 1672 770 scripta
1728 691 1926 753 Valois
1974 692 2010 762 †
2058 716 2115 771 p.
2174 690 2369 777 1031)
2429 694 2672 753 metrice
2722 694 3008 753 describit

396 785 470 843 ab
519 784 910 843 Frulando
960 784 1243 843 monacho
1293 784 1668 843 murbacensi
1741 783 1931 842 Vitam
1960 803 2005 841 ε.
2039 784 2337 859 Arnulphi
2368 784 2443 844 M.
2475 785 2537 841 et
2556 781 2708 842 forte
2729 802 2817 858 ep.
2838 786 3005 842 turo-

393 892 440 932 c.
485 882 637 936 1041
680 873 905 950 legitur
936 873 1094 949 apud
1140 873 1360 932 Pitra
1405 873 1668 932 Histoire
1723 872 1928 931 nensis
1965 866 2129 954 (ante
2161 873 2313 935 med.
2336 890 2447 931 sec.
2469 868 2577 953 VI)
2611 872 2674 930 in
2705 872 2873 930 Actis
2908 871 3005 931 SS.

393 963 465 1020 de
498 962 581 1021 St.
613 962 801 1039 Leger
830 982 887 1038 p.
924 971 1288 1026 527—568.
1321 997 1409 1006 -
1440 963 1500 1023 S.
1525 962 1667 1020 Mei·
1732 970 1827 1024 18.
1860 960 1982 1019 Jul.
2019 971 2402 1025 407—414z
2435 980 2555 1020 non
2586 962 2819 1036 integre
2846 960 3004 1036 apud

392 1051 589 1125 nolphi
621 1046 999 1133 (Meinulphi,
1036 1048 1396 1132 Mainulphi)
1437 1051 1668 1110 diaconi
1724 1050 1813 1109 W.
1863 1050 2056 1109 Hars
2074 1053 2196 1109 ter
2244 1050 2472 1109 Novem
2520 1051 2679 1110 vitae
2731 1049 2827 1112 SS.
2881 1069 3002 1108 me·

392 1141 668 1200 ecclesiae
701 1140 1196 1216 paderbornensis
1227 1145 1289 1200 et
1317 1140 1669 1200 confessoris
1725 1139 1931 1209 tricae,
1979 1139 2214 1215 Lipsiae
2269 1148 2430 1204 1888
2467 1159 2527 1215 p.
2561 1148 2884 1203 86—126.
2918 1172 3004 1182 -

395 1227 454 1310 (†
499 1248 545 1287 c.
596 1224 750 1310 857)
803 1232 940 1304 vita,
991 1249 1140 1305 quae
1190 1234 1285 1288 est
1327 1230 1668 1290 retractatio
1725 1229 2098 1305 Miraculum,
2144 1228 2441 1304 quoddam
2472 1249 2506 1287 a
2537 1229 2845 1287 Mansueto
2878 1228 3003 1302 epi-

392 1318 766 1394 antiquioris,
844 1318 1138 1377 tribuitur
1207 1318 1665 1395 Sigewardo,
1724 1336 1900 1393 scopo
1932 1317 2180 1376 tullensi
2213 1317 2404 1393 primo
2436 1315 2498 1396 (†
2532 1337 2579 1382 c.
2619 1328 2695 1380 57
2706 1315 2770 1398 5)
2803 1318 3003 1393 patra-

391 1408 497 1482 qui
542 1408 860 1483 conjicitur
909 1408 1095 1467 fuisse
1143 1408 1326 1467 abbas
1375 1408 1667 1467 fuldensis
1721 1409 1853 1466 tum
1913 1410 2117 1465 narrat
2179 1408 2460 1466 Petrus
2538 1407 2819 1466 diaconus
2878 1425 3003 1465 car·

395 1493 456 1579 (†
514 1493 725 1575 1043).
818 1497 900 1555 Ea
960 1498 1186 1574 legitur
1245 1498 1307 1555 in
1357 1497 1523 1556 Actis
1570 1497 1666 1556 SS.
1724 1496 1960 1567 dinalis,
1995 1496 2292 1555 Ecclesiae
2323 1514 2596 1555 romanae
2618 1496 3002 1554 cancellarius

394 1598 449 1649 5.
483 1586 606 1646 Oct.
641 1586 746 1656 111,
784 1595 1161 1656 209—2163
1213 1605 1281 1645 ex
1326 1590 1497 1662 parte
1542 1605 1663 1645 cur.
1726 1580 1790 1667 (†
1833 1580 2024 1667 1050)
2062 1586 2126 1644 in
2157 1587 2286 1647 Act.
2321 1585 2416 1645 SS.
2455 1595 2510 1649 3.
2544 1586 2701 1661 Sept.
2742 1597 2793 1656 1,
2846 1593 3002 1647 653-

392 1675 980 1753 Holder·Egger
1020 1676 1083 1734 iu
1128 1675 1254 1739 ΜΘ.
1303 1675 1398 1735 SS.
1433 1676 1552 1746 XV,
1611 1688 1662 1747 1,
1727 1683 1872 1738 655.

393 1772 761 1828 412—417.

1819 1917 1964 1970 544.
1997 1907 2323 1966 Historiam
2354 1926 2400 1968 s.
2439 1906 2641 1965 Veroni
2672 1877 2822 1969 conf.
2854 1906 3000 1964 lem-

487 2008 627 2062 543.
690 1997 802 2055 Hu
816 2017 905 2074 go
951 1999 1293 2057 turonensis
1341 1998 1403 2056 in
1436 1999 1665 2075 dialoqo
1724 1995 1987 2055 becensis
2020 1992 2622 2077 (Lembecq-lez-Hal)
2661 2015 2824 2072 prov.
2857 1995 3000 2054 Bra-

397 2086 468 2143 ad
490 2087 833 2145 Fulbertum
865 2106 954 2163 ep.
988 2084 1444 2168 (carnotensem)
1480 2085 1664 2146 disse-

399 2175 521 2233 ruit
571 2170 640 2256 (c.
681 2171 878 2258 1020)
931 2175 1002 2236 de
1054 2176 1311 2252 quodam
1360 2177 1662 2248 miracu10,

397 2264 550 2339 quod
598 2265 853 2341 contigit
898 2265 962 2323 in
1008 2266 1399 2325 translatione
1432 2284 1477 2324 s.
1510 2267 1663 2324 Mar-

393 2353 505 2410 tini
539 2356 598 2412 et
629 2353 997 2413 dedicatione
1030 2356 1375 2414 monasterii
1407 2354 1480 2413 ab
1513 2354 1661 2413 Her·

390 2461 531 2501 vaeo
561 2442 932 2501 thesaurario
975 2443 1208 2502 fundati
1238 2444 1301 2502 in
1333 2444 1667 2503 Mabinonii

387 2531 557 2595 Anal.
587 2531 661 2603 II,
700 2542 822 2596 349
867 2532 963 2591 vel
993 2533 1083 2596 ed.
1119 2543 1173 2597 2.
1207 2553 1263 2610 p.
1301 2542 1663 2598 213-217.

387 2654 476 2664 —
506 2621 697 2680 Multa
727 2624 1013 2682 miracula
1043 2643 1072 2682 s
1106 2624 1272 2682 Fidis
1302 2623 1661 2682 Concathen·

388 2710 471 2768 sis
507 2706 605 2793 (de
639 2710 904 2782 conchis,
939 2712 1044 2770 Foi
1076 2713 1147 2771 de
1181 2708 1475 2792 Conques)
1510 2732 1662 2770 mar-

386 2800 536 2875 tyris
560 2801 976 2876 Angennensis
998 2797 1070 2882 (c.
1100 2798 1253 2881 286)
1281 2805 1483 2860 narrat
1502 2803 1663 2859 Ber·

386 2907 425 2945 n
442 2908 476 2946 a
492 2908 521 2946 r
536 2888 572 2946 d
590 2908 631 2946 u
649 2908 676 2947 s
691 2885 742 2970 l)
796 2890 1182 2948 scholasticus
1217 2891 1661 2967 Andegavensis

387 2972 471 3059 (fl.
519 2996 566 3036 c.
621 2973 835 3059 1020),
888 2997 1039 3053 quae
1083 2981 1279 3056 legere
1328 2980 1551 3054 poteris
1599 2981 1663 3038 in

387 3065 640 3142 Migne
687 3067 750 3127 P.
801 3068 863 3130 L.
914 3068 1097 3134 CXLI,
1163 3079 1536 3138 131—1643
1601 3069 1661 3126 in

383 3155 548 3214 Actis
581 3155 678 3213 SS.
715 3167 769 3218 6.
804 3157 930 3215 Oct.
962 3156 1067 3228 111,
1105 3167 1487 3226 300—324;
1535 3157 1659 3233 ple-

383 3244 523 3303 nius
556 3244 617 3302 in
651 3246 820 3303 Anal.
852 3245 991 3309 boll.
1035 3255 1197 3310 1889
1232 3245 1391 3318 VIII,
1427 3256 1660 3316 65-85;

385 3333 729 3408 plenissime
761 3334 823 3392 in
843 3337 910 3393 A.
944 3336 1305 3394 Bouillet
1334 3337 1372 3393 l.
1406 3338 1659 3394 miracu·

384 3423 574 3480 lorum
605 3442 652 3482 s.
686 3423 852 3482 Fidis
875 3425 1051 3499 juxta
1079 3425 1202 3483 cod.
1224 3425 1659 3485 Schlestadien-

383 3529 524 3580 sem,
576 3511 820 3571 Parisiis
874 3522 1059 3583 1897,
1112 3513 1216 3589 qui
1262 3514 1553 3572 dividitur
1598 3514 1661 3572 in

384 3599 445 3663 ll.
466 3600 561 3670 IV,
596 3619 853 3675 quorum
886 3602 1003 3660 duo
1037 3603 1262 3678 priores
1296 3606 1439 3661 sunt
1472 3602 1660 3661 nostri

384 3688 682 3758 Bernardi,
712 3689 830 3749 duo
850 3691 1210 3766 posteriores
1230 3691 1501 3751 monachi
1522 3709 1657 3750 con-

387 3777 700 3837 cathensis.
718 3812 802 3820 —-
828 3782 878 3837 A
894 3799 1036 3857 gan
1054 3799 1087 3838 o
1104 3781 1179 3838 ni
1206 3775 1545 3862 (Haganon)
1567 3799 1660 3839 ca·

385 3867 591 3926 nonico
639 3868 1093 3928 chastellonensi
1134 3864 1217 3952 (fl.
1254 3870 1500 3929 ineunte
1549 3888 1657 3928 sec.

383 3953 488 4035 XI)
520 3952 935 4038 tribuuntur2)
981 3959 1128 4016 Acta
1163 3978 1210 4016 s.
1263 3959 1448 4018 Veroli
1492 3978 1655 4035 pres-

380 4043 575 4121 byteri
639 4047 992 4104 Castellione
1067 4047 1140 4105 ad
1204 4048 1535 4123 Sequanam
1598 4052 1659 4107 et

379 4133 747 4193 Marcennaci
803 4132 860 4212 (†
908 4153 954 4192 c.
1005 4132 1176 4217 600),
1228 4155 1383 4212 quae
1433 4138 1656 4212 absque

377 4224 635 4282 auctoris
685 4224 926 4283 nomine
976 4225 1327 4300 prodierunt
1375 4227 1438 4284 in
1490 4227 1656 4285 Actis

377 4310 476 4371 SS.
503 4322 600 4375 17.
621 4312 890 4383 Jun.111‚
929 4322 1295 4376 382—388.
1354 4315 1464 4373 Hic
1495 4316 1652 4373 alius

376 4404 471 4459 est
514 4400 589 4458 ab
636 4403 918 4477 Aganone
963 4403 1235 4479 episcopo
1282 4404 1654 4480 augustodu-

457 4660 492 4726 ¹)
522 4655 603 4710 Cf.
632 4657 778 4716 Hist.
824 4658 911 4711 lit.
946 4659 1067 4722 vu,
1098 4665 1409 4720 308-310;
1457 4660 1549 4716 Po
1568 4663 1593 4713 t
1613 4663 1656 4714 t·

376 4728 551 4780 hast
575 4746 627 4797 p.
662 4735 816 4785 1311.

449 4801 492 4869 ²)
522 4798 603 4852 Cf.
636 4798 779 4857 nist.
811 4803 894 4856 lit.
930 4801 1052 4865 Vll,
1084 4806 1382 4858 259—261.

1724 2085 1960 2145 bantiae
1993 2088 2331 2144 inventionis
2371 2086 2909 2161 miraculorumque
2942 2088 3005 2143 et

1722 2174 2135 2233 translationis
2197 2174 2484 2233 describit
2544 2176 2589 2233 Ο
2607 2175 2627 2231 l
2642 2175 2682 2232 b
2699 2193 2730 2232 e
2745 2193 2775 2231 r
2789 2176 2817 2232 t
2830 2193 2872 2232 u
2889 2192 2916 2231 s
2935 2168 3000 2255 ²),

1722 2262 2067 2341 (obbertus,
2112 2263 2418 2334 Albertus,
2479 2258 2888 2345 Adalbertus).
2949 2266 3003 2320 A

1722 2352 1916 2427 prima
1956 2353 2282 2427 juventute
2326 2353 2634 2411 familiaris
2684 2351 3003 2411 admodum

1721 2447 1848 2499 erat
1881 2442 2137 2513 Wazoni,
2172 2442 2578 2501 illustrissimo
2600 2442 2689 2500 illi
2723 2441 2998 2517 praesuli,

1720 2531 1791 2588 de
1823 2549 1942 2606 quo
1974 2530 2133 2590 infra
2161 2551 2217 2608 p.
2254 2540 2379 2595 982
2414 2550 2672 2609 agemus.
2705 2530 3001 2590 Puerulus

1718 2619 1783 2677 in
1816 2621 2169 2679 monasterio
2203 2621 2458 2679 lobiensi
2492 2619 2611 2678 fuit
2642 2621 2877 2697 egregie
2910 2620 3002 2677 in·

1721 2709 1978 2767 stitutus
2025 2709 2263 2769 auditor
2309 2709 2582 2786 Herigeri
2625 2714 2685 2767 et
2729 2706 3001 2767 Fulberti

1719 2817 1809 2873 ep.
1848 2799 2229 2860 carnotensis.
2263 2797 2502 2856 Vestem
2524 2797 2726 2856 induit
2745 2816 2792 2860 s,
2813 2798 2999 2855 Bene-

1720 2887 1864 2944 dicti
1880 2887 2191 2961 factusque
2209 2907 2276 2946 ex
2292 2887 2580 2947 monacho
2593 2885 2884 2945 laubiensi
2895 2886 2996 2943 ab·

1720 2975 1824 3034 bas
1839 2975 2265 3052 gemblacensis
2280 2970 2336 3057 (l
2355 2987 2425 3039 01
2444 2972 2525 3056 2),
2538 2976 2631 3051 cuj
2641 2993 2710 3033 us
2732 2974 2997 3050 discipli*

1719 3083 1858 3123 nam
1908 3065 2280 3133 restauravit,
2343 3065 2760 3123 bibliothecam
2821 3082 2998 3139 quam

1718 3153 2000 3228 plurimis
2035 3154 2202 3212 auxit
2246 3154 2434 3223 libris,
2483 3153 2698 3212 damna
2731 3153 2792 3210 iu
2824 3152 2997 3210 bonis

1719 3243 2147 3318 temporalibus
2198 3243 2511 3319 reparavit.
2589 3243 2803 3300 Postea
2863 3241 2997 3300 Bal-

1718 3331 1953 3391 dericus
1985 3332 2301 3407 episcopus
2332 3331 2654 3391 leodiensis
2675 3349 2811 3389 eum
2831 3349 2998 3405 prae-

1717 3420 1859 3479 fecit
1904 3420 2084 3480 etiam
2129 3439 2280 3479 novo
2313 3420 2668 3479 monasterio
2712 3438 2758 3481 s.
2790 3418 2997 3478 Jacobi

1718 3509 2020 3570 leodiensi.
2098 3510 2498 3569 Oollaborator
2546 3510 2667 3568 fuit
2713 3513 2996 3568 strenuus

1717 3599 2044 3657 Burchardi
2064 3598 2128 3656 in
2150 3599 2552 3674 componendo
2573 3598 2790 3657 celebri
2817 3598 2996 3672 hujus

1716 3687 1956 3746 decreto
2008 3683 2069 3768 (†
2109 3697 2204 3750 14.
2237 3688 2360 3746 Jul.
2421 3697 2578 3752 1047
2630 3688 2725 3746 vel
2784 3683 2996 3768 1048).

1715 3776 1785 3834 In
1807 3776 2112 3852 epitaphio
2135 3776 2472 3836 celebratur
2499 3815 2526 3845 ,
2540 3776 2841 3836 Abbatum
2864 3794 2994 3852 spe-

1714 3866 1938 3936 culum,
1991 3866 2171 3924 decus
2204 3868 2265 3924 et
2295 3867 2715 3925 monachorum
2731 3875 2778 3923 ¹¹.
2855 3864 2996 3924 Edi-

1713 3954 1807 4012 dit
1838 3955 2006 4013 illam
2048 3955 2331 4029 notisque
2376 3955 2707 4013 illustravit
2739 3956 2835 4014 Ge.
2870 3954 2994 4011 Ga-

1713 4044 2067 4119 lopinus,
2119 4043 2421 4103 Montibus
2479 4053 2641 4107 1636
2691 4044 2754 4101 in
2796 4052 2868 4104 12
2905 4042 2993 4105 ed.

1791 4307 1826 4374 ¹)
1855 4303 2019 4358 Alius
2057 4303 2131 4356 ab
2158 4303 2404 4357 Odberto
2442 4320 2540 4356 seu
2568 4302 2851 4367 Oetbert0‚
2893 4301 2994 4369 qui

1711 4391 1779 4428 ex
1825 4373 1912 4438 iis,
1965 4391 2111 4443 quae
2160 4373 2437 4445 puerulus
2476 4374 2665 4427 decem
2713 4389 2992 4426 annorum

1710 4445 1990 4510 audierat,
2007 4449 2202 4500 narrat
2215 4451 2347 4500 Acta
2365 4465 2406 4500 s.
2432 4448 2696 4500 Rider-ici
2714 4462 2803 4514 ep.
2823 4445 2994 4498 ultra-

1703 4518 1912 4586 jectini
1941 4523 1987 4589 (ψ
2014 4523 2155 4589 838),
2187 4533 2333 4585 quae
2374 4519 2540 4588 (forte
2567 4519 2893 4587 retractata)
2921 4516 2992 4568 le-

1711 4591 1930 4669 guntur
1973 4589 2034 4642 in
2076 4591 2199 4644 Act.
2229 4588 2319 4642 SS.
2359 4596 2437 4644 18.
2463 4586 2578 4643 Jul.
2609 4588 2703 4652 IV,
2729 4591 2992 4645 452-471:

1712 4678 1774 4713 in
1806 4659 1930 4720 MG.
1958 4659 2047 4715 SS.
2078 4659 2197 4724 XV,
2239 4661 2279 4724 1,
2313 4665 2561 4715 344·356.
2604 4665 2724 4716 574.
2770 4657 2995 4712 Floruit

1712 4748 1758 4785 o.
1791 4737 1945 4787 1015.
1997 4730 2078 4785 Cf.
2107 4731 2176 4785 de
2203 4733 2397 4784 nostro
2426 4731 2570 4786 Hist.
2598 4731 2685 4784 lit.
2712 4729 2834 4794 V11,
2862 4735 2990 4785 392-

1712 4807 1836 4858 399.
