3505 5161
386 227 507 281 337
1363 207 1632 262 Aurelius
1657 206 2022 262 Prudentius,
2193 218 2198 221 ·
2239 226 2257 243 ··
2875 225 2909 277 3
2921 225 2954 279 3
2965 226 2999 280 8

381 400 595 474 tiyenia
628 392 733 475 (ib.
776 396 1234 473 mov—1078)
1267 413 1375 454 seu
1406 393 1664 453 carmine
1718 412 1853 452 rum
1898 393 2166 452 omnium
2228 394 2327 452 vel
2388 394 2596 453 saltem
2648 394 3003 469 aliquorum.

381 487 455 545 de
487 486 718 564 origine
750 485 1121 561 peccatorum
1141 483 1399 560 inquirit
1428 484 1494 542 in
1526 483 1664 542 mali
1720 482 2029 557 Objiciunt
2075 482 2316 556 quidem
2365 483 2646 542 nonnulli
2677 483 3004 542 Prudentio

381 579 442 635 et
472 574 699 651 peccati
731 572 1022 651 originem
1050 572 1329 632 adversos
1348 572 1661 650 gnosticos,
1718 572 1895 630 metri
1934 575 2172 648 peccata
2216 572 2340 631 sive
2384 590 2452 630 ex
2500 571 2836 648 ignorantia
2881 573 3003 631 sive

382 664 731 741 praesertim
781 662 1167 725 Marcionitas.
1200 695 1287 706 ——
1320 662 1664 738 Psychoma-
1718 680 1789 720 ex
1820 660 2190 738 negligentia
2208 661 2485 737 prosecta,
2519 680 2670 736 quae
2701 678 2838 719 cum
2860 663 3003 719 Are-

381 755 511 815 chia
560 748 667 836 (ib.
708 752 832 821 Lx,
894 746 1175 834 11—90)
1230 769 1338 811 seu
1387 752 1543 811 liber
1591 751 1665 810 de
1719 750 1854 809 valo
1886 750 1925 809 l.
1958 767 2072 809 c.c.
2096 759 2177 812 23
2212 749 2477 809 excusari
2506 752 2775 825 possunt,
2809 768 3004 825 neque

381 863 588 921 pugna
633 841 863 902 animae
911 839 1199 900 describit
1248 840 1556 918 ingeniose
1606 843 1667 899 et
1720 839 2442 915 eaimminuuntpretium
2456 839 2580 898 sive
2599 839 3004 915 theologicum

384 932 693 1010 splendide
723 930 1022 990 virtutum
1053 948 1187 989 cum
1218 930 1388 989 vitiis
1422 936 1538 990 seu'
1562 949 1664 1008 ge·
1720 927 1849 987 sive
1898 928 2080 987 etiam
2132 929 2432 1004 poeticum
2444 927 2488 1007 ¹)
2535 928 2750 986 horum
2779 930 3004 986 carmi·

382 1021 636 1082 neratim
711 1019 1015 1096 religionis
1092 1019 1452 1080 christianae
1528 1038 1664 1079 cum
1718 1036 1884 1089 num,
1919 1020 2161 1093 propter
2180 1017 2340 1092 quod
2359 1017 2726 1076 Prudentius
2762 1016 2854 1076 vel
2873 1017 3004 1076 Ho-

383 1109 801 1187 superstitione
832 1110 1118 1186 paganica
1146 1128 1409 1186 pugnam
1441 1109 1506 1167 in
1536 1109 1664 1168 ani·
1719 1106 1874 1164 ratio
1894 1107 2220 1183 comparari
2245 1106 2468 1165 meruit
2499 1107 2594 1166 vel
2625 1106 3006 1165 Horatius

383 1220 479 1259 ma
523 1198 778 1259 hominis
822 1192 1209 1279 christiani1).
1259 1228 1349 1242 --
1391 1198 1557 1257 Libri
1608 1198 1665 1256 11
1720 1195 2069 1254 catholicus·
2094 1195 2552 1271 primusque
2602 1195 2762 1255 inter
2803 1199 3006 1271 poetas

382 1292 584 1349 centra
629 1288 1019 1348 Simmachum
1064 1287 1239 1345 Urbis
1275 1287 1661 1363 praefectum,
1722 1302 1916 1343 sacros
1948 1284 2215 1347 salutari.
2283 1284 2742 1353 Quatuordecim
2774 1302 2843 1343 ex
2878 1286 3007 1359 ejus

384 1379 491 1455 qui
534 1377 700 1437 omni
744 1379 964 1436 conatu
994 1376 1304 1435 nitebatur
1333 1376 1664 1436 Honorium
1720 1374 1960 1451 hymnis
1994 1371 2115 1454 (vel
2160 1374 2374 1432 saltem
2419 1391 2622 1432 eorum
2656 1373 2879 1449 partes)
2914 1391 3007 1430 re·

384 1473 447 1528 ct
476 1466 800 1527 Arcadium
830 1466 969 1542 imp.
1006 1466 1304 1537 inducere,
1352 1468 1422 1524 ut
1466 1465 1665 1524 Victo-
1721 1463 2273 1538 cipimerueruntin
2289 1462 2659 1521 Breviarium
2677 1480 3006 1531 romanum,

382 1557 507 1617 riae
536 1568 697 1616 aram
727 1556 803 1614 ab
834 1555 1295 1631 imperatoribus
1325 1554 1665 1613 christianis
1720 1571 1809 1615 ex.
1828 1552 1995 1629 guin
2015 1552 2168 1611 feste
2188 1551 2554 1628 Epiphaniae
2568 1550 2641 1609 ad
2660 1551 2911 1620 Laudes,
2944 1552 3010 1607 in

385 1644 937 1722 praedecessoribus
955 1642 1258 1714 remotam,
1282 1645 1484 1703 imoet
1503 1662 1661 1703 ever·
1721 1642 1871 1701 festo
1904 1659 1982 1705 ss,
2001 1641 2418 1700 Innocentium
2439 1643 2558 1699 etc.
2611 1640 3006 1698 Praestantio-

386 1748 530 1807 sam,
557 1735 625 1794 in
655 1733 821 1793 curia
850 1733 1274 1793 restitueretur
1303 1728 1408 1814 (ib.
1452 1745 1664 1797 111——
1720 1748 1816 1790 res
1847 1730 2141 1789 editiones
2172 1729 2668 1789 snntArevali
2713 1730 2765 1788 S.
2805 1728 2861 1787 J.
2885 1729 3007 1787 -Ro-

389 1819 565 1906 276).
644 1822 772 1892 Qun
828 1822 1130 1882 occasione
1164 1823 1416 1900 ‘egregie
1465 1824 1669 1881 contra
1723 1828 2239 1884 mae-1788--89
2289 1823 2332 1877 t.
2375 1828 2411 1881 2
2458 1819 2522 1877 in
2572 1829 2627 1881 4.
2673 1818 3009 1877 eruditissi-

384 1914 709 1990 gentilinm'
738 1910 1194 1987 superstitiones
1227 1911 1483 1971 disserit.
1530 1911 1667 1970 Car·
1728 1908 2311 1967 miscommentariis
2344 1908 2664 1978 illustrata,
2715 1926 2924 1966 recusa
2958 1928 3008 1965 a.

385 2021 523 2062 men
556 2003 662 2062 hoc
680 2001 945 2060 omnium
964 2001 1118 2060 forte
1138 2000 1392 2060 maxime
1416 2004 1516 2060 ¹est
1547 2001 1667 2060 ela·
1724 1997 1977 2075 Migne
2008 2000 2065 2058 t.·
2085 1997 2227 2055 LIX.
2258 1997 2386 2067 Lx3
2423 1996 2468 2055 Ο
2487 1996 2748 2055 Μητὶἰ
2779 1997 3007 2055 'rabina

385 2093 678 2161 boi-atum,
705 2091 939 2149 fructus
983 2090 1165 2149 animi
1209 2109 1315 2166 pro
1360 2090 1666 2167 religionis
1722 2104 1834 2163 gae
1877 2093 2061 2156 1845,
2113 2087 2497 2145 Dresselii
2544 2086 2776 2161 Lipsiae
2817 2094 3008 2149 1860.

384 2181 540 2240 bono
572 2178 926 2240 inflammati
937 2176 1005 2260 ²).
2169 2182 2173 2189 ’

486 2371 504 2421 1
523 2367 623 2422 84.
654 2357 877 2427 Quanti
908 2360 1108 2416 autem
1128 2357 1331 2417 fecerit
1350 2358 1670 2417 christiana
1804 2351 1839 2411 ¹)
1868 2349 1959 2400 An
1976 2346 2250 2402 Reinheit
2262 2346 2366 2400 des
2375 2346 2695 2401 Verebaues
2712 2345 2840 2399 sind
2857 2343 3010 2399 aeine

384 2448 705 2523 posteritas
728 2446 1039 2505 Prudentii
1059 2447 1333 2518 carmina,
1367 2447 1582 2523 collige
1599 2466 1668 2506 ex
1724 2413 1981 2500 Didhtup
2027 2436 2096 2500 ΕΡ
2123 2418 2234 2472 den
2261 2418 2514 2500 werken
2541 2417 2642 2471 der
2701 2415 3010 2497 leissh301ti·

772 2512 775 2513 ⁷
1723 2507 1837 2562 gen
1864 2492 1959 2544 hei
2004 2490 2242 2543 nischen
2258 2488 2510 2553 Dichter,
2533 2506 2642 2542 nur
2703 2487 3010 2542 laudianus

384 2536 716 2597 innumeris
737 2534 1120 2606 editionibus,
1154 2536 1375 2612 quibus
1397 2536 1670 2613 publicae
1724 2577 2188 2633 ausgenommen‚
2251 2560 2600 2615 mindegteng
2651 2558 3011 2630 ebenbiirtig.

387 2626 531 2685 data
576 2628 721 2685 sunt
765 2626 904 2697 luci,
951 2644 1208 2701 quarum
1253 2627 1302 2684 D
1320 2645 1441 2685 res
1461 2627 1574 2684 sel
1606 2627 1668 2684 in
1724 2634 1917 2688 Bard
1935 2634 2074 2688 enh
2093 2649 2282 2686 ewer
2306 2642 2335 2700 5
2360 2637 2429 2687 95
2454 2651 2511 2685 n.
2537 2641 2599 2695 1.,
2628 2632 2732 2700 qui
2756 2632 3012 2687 literatu-

386 2716 612 2792 proleg.
649 2733 793 2774 suae
838 2714 1117 2773 editionis
1165 2715 1256 2773 ad.
1287 2734 1338 2773 a.
1380 2725 1540 2778 1860
1576 2734 1668 2774 re·
1723 2723 1848 2787 1²}OE
1874 2706 1944 2759 de
1971 2723 2037 2760 ΘΟ
2064 2704 2315 2761 exhibe&
2367 2704 2441 2758 Et
2463 2720 2659 2758 revera·
2687 2721 2862 2771 quam
2888 2703 3011 2773 plu-

388 2822 626 2864 censere
645 2803 846 2880 potuit
868 2814 982 2875 633
1016 2806 1067 2862 A
1084 2824 1114 2863 r
1131 2805 1403 2863 evalus
1434 2823 1573 2863 vero
1605 2804 1670 2863 in
1724 2777 1859 2831 ”mi
1886 2777 1955 2830 de
1983 2793 2047 2830 ΕΟ
2077 2776 2430 2858 ΒΫΥῘΡΒΘΥΠΠἙ
2473 2777 2646 2842 atque
2686 2773 2897 2856 (1θῇἰῄὶὸ
2913 2790 3011 2855 3³³·

1726 2848 1948 2902 tollunt
1972 2848 2260 2901 laudibus.
2309 2847 2396 2899 Ita
2435 2862 2522 2900 ex,
2546 2863 2629 2914 gr.
2659 2862 2803 2898 varii
2834 2844 3011 2898 edito·

385 2893 749 2996 dmi-ffffimis
787 2893 911 2951 SUiS
943 2893 1382 2970 Pf01080m0¹²i⁸
1413 2893 1487 2951 δᾶ
1519 2894 1668 2952 Pru·
1725 2936 1815 2974 res
1841 2919 1904 2973 iu
1931 2919 2147 2989 proleg.
2174 2934 2409 2972 suarum
2436 2916 2540 2978 ed.,
2569 2915 2618 2968 J.
2646 2915 2707 2970 B.
2735 2915 2823 2967 Br
2838 2934 2875 2984 y
2892 2933 2916 2968 s
2943 2915 3011 2968 de

387 2982 577 3042 dentu
610 3001 702 3058 op.
733 3001 785 3041 c.
823 2991 856 3045 5
891 2981 965 3040 ad
998 3002 1048 3044 a.
1090 2991 1253 3046 1788
1289 2982 1379 3042 ed.
1417 2991 1495 3044 72
1530 3001 1669 3059 ope·
1728 2990 1850 3043 vita
1876 2993 1935 3043 et
1961 2989 2188 3059 scriptis
2210 2990 2277 3041 A.
2299 2986 2599 3042 Prudentii
2619 2986 2773 3057 (diss.
2795 2986 3012 3059 inaug.)

1726 3060 1970 3116 Lovanii
2002 3068 2167 3120 1855;
2213 3059 2271 3115 C.
2317 3058 2756 3113 Brockhaus
2783 3059 2850 3117 A,
2879 3057 3014 3110 Pru-

1727 3132 1960 3186 dentius
1986 3131 2065 3187 CI.
2107 3131 2167 3184 in
2215 3131 2398 3185 seiner
2425 3129 2768 3198 Bedeutung
2802 3128 2895 3181 fiir
2920 3129 3013 3183 die

465 3208 504 3275 ¹)
532 3203 575 3256 E
593 3205 761 3258 bert
800 3205 1044 3274 Allgem.
1086 3205 1284 3259 Gesch.
1312 3206 1411 3260 der
1438 3204 1548 3261 Lit.
1574 3205 1673 3258 des
1728 3203 1937 3257 Kirche
1964 3203 2150 3257 seiner
2192 3202 2331 3266 Zeit,
2376 3200 2611 3272 Leipzig
2660 3204 2826 3260 1872:
2878 3217 3014 3268 quo·

388 3274 753 3331 Mittelalters
780 3276 849 3339 1²,
877 3281 981 3331 260
1004 3297 1016 3330 ε
1062 3276 1155 3329 die
1183 3277 1496 3331 asthetisch
1523 3293 1673 3329 zwar
1728 3292 1858 3329 cum
1887 3279 2080 3328 tamen
2107 3273 2485 3328 conferendus
2531 3273 2598 3325 A.
2627 3271 2674 3324 R
2691 3278 2722 3325 ὂ
2741 3274 2889 3327 sler
2916 3271 3016 3326 der

389 3347 756 3411 schwachste,
818 3346 1324 3404 literarhistorisch
1386 3349 1521 3402 aber
1587 3349 1671 3401 be·
1727 3347 1889 3400 kath.
1910 3345 2145 3401 Dichter
2166 3347 2234 3402 A.
2250 3343 2598 3398 Prudentius
2615 3343 2714 3400 Cl..
2736 3342 3016 3415 Freiburg

388 3418 725 3472 deutendste
752 3420 923 3473 unter
949 3417 1059 3471 den
1087 3418 1673 3490 polemisch-didakti·
1736 3424 1871 3475 1886
1899 3417 1959 3470 in
1985 3423 2049 3478 83
2091 3416 2148 3469 M
2165 3434 2195 3471 e
2212 3417 2375 3472 rkle
2402 3416 2573 3471 theol.
2602 3414 2846 3479 Qtlschr.
2880 3422 3017 3472 1894

389 3490 561 3544 schen
588 3489 958 3560 Dichtungen
983 3489 1082 3543 des
1109 3489 1556 3545 Prudentius'ist
1581 3490 1673 3544 die
1730 3487 1974 3553 LXXVI,
1992 3491 2270 3548 77-125:
2297 3495 2432 3545 1896
2449 3486 2748 3549 LXXVIII,
2767 3489 3016 3544 251-275:

388 3560 851 3629 Psychomachie.
879 3561 971 3615 Sie
991 3562 1277 3616 erscheint
1294 3563 1444 3615 auch
1472 3561 1673 3615 durch·
1730 3559 1774 3612 F
1790 3577 1819 3613 e
1836 3579 1860 3613 s
1878 3561 1938 3613 sl
1956 3577 1985 3614 e
2002 3578 2030 3612 r
2046 3591 2063 3600 -
2080 3559 2112 3612 J
2132 3577 2168 3614 u
2184 3577 2222 3611 n
2240 3579 2277 3631 g
2295 3578 2350 3613 m
2365 3575 2400 3612 a
2415 3577 2453 3612 n
2470 3578 2508 3612 n
2535 3569 2562 3625 ὅ
2595 3564 2709 3618 184ς
2738 3558 2937 3612 Nirsc
2950 3559 3017 3612 hl

389 3648 495 3685 aus
519 3649 552 3686 o
588 3632 599 3642 '
647 3633 788 3688 inell
825 3632 887 3685 in
928 3631 1028 3686 der
1052 3632 1293 3704 Aulage.
1346 3632 1418 3687 Es
1458 3632 1536 3687 ist
1573 3633 1675 3686 das
1731 3633 1834 3698 115
1866 3638 1964 3687 185
1993 3649 2052 3695 s.,
2094 3630 2326 3684 Ebert
2362 3631 2499 3701 allg.
2540 3630 2740 3684 Gesch.
2782 3629 2882 3683 der
2908 3629 3017 3684 Lit.

389 3707 535 3757 erate
633 3703 835 3774 eispiel
885 3704 1042 3760 einer
1090 3705 1215 3758 rein
1258 3703 1674 3776 allegorischen
1729 3704 1817 3756 ed.
1860 3708 1908 3755 2.
1954 3710 2092 3759 1880
2131 3723 2187 3773 p.
2228 3707 2505 3762 251—93;
2571 3701 2620 3754 K
2638 3718 2672 3753 a
2687 3718 2724 3768 y
2740 3718 2765 3753 s
2782 3717 2810 3754 e
2827 3718 2856 3752 r
2894 3700 3018 3754 Bei-

391 3774 687 3846 Dichtung
730 3775 794 3830 in
836 3775 938 3830 der
982 3775 1271 3830 Literatur
1309 3777 1407 3830 des
1452 3775 1673 3832 Abend·
1731 3778 1890 3843 trage
1943 3792 2045 3827 zur
2095 3774 2435 3829 Geschichte
2475 3772 2595 3826 und
2646 3772 2868 3825 Erkliir.
2918 3772 3020 3825 der

389 3845 604 3900 landes.
632 3847 725 3901 Sie
754 3846 891 3900 wies
916 3847 1009 3901 fiir
1033 3847 1187 3901 diese
1215 3864 1276 3903 so
1297 3848 1460 3902 recht
1477 3846 1676 3902 christ·
1730 3846 1974 3899 altesten
1992 3844 2517 3914 Kircheuhymnen,
2535 3842 2860 3897 Paderborn
2885 3849 3014 3900 1881

392 3917 540 3971 liche
565 3916 901 3973 Kunstform
930 3919 1040 3974 den
1061 3918 1335 3974 Dichtern
1351 3920 1450 3973 des
1467 3918 1675 3972 Mittel-
1773 3956 1786 3968 .
1815 3923 1918 3973 249
1935 3924 2098 3973 —336
2142 3917 2227 3971 ed.
2258 3925 2319 3976 2:
2373 3915 2539 3969 Aime
2581 3914 2623 3966 P
2640 3932 2678 3967 u
2697 3931 2766 3967 sc
2783 3915 2841 3977 h,
2881 3914 3017 3967 Pru-

391 3989 566 4043 alters
590 3992 781 4044 zuerst
805 3990 917 4043 den
942 3989 1109 4061 Weg.
1729 3936 1923 4041 genoe.
1976 3987 2162 4041 Etude
2190 4005 2287 4041 sur
2326 3988 2382 4041 la
2463 3985 2611 4041 oesie
2657 3985 2835 4038 latine
2864 3986 3018 4038 chre-

462 4062 506 4129 2)
534 4060 906 4115 Manitius
957 4059 1159 4118 Gesch.
1209 4062 1308 4116 der
1358 4061 1674 4116 christlich·
1730 4057 1926 4112 tienne
1954 4076 2029 4112 au
2059 4059 2161 4112 Ive
2201 4058 2372 4112 siecle
2458 4057 2573 4110 aris
2603 4063 2741 4112 1888
2785 4055 2874 4125 (cle
2903 4072 3016 4122 quo

389 4132 486 4187 lat.
513 4131 727 4197 Poesie,
754 4131 1046 4203 Stuttgart
1073 4138 1205 4190 1891
1228 4150 1359 4204 pag.
1382 4140 1450 4189 85
1477 4130 1678 4186 scribit
1731 4129 1882 4183 sicut
1907 4133 1966 4184 et
1989 4130 2060 4184 de
2087 4130 2182 4183 Ro
2200 4129 2258 4182 sl
2276 4145 2349 4182 er
2375 4129 2447 4180 cf.
2474 4128 2607 4181 hist.
2634 4125 2833 4180 Jahrb.
2864 4131 3019 4182 1889.

391 4202 462 4255 de
502 4203 608 4257 hoc
647 4203 931 4259 carmine:
981 4203 1091 4258 Mit
1132 4205 1289 4258 solch
1330 4204 1526 4258 tiefem
1551 4203 1674 4257 sitt-
1731 4202 1796 4264 X,
1854 4207 2098 4258 116-28
2136 4203 2286 4252 auct.
2327 4198 2659 4268 Weyman);
2710 4199 2745 4251 S
2762 4197 2833 4250 ix
2851 4199 2877 4250 t
2924 4197 3017 4251 die

390 4272 601 4329 lichem
625 4274 825 4331 Ernste
870 4275 989 4328 und
1030 4274 1189 4329 einer
1231 4291 1291 4330 so
1318 4275 1676 4347 glanzenden
1720 4272 2018 4342 'lyrischen
2070 4270 2344 4324 Gedichte
2410 4270 2464 4323 cl.
2515 4270 2581 4321 A.
2633 4267 2691 4320 P.
2745 4269 3017 4334 Clemens,

392 4343 869 4417 Beweisffihrung
885 4346 1013 4399 sind
1030 4364 1141 4400 nur
1157 4347 1380 4417 wenige
1395 4347 1675 4416 Apologe-
1732 4345 1867 4398 Stut
1968 4347 2024 4397 rt
2043 4348 2178 4399 1889
2197 4364 2209 4403 ς
2236 4341 2280 4394 Β
2297 4357 2330 4394 a
2348 4359 2386 4394 u
2405 4360 2460 4394 m
2477 4360 2515 4410 g
2530 4356 2564 4393 a
2578 4357 2606 4392 r
2624 4342 2648 4391 t
2663 4358 2700 4391 n
2718 4356 2747 4392 e
2764 4357 2792 4391 r
2820 4339 3019 4396 Gesch.

393 4417 491 4470 ten
519 4417 852 4477 verfahren;
879 4417 1224 4488 wenigstens
1246 4419 1400 4472 steht
1425 4417 1676 4471 Pruden-
1730 4417 1832 4470 der
1924 4414 2090 4468 eltlit.
2103 4413 2178 4466 IV
2197 4431 2242 4467 c.
2264 4419 2345 4475 ll,
2365 4429 2399 4464 a.
2416 4428 2530 4481 quo
2548 4410 2761 4465 dicitur
2777 4413 3018 4465 unstrei-

393 4487 511 4542 tius
538 4488 663 4542 hier
686 4489 771 4544 als
812 4505 846 4541 a
890 4489 1272 4560 ologetischer
1298 4488 1535 4543 Dichter
1576 4506 1676 4542 un·
1732 4487 1820 4557 tig
1870 4486 1970 4539 der
2019 4484 2433 4541 bedentendste
2491 4481 3019 4550 lateinisch-christ-

393 4559 639 4614 erreicht
681 4560 772 4614 da.
878 4563 1009 4615 cute
1053 4562 1201 4616 noch
1248 4560 1327 4615 ist
1367 4561 1468 4615 der
1509 4559 1678 4615 Ernst
1730 4557 1881 4613 liche
1902 4557 2136 4612 Dichter
2161 4557 2261 4610 der
2275 4558 2460 4610 ersten
2476 4556 2599 4608 vier
2614 4553 2815 4607 Jahrh.
2842 4556 3020 4608 Accu-

394 4631 579 4684 seiner
604 4631 978 4702 Auffassung,
1005 4633 1104 4686 der
1123 4633 1470 4687 Reichthum
1496 4630 1558 4687 in
1578 4631 1677 4684 der
1730 4633 1854 4684 rate
1895 4630 1966 4683 de
2010 4630 2132 4698 ejus
2172 4627 2398 4682 disserit
2427 4624 2806 4698 poematibus,
2850 4629 2908 4679 et
2935 4643 3019 4679 co-

394 4699 814 4757 dichterischen
860 4702 1179 4773 Erfinduug
1223 4704 1344 4757 und
1389 4703 1482 4757 die
1510 4702 1680 4756 Kraft
1732 4699 1894 4770 piosa
1930 4699 2166 4754 exhibet
2203 4698 2535 4770 specimina.
2570 4696 2652 4751 Cf.
2688 4697 2934 4752 eundem
2961 4698 3021 4753 in

393 4771 494 4827 der
520 4772 862 4844 Gestaltung
888 4793 957 4828 zu
985 4774 1353 4828 bewundern.
1732 4771 2010 4826 Stimmen
2037 4788 2140 4825 aus
2167 4769 2348 4824 Maria
2376 4770 2564 4824 Laach
2585 4775 2722 4825 1899
2746 4769 2785 4833 Ι,
2807 4772 3021 4826 317-40.
