3505 5161
476 230 600 282 619

472 416 515 455 s.
552 398 749 454 Licini
794 416 882 472 ep.
931 400 989 453 et
1038 396 1110 453 M.
1143 395 1454 453 Flandriae
1503 395 1752 470 apostoli

474 504 583 543 sec.
632 486 774 553 vll..
822 504 999 560 quam
1046 484 1327 542 exhibent
1373 484 1754 542 Mabillon

472 575 534 631 in
567 576 733 632 Actis
767 575 861 635 SS.
896 574 957 635 Ο.
995 572 1255 645 S.13.11‚
1294 583 1451 637 448:
1502 574 1754 649 Migne

475 664 534 720 P.
569 663 629 725 L.
665 663 995 724 LXXXVII.
1035 672 1402 724 327—345.
1433 696 1519 706 --
1542 662 1754 720 Ultano

472 754 598 809 Mac
630 752 773 809 Con
793 752 931 808 cub
950 771 1027 809 ar
1060 752 1334 825 episcopo
1364 751 1754 809 ardbraccano

473 842 567 900 vel
599 841 1050 899 ardbracanensi
1092 841 1154 897 in
1190 841 1473 898 Hibernia
1508 838 1564 916 (†
1600 838 1752 919 656)

471 931 761 988 tribuitur
779 925 823 1009 ¹)
862 929 992 988 Vita
1013 948 1058 986 s.
1083 930 1362 1006 Briyidae
1381 949 1414 986 a
1432 949 1473 992 8,
1499 929 1756 987 Patricio

474 1038 789 1077 conversae
838 1014 898 1099 (†
945 1037 990 1076 c.
1036 1027 1150 1080 521
1206 1019 1302 1076 vel
1353 1014 1522 1097 523),
1576 1037 1752 1091 quam

474 1109 564 1170 J0.
597 1108 978 1184 Colganus
1025 1107 1212 1165 edidit
1244 1108 1307 1165 in
1339 1107 1548 1165 Triade
1578 1108 1755 1164 thau-

475 1200 749 1273 maturga
804 1196 1122 1255 Hiberniae
1172 1216 1227 1272 p.
1284 1206 1629 1259 527—546
1696 1200 1756 1253 et

476 1284 908 1344 Bollandus
971 1286 1032 1342 in
1094 1286 1260 1343 Actis
1324 1286 1420 1348 SS.
1484 1286 1649 1343 Febr.
1707 1286 1749 1354 Ι,

484 1387 505 1437 1
528 1384 846 1441 18—129‚
880 1375 984 1448 qui
1006 1380 1205 1433 tamen
1236 1376 1307 1433 de
1328 1376 1457 1450 ejus
1478 1375 1752 1451 genuini-

476 1467 598 1521 tate
631 1464 881 1521 dubitat.
946 1465 1170 1521 Auctor
1202 1463 1353 1522 forte
1393 1469 1485 1521 est
1530 1466 1679 1522 ritae
1710 1482 1754 1523 3.

477 1552 724 1611 Patricii
768 1554 1043 1621 ineditae,
1109 1553 1201 1612 vel
1265 1554 1475 1611 saltem
1538 1572 1606 1611 ex
1658 1571 1755 1609 ore

477 1641 764 1707 Tirechan
810 1661 876 1700 ea
916 1643 1159 1716 excepit,
1210 1661 1360 1717 quae
1411 1642 1535 1716 ipse
1586 1642 1657 1700 de
1709 1659 1754 1698 s,

476 1730 733 1788 Patricio
772 1736 989 1801 narrat,
1042 1734 1113 1790 ut
1161 1750 1293 1789 mox
1346 1731 1628 1789 dicemus,
1680 1766 1744 1773 —

476 1820 535 1876 M
550 1839 591 1878 u
610 1821 628 1876 i
646 1840 677 1877 r
692 1838 719 1878 c
736 1821 773 1877 11
790 1840 832 1878 11
853 1820 1081 1897 (Macen
1098 1817 1454 1895 Machtheni)
1471 1820 1752 1877 hibernus

476 1909 629 1967 Aido
694 1910 968 1984 episcopo
1033 1910 1319 1967 slebtensi
1386 1904 1447 1990 (†
1498 1928 1543 1967 c.
1600 1904 1751 1985 ⁴598)

478 1998 737 2055 dictante
785 1998 877 2056 vel
915 1998 1167 2072 jubente
1212 2001 1389 2055 vitam
1433 2018 1475 2056 3.
1514 1998 1757 2054 Pan-scii

477 2087 732 2161 scripsit,
780 2087 875 2144 cui
920 2086 1188 2145 addenda
1219 2094 1361 2145 sunt
1391 2088 1759 2145 Collectanea

477 2193 582 2232 seu
617 2176 1031 2233 annotationes
1066 2176 1137 2232 de
1172 2194 1216 2233 8.
1249 2176 1504 2234 Patricio
1538 2176 1757 2232 Tire-

475 2282 507 2322 0
521 2264 561 2321 11
576 2284 608 2321 a
624 2283 662 2321 11
680 2264 700 2320 1
725 2261 776 2343 2)
809 2264 1075 2338 ejusdem
1095 2264 1214 2323 sere
1233 2266 1443 2324 aetatis
1467 2265 1557 2322 vel
1579 2264 1757 2339 paulo

476 2353 851 2427 antiquioris,
901 2371 1049 2426 quas
1097 2373 1165 2411 ex
1213 2373 1312 2412 ore
1343 2356 1438 2412 vel
1471 2354 1622 2411 libro
1656 2353 1756 2409 Ul-

474 2442 600 2499 tani
642 2442 902 2517 episcopi
950 2442 1043 2499 sui
1078 2443 1346 2519 magistri
1381 2441 1439 2518 (†
1485 2460 1531 2502 c.
1582 2440 1752 2518 656),

476 2530 549 2589 de
601 2550 717 2605 quo
751 2550 950 2606 supra,
1005 2532 1256 2608 scripsit.
1335 2531 1565 2600 ,Facile
1617 2549 1752 2589 con-

478 2624 596 2678 stat
641 2621 795 2678 inter
832 2621 1117 2691 eruditos,
1162 2621 1362 2695 inquit
1402 2621 1497 2678 Ho
1512 2639 1647 2696 gan
1693 2622 1755 2678 in

474 2709 655 2784 praes.
707 2728 847 2768 suae
906 2709 1065 2778 edit,
1129 2715 1267 2784 post
1327 2710 1752 2768 confessionem

476 2799 736 2867 Patricii‚
784 2801 1111 2874 utrumque
1156 2803 1608 2856 monumentum
1644 2847 1656 2860 .
1692 2847 1704 2860 .
1741 2849 1754 2860 .

475 2888 963 2961 antiquissimum
994 2907 1123 2946 esse
1156 2889 1440 2957 omnium,
1488 2906 1639 2961 quae
1682 2888 1754 2945 de

476 2995 520 3033 8.
568 2976 886 3034 Hiberniae
932 2976 1185 3051 apostoli
1231 2976 1477 3034 historia
1525 2977 1595 3033 ad
1645 2995 1754 3034 nos

474 3066 870 3139 pervenerint.
933 3066 1059 3122 Imo
1105 3085 1223 3123 11011
1270 3065 1503 3122 dubitat
1538 3064 1752 3121 Petri

477 3150 874 3235 (Antiquities
921 3154 987 3211 of
1026 3155 1173 3210 'sara
1218 3175 1272 3229 p.
1330 3152 1495 3226 107),
1549 3172 1750 3211 omues

474 3243 627 3300 vitas
652 3242 910 3310 Patricii,
941 3262 1089 3317 quas
1124 3243 1313 3299 edidit
1345 3243 1649 3317 Colgan,
1685 3262 1750 3299 ex

479 3332 583 3388 1100
604 3332 726 3389 solo
748 3333 906 3389 fonte
927 3331 1229 3405 prodiisse.
1248 3339 1275 3368 ‘
1324 3332 1400 3388 Et
1431 3333 1604 3388 antea
1628 3333 1749 3405 jam

473 3425 800 3486 monuerat,
856 3440 963 3486 ..ea
995 3421 1347 3478 documenta
1380 3420 1596 3477 summi
1629 3438 1752 3476 mo-

477 3510 660 3566 menti
694 3511 851 3565 inter
883 3509 1094 3576 omnia,
1144 3528 1293 3582 quae
1327 3508 1397 3565 de
1432 3527 1477 3569 8.
1517 3508 1751 3565 Patricii

476 3598 721 3654 historia
755 3597 1086 3670 conscripta
1119 3596 1421 3664 habemuS,
1458 3597 1530 3653 ab
1563 3596 1752 3653 omni-

553 3769 587 3830 1)
617 3765 697 3816 (ss'f.
748 3765 1105 3817 Potthast
1157 3786 1209 3835 p.
1266 3765 1754 3821 12222Be110s-

471 3836 508 3886 h
527 3835 663 3887 eim
695 3836 892 3888 Gesch.
920 3838 1020 3888 der
1046 3837 1100 3887 k.
1124 3836 1189 3887 K.
1216 3837 1253 3888 i.
1284 3837 1433 3896 1r1.1,
1464 3846 1543 3891 15.
1565 3844 1649 3893 33.
1669 3841 1754 3891 70.

476 3907 634 3958 Idem
679 3908 718 3958 U
736 3923 767 3958 ο
787 3907 803 3958 1
820 3926 857 3974 g
874 3925 954 3959 an
998 3908 1084 3960 ed.
1126 3910 1184 3959 et
1210 3913 1369 3960 citam
1410 3927 1450 3962 s.
1482 3911 1751 3975 Briyt‘dae.

470 3993 616 4042 quae
647 3977 921 4030 tribuitur
950 3979 987 4031 C
1006 3997 1036 4028 o
1055 3998 1091 4046 g
1108 3977 1128 4030 i
1144 3983 1165 4030 t
1184 3995 1214 4030 o
1233 3997 1257 4030 8
1274 3996 1306 4030 0
1345 3979 1543 4031 abbati
1572 3977 1754 4031 hiber-

468 4064 543 4100 no
571 4050 767 4114 estque
796 4050 925 4102 stilo
944 4049 1183 4101 barbaro
1202 4049 1540 4118 conscripta.
1569 4050 1755 4101 Habes

468 4135 591 4172 eam
620 4119 682 4174 in
709 4119 954 4186 Migne
1001 4121 1055 4172 P.
1099 4121 1156 4177 L.
1198 4121 1416 4174 LXXII.
1453 4125 1752 4176 775—791.

469 4190 641 4243 Porro
693 4191 733 4243 O
751 4209 782 4243 0
801 4185 870 4260 g'i
894 4195 962 4242 to
982 4192 1041 4243 81
1107 4209 1309 4245 nomen
1356 4191 1585 4244 videtur
1635 4207 1752 4242 esse

468 4278 675 4313 nomen
703 4261 949 4315 latinum
973 4280 1073 4331 pro
1098 4263 1322 4318 nomine
1354 4263 1406 4312 M
1424 4279 1455 4313 a
1474 4281 1501 4315 0
1522 4263 1596 4314 th
1615 4280 1642 4314 9
1663 4282 1697 4313 u
1718 4262 1754 4320 i.

468 4332 622 4397 quod
668 4349 873 4384 nomen
922 4339 1004 4385 est
1048 4334 1227 4401 patris
1256 4334 1307 4384 M
1329 4334 1545 4387 uirch
1567 4351 1620 4394 u,
1650 4334 1751 4400 qui

467 4419 573 4453 890.
603 4409 841 4454 exeunte
861 4403 980 4455 Vll.
1003 4405 1231 4472 scripsit
1246 4404 1420 4457 vit-tm
1442 4422 1483 4457 s.
1504 4403 1751 4456 Patricii.

465 4472 641 4524 Juxta
670 4473 812 4525 alios
839 4478 1029 4527 tamen
1058 4492 1121 4527 ea
1146 4476 1259 4527 vita
1286 4476 1514 4527 videtur
1535 4493 1651 4526 esse
1674 4493 1754 4527 re·

466 4543 703 4598 centior.

542 4619 581 4676 ι·)
611 4614 693 4668 Cr.
720 4614 768 4669 J.
798 4615 859 4669 B.
888 4614 931 4665 B
950 4634 985 4667 11
1003 4634 1079 4681 ry
1110 4615 1415 4668 Tirechzins
1440 4616 1677 4667 Memoir
1695 4617 1761 4667 of

468 4688 545 4736 st.
572 4684 798 4736 Patriek
817 4685 875 4737 in
894 4686 1011 4737 The
1036 4686 1273 4754 English
1294 4686 1436 4741 Hist.
1462 4687 1593 4739 Rev.
1618 4692 1750 4740 1⁹02

470 4757 577 4822 Ap.
610 4775 662 4822 p.
690 4761 990 4810 235—268.

859 211 962 267 (5:37
970 213 1156 266 -·71)0.
1186 208 1599 279 Hagiographi.
1630 208 1893 272 UltanuS,
1924 209 2206 267 Muirchu.
2234 210 2563 262 Theodorus
2589 212 2692 262 etc.

2964 226 3090 279 620

1811 395 1924 452 bus
1988 396 2238 454 eruditis
2291 397 2459 454 facile
2508 397 2861 458 aestimari}
2943 399 3087 453 Cum

1810 503 1949 542 vero
1995 504 2145 559 quae
2190 505 2258 543 ex
2305 486 2378 543 iis
2426 486 2678 560 protulit
2724 486 2875 547 Guil.
2911 486 3089 542 Bet-

1812 573 1968 631 ham
2005 574 2110 632 tali
2147 574 2374 632 incuria
2407 576 2496 632 vel
2531 574 2766 632 inscitia
2788 574 2945 631 edita
2968 575 3091 632 sint

1813 659 1903 739 (in
1948 663 2071 721 suis
2117 663 2272 721 Irish
2311 664 2705 738 Antiquarian
2739 664 3090 721 Researches

1810 771 1864 825 p.
1887 753 1959 820 11,
1997 752 2220 810 Dublin
2253 748 2441 834 1827)
2473 771 2683 810 novam
2717 753 3091 810 accuratissi-

1811 861 1964 898 mam
2013 841 2328 899 editionem
2381 860 2617 916 operam
2649 841 3092 899 conferentibus

1811 930 2086 1004 patribus
2161 930 2706 989 Bollandianis
2782 930 3093 988 adornavit

1812 1019 1916 1076 Ed.
1953 1019 2217 1095 Hogan
2249 1020 2302 1076 S.
2336 1019 2391 1076 J.
2437 1019 2497 1077 in
2531 1019 2831 1077 Analectis
2865 1018 3089 1076 bollan·

1812 1107 2022 1176 dianis,
2075 1108 2371 1165 Bruxellis
2412 1117 2575 1170 1832
2610 1108 2655 1177 I,
2707 1117 3088 1171 545-—5852

1813 1196 1885 1263 ΙΙ,
1924 1205 2202 1264 35-68,
2234 1216 2368 1255 011111
2388 1196 2809 1255 additamentis
2830 1196 2908 1254 ib.
2936 1206 3092 1258 213·

1815 1295 1973 1347 239:
2040 1305 2104 1342 ea
2153 1287 2374 1359 pariter
2417 1287 2673 1361 reperies
2719 1286 2783 1344 in
2832 1285 3092 1358 Withley

1811 1375 2084 1433 Stokes
2121 1375 2240 1432 The
2272 1375 2584 1449 'l'ripartite
2617 1375 2743 1432 Life
2777 1375 2840 1431 of
2867 1375 2948 1431 St.
2990 1375 3091 1430 Pa-

1810 1464 1980 1531 trick,
2016 1464 2256 1521 London
2289 1474 2447 1525 1887·
2485 1468 2527 1521 t.
2564 1473 2618 1532 2,
2656 1482 2806 1537 quae
2827 1470 2920 1521 est
2940 1481 3093 1520 nova

1811 1557 1871 1610 et
1903 1552 2342 1611 accuratissima
2364 1554 2450 1611 ed.
2476 1572 2567 1627 op.
2602 1552 2890 1627 Colgan
2924 1552 3090 1609 Trias

1813 1642 2269 1715 'rhaumaturga

1905 1920 2048 1970 2344.
2082 1910 2150 1966 In
2185 1908 2500 1965 Oriente
2534 1908 2773 1982 scripsit
2805 1909 2873 1963 de
2907 1909 3019 1963 vita
3041 1914 3092 1963 et

1812 1999 2011 2056 exsilio
2045 2005 2093 2055 et
2123 1997 2533 2071 afflIctiom'bus
2565 2014 2612 2055 8.
2630 1996 2881 2053 Joanm's
2905 1996 3090 2069 Chry-

1811 2089 2045 2145 sostomi
2096 2085 2543 2144 Theodorus
2578 2084 2996 2142 Trimithuntis
3030 2085 3091 2142 in

1813 2176 2006 2234 insula
2022 2175 2198 2250 Cypri
2218 2175 2547 2249 episcopus,
2572 2174 2676 2246 qui
2700 2174 2973 2230 interfuit
2993 2192 3092 2247 sy-

1813 2265 1967 2322 nodo
2003 2263 2097 2325 VI.
2147 2284 2199 2326 a.
2236 2274 2380 2325 680.
2431 2263 2588 2336 quod
2636 2262 2917 2337 scriptum
2966 2262 3090 2336 pri-

1812 2373 1973 2411 mum
2023 2353 2207 2410 edidit
2252 2352 2402 2413 card.
2451 2351 2593 2409 Mai
2638 2352 2701 2409 in
2746 2352 2889 2408 bibl.
2936 2369 3093 2409 nova

1815 2443 1921 2504 ΡΡ.
1943 2443 2036 2509 VI,
2065 2451 2220 2509 26:33
2254 2440 2391 2498 inde
2422 2440 2673 2515 Migne
2697 2441 2754 2496 P.
2779 2440 2840 2496 G.
2858 2440 3089 2510 XLVII,

1812 2532 2088 2594 Ll—ss-XC.
2153 2532 2236 2589 Ea
2281 2548 2397 2588 non
2444 2533 2602 2588 caret
2634 2528 2844 2604 pretio,
2880 2548 3090 2604 quam-

1812 2622 1899 2679 vis
1934 2621 2189 2678 subinde
2221 2638 2430 2693 parum
2453 2618 3090 2676 credibiliacontineat.

1811 2746 1896 2752 -—
1929 2710 2195 2767 Alterius
2229 2709 2379 2766 forte
2413 2708 2456 2764 T
2477 2708 2508 2764 h
2531 2707 2796 2764 eodori
2827 2707 3092 2781 episcopi

1813 2800 1977 2857 urbis
2019 2799 2247 2873 Paphos
2295 2803 2386 2854 est
2435 2800 2546 2853 rita
2595 2797 2954 2867 Spiridionis
2999 2815 3091 2870 ep.

1811 2888 2212 2946 trimithuntis
2261 2887 2412 2943 lect-a
2459 2886 2521 2942 in
2568 2884 2658 2940 die
2692 2884 3095 2942 anniversaria

1811 2976 2021 3035 mortis
2079 2985 2166 3037 12.
2201 2977 2333 3032 Dec.
2371 2985 2490 3034 655
2544 2973 2606 3030 in
2654 2972 2946 3031 Trimuthi
2995 2991 3093 3030 ec-

1812 3066 2011 3123 clesia:
2048 3066 2216 3139 cujus
2240 3067 2567 3138 tragmenta
2597 3061 2784 3119 edidit
2804 3062 2872 3122 H.
2908 3061 2956 3117 U
2975 3081 3000 3118 s
3017 3082 3048 3118 e
3067 3093 3092 3105 —

1809 3173 1942 3211 ner
1973 3153 2176 3213 Jahrb.
2210 3153 2308 3209 fiir
2340 3157 2489 3225 prot.
2520 3151 2716 3209 Theol.
2747 3159 2904 3212 1857
2933 3151 3092 3217 XIII,

1814 3251 2179 3303 222—232.
2244 3275 2322 3282 —
2389 3240 2780 3297 Antonius
2844 3239 3094 3312 quidam

1808 3331 2076 3406 magistri
2114 3331 2208 3386 sui
2241 3349 2283 3385 s.
2314 3329 2546 3402 Georgii
2571 3327 2914 3385 Chozebitee
2936 3329 3093 3389 conf.

1810 3427 1868 3477 et
1901 3419 2169 3476 monachi
2205 3421 2339 3494 (sec.
2378 3418 2419 3473 V
2427 3413 2508 3496 11)
2547 3419 2718 3473 vitum
2751 3417 3090 3491 descripsit,

1810 3528 1958 3583 quae
1984 3510 2157 3581 juxta
2190 3508 2357 3564 Joan.
2393 3506 2696 3563 Pinium
2747 3506 2921 3578 plane
2968 3506 3094 3562 sin-

1811 3599 2043 3668 gulares
2065 3596 2424 3653 sinceritatis
2456 3594 2817 3652 characteres
2853 3613 2993 3667 prae
3030 3613 3095 3654 se

1811 3687 1884 3742 fei
1899 3691 1941 3754 t,
1965 3686 2283 3760 magnique
2302 3683 2581 3740 momenti
2600 3687 2692 3739 est
2713 3701 2818 3756 pro
2839 3682 3097 3740 historia

1809 3775 2084 3831 ordinum
2149 3773 2424 3830 Orientis
2502 3771 2647 3828 Eam
2711 3770 2889 3827 habes
2955 3789 3093 3828 cum

1809 3862 2111 3920 miraculis
2160 3864 2220 3918 in
2267 3860 2568 3917 Analectis
2616 3859 2876 3921 bolland.
2921 3870 3090 3920 1888

1810 3952 1935 4018 VH,
1974 3961 2308 4014 97—144;
2364 3958 2710 4010 336—359
2745 3967 2877 4005 cum
2913 3949 3095 4005 mira-

1810 4040 1960 4097 culis
1993 4059 2048 4113 p.
2086 4048 2392 4101 360-370.
2433 4071 2514 4078 -ο-
2547 4036 2860 4093 Joannes
2900 4037 3095 4094 archi·

1810 4129 2116 4204 episcopus
2139 4125 2650 4184 thessalonicensis
2685 4122 2766 4202 (fl.
2792 4120 2948 4203 680)
2971 4126 3097 4182 col-

1809 4217 1958 4292 legit
2007 4217 2288 4273 miraceda
2335 4234 2376 4276 s.
2413 4215 2690 4271 Demetrii
2721 4214 2802 4270 M.
2841 4213 3095 4271 Thessa·

1809 4305 2034 4363 lonicae
2084 4305 2144 4362 in
2195 4302 2530 4361 Macedonia
2592 4301 2663 4382 (c,
2716 4321 2764 4360 a.
2821 4297 2977 4382 306)
3032 4307 3098 4361 et

1811 4395 1987 4468 hujus
2019 4393 2185 4451 urbis
2216 4391 2469 4468 patroni,
2503 4409 2652 4464 quae
2675 4391 2852 4448 habes
2875 4391 2938 4448 in
2959 4394 3094 4449 Act.

1811 4482 1907 4539 SS.
1941 4483 2065 4538 Oct.
2096 4482 2192 4548 IV,
2239 4490 2596 4543 104—160.
2649 4480 2727 4535 Cf.
2763 4479 3096 4538 Ehrhard

1810 4570 1967 4645 apud
2001 4568 2521 4627 Krumbacher
2569 4588 2624 4642 p.
2667 4576 2783 4629 19⁶2
2836 4567 2908 4624 de
2955 4568 3097 4626 aliis

1809 4659 2066 4722 ineditis,
2115 4677 2263 4733 quae
2310 4657 2487 4731 hujus
2533 4656 2779 4714 Joannis
2827 4674 2955 4713 esse
3002 4657 3098 4714 vi-

1773 4753 1780 4824 }
1808 4749 2039 4808 dentur.
