3505 5161
447 201 576 255 279

1295 189 1591 239 401—431.
1620 182 1806 253 Opera.
1833 201 1876 239 s.
1905 181 2218 253 Augustini

2941 202 3064 256 280

444 371 733 429 adversus
778 388 1143 446 paganorum
1188 368 1725 445 praesumptionem
1782 388 1902 428 non
1961 369 2217 427 videtur.
2280 403 2366 412 ———
2432 370 2476 428 Ο
2490 369 2904 446 perosissimus
2953 369 3069 428 fuit

446 459 676 519 confert
707 458 1018 516 scientiam
1051 458 1406 517 daemonum
1438 458 1590 516 circa
1633 458 1724 515 fu·
1783 459 1989 516 contra
2019 458 2415 517 Manichae
2433 477 2510 518 os
2547 460 2752 534 eisque
2784 462 3068 535 cognatos

444 552 586 607 tura
606 547 793 606 libera
811 566 945 605 cum
965 548 1387 624 prophetarum
1413 546 1725 608 vaticiniis,
1783 546 2107 606 haereticos
2125 549 2171 604 P
2186 567 2216 604 r
2232 547 2253 605 i
2271 566 2297 605 s
2315 548 2418 606 cil
2438 547 2495 605 li
2513 568 2545 606 a
2561 567 2602 607 n
2619 548 2636 606 i
2656 567 2683 606 s
2700 551 2727 605 t
2742 568 2776 605 a
2792 565 2818 606 s
2834 549 2898 627 1),
2917 566 3067 624 quo·

445 670 534 681 ——
566 639 636 696 In
684 639 949 696 tractatu
994 655 1099 696 seu
1145 654 1415 695 sermone
1460 637 1730 694 adversos
1786 655 1919 694 rum
1951 654 2175 695 errores
2200 637 2529 696 innumeris
2548 637 2835 696 refutavit
2867 638 3064 711 operi·

442 727 706 785 Judaeos
727 721 812 807 (M
828 725 903 802 ig
919 744 958 783 n
973 744 1005 782 e
1022 725 1195 796 XLII,
1223 736 1292 787 51
1312 758 1382 767 —
1399 721 1507 806 64)
1530 729 1727 783 osten·
1784 726 1918 784 bus,
1953 725 2086 784 Huc
2117 728 2389 801 spectant
2407 726 2580 785 initio
2602 726 2838 800 quidem
2874 725 3066 784 libelli

444 812 599 894 ditl)
635 815 741 874 Dei
778 815 1081 890 justitiam
1130 814 1193 872 in
1225 813 1591 873 Judaeorum
1638 833 1729 872 re-

446 904 812 980 probatione,
864 905 926 961 et
969 903 1428 962 misericordiam
1476 902 1542 960 in
1585 922 1729 980 gen-

447 995 601 1052 tium
634 993 919 1052 electione
932 990 999 1075 2).

550 1182 686 1235 153.
722 1171 1016 1246 Operibus
1052 1170 1337 1230 adversus
1379 1170 1731 1229 haereti-

444 1279 528 1319 co
546 1279 573 1319 s
603 1260 1037 1336 praemittimus
1058 1259 1275 1318 librum
1306 1260 1375 1318 de
1406 1259 1733 1318 haeresibus

443 1348 708 1430 (Migne
750 1349 925 1419 XLII,
979 1343 1231 1428 21·51),
1298 1367 1552 1423 quarum
1597 1351 1734 1425 post

448 1438 968 1514 Epiphanium
1002 1441 1061 1496 et
1092 1438 1616 1496 Philastrium
1652 1445 1729 1500 88

445 1549 482 1586 a
535 1528 838 1586 Simone
890 1528 1062 1605 Mago
1126 1545 1318 1602 nsque
1381 1527 1450 1584 ad
1512 1526 1731 1585 Pela-

448 1618 656 1694 gium
700 1619 985 1675 recenset.
1048 1616 1119 1674 In
1151 1635 1219 1675 eo
1252 1616 1600 1691 compendio
1633 1634 1732 1673 ex·

448 1706 617 1765 hibet
648 1725 851 1764 earum
884 1706 1192 1764 historiam
1239 1709 1418 1781 atque
1465 1723 1733 1763 errorum

446 1814 739 1853 summam
787 1791 925 1876 (scr.
970 1812 1018 1857 c,
1067 1804 1192 1857 428
1230 1796 1321 1852 vel
1357 1791 1528 1873 429).
1591 1794 1731 1852 Pro-

447 1884 617 1943 misit
663 1884 909 1942 alteram
956 1885 1202 1959 partem,
1255 1884 1317 1940 in
1368 1902 1485 1957 qua
1534 1885 1728 1941 osten-

447 1974 636 2044 deret,
700 1973 847 2048 quid
896 1971 1073 2030 faciat
1122 1971 1483 2030 haereticum
1546 1976 1608 2030 et
1668 1972 1732 2028 in

1787 816 1961 890 plane
2035 816 2197 873 aurei
2277 822 2337 873 et
2395 813 2736 873 utilissimi:
2803 815 2870 871 de
2930 834 3068 872 vera

1788 905 2057 981 reliqione
2086 904 2220 981 (scr.
2252 925 2302 962 a.
2336 915 2492 974 39ος
2529 904 2781 980 Migne
2814 903 3067 973 XXXIV,

1794 1002 1907 1056 121
1929 990 2199 1068 ——173);
2246 995 2314 1050 de
2354 994 2468 1066 fide
2509 1013 2728 1067 rerum,
2776 1011 2925 1069 quae
2955 1012 3069 1051 non

1787 1084 2050 1140 videnlur
2082 1080 2360 1163 (Migne
2393 1082 2505 1153 XL,
2535 1092 2646 1145 171
2674 1117 2738 1126 -
2762 1078 2930 1162 181),
2951 1100 3070 1156 quo

1786 1171 1850 1229 in
1882 1172 2173 1245 opusculo
2206 1170 2485 1240 ostendit,
2533 1170 2710 1229 fidem
2741 1170 3071 1247 generatim

1790 1260 1852 1318 in
1884 1260 2064 1319 rebus
2096 1260 2370 1319 humanis
2421 1278 2550 1319 esse
2580 1260 2976 1318 necessariam
3009 1263 3072 1318 et

1788 1349 2154 1409 Christianos
2216 1368 2336 1408 non
2395 1352 2631 1420 temere,
2681 1349 2783 1407 sed
2829 1348 3070 1408 omnino

1788 1438 2223 1497 rationabiliter
2254 1438 2487 1496 credere
2522 1456 2632 1507 reS,
2683 1455 2829 1514 quas
2877 1438 3067 1496 oculis

1789 1545 1908 1586 non
1939 1527 2149 1585 vident
2179 1524 2316 1609 (scr.
2350 1546 2408 1602 p.
2439 1547 2488 1585 a.
2515 1522 2668 1609 399)
2701 1528 2860 1585 inter
2890 1545 3070 1602 opus-

1789 1617 1923 1675 cula
1955 1617 2050 1675 SS.
2082 1616 2194 1678 PP.
2241 1635 2275 1673 a
2320 1617 2494 1675 nobis
2546 1616 2708 1674 edita
2740 1616 3070 1691 Oeniponte

1797 1714 1961 1770 1869
1998 1705 2093 1776 VI,
2132 1715 2467 1773 84—-118;
2510 1714 2706 1774 18873
2755 1705 2860 1764 ubi
2893 1704 3072 1763 habes

1790 1814 1843 1869 p.
1887 1805 2097 1859 1—84
2144 1790 2232 1876 (et
2264 1795 2519 1871 Migne
2570 1795 2746 1865 XLII,
2785 1789 3068 1873 63-—‚-93)

1788 1883 2181 1943 bellissimum
2214 1885 2254 1942 1.
2303 1884 2372 1941 tle
2409 1885 2656 1942 utilitate
2698 1885 2966 1942 credendi
2995 1884 3068 1940 ad

1789 1972 2158 2031 Honoratum
2189 1973 2444 2031 amicum
2478 1992 2653 2031 suum
2688 1968 2793 2054 (cc.
2827 1993 2877 2031 a.
2915 1967 3067 2051 391)

447 2081 569 2137 qua
617 2061 854 2119 brevem
906 2080 1103 2119 earum
1166 2061 1465 2119 exhiberet
1510 2061 1729 2119 refuta·
1789 2062 2102 2136 deceptum
2147 2082 2179 2120 a
2224 2061 2583 2120 Manichaeis
2634 2079 2821 2137 eoque
2873 2079 3069 2119 errore

450 2151 693 2220 tionem,
729 2150 832 2208 sed
854 2153 1041 2212 morte
1062 2154 1420 2227 praeventus
1440 2170 1564 2208 eam
1598 2169 1730 2225 per·
1788 2151 2116 2223 detentum,
2150 2154 2221 2209 ut
2248 2151 2524 2209 iimideret
2553 2150 2888 2220 catholicos,
2909 2149 3068 2225 quod

447 2242 623 2299 ficere
655 2257 772 2297 non
805 2240 1021 2314 potuit.
1074 2239 1303 2297 Prodiit
1323 2240 1567 2297 seorsim
1591 2257 1733 2296 cura
1781 2240 2141 2315 juberentur
2188 2241 2440 2311 credere,
2502 2258 2625 2297 non
2674 2242 2870 2298 autem
2924 2238 3070 2314 quid

451 2329 512 2387 L.
547 2328 867 2399 Danaei,
904 2328 1170 2388 Genevae
1199 2339 1394 2395 1570;
1431 2346 1563 2385 cum
1596 2346 1730 2403 pro-

449 2416 589 2474 lixis
623 2417 1063 2476 commentariis
1112 2419 1282 2477 Laut.
1331 2418 1557 2476 Cozza
1600 2421 1645 2475 t.
1695 2425 1727 2477 2

1790 2332 1947 2386 esset
1977 2348 2204 2396 verum,
2240 2329 2573 2387 certissima
2621 2329 2848 2387 ratione
2898 2328 3068 2386 doce-

1789 2422 2013 2479 rentur.
2048 2452 2132 2462 —-
2165 2420 2254 2477 De
2289 2419 2546 2476 moribus
2568 2419 2853 2475 Ecclesiae
2877 2418 3069 2475 catho-

446 2506 665 2563 Romae
725 2516 884 2569 1707
940 2510 1053 2569 etc.
1116 2502 1210 2587 (cs.
1264 2506 1568 2564 Nomencl.
1617 2505 1728 2575 112,
1788 2508 1931 2564 licae
1963 2511 2024 2564 et
2056 2507 2127 2565 de
2147 2507 2414 2566 moribus
2436 2507 2912 2565 Manichaeorum
2930 2506 2991 2563 ll.
3014 2506 3071 2563 11

458 2590 688 2676 1003);
723 2614 855 2653 cum
889 2597 1046 2655 notis
1079 2597 1185 2655 Ed.
1219 2595 1728 2664 Welchmann‚

448 2685 863 2746 Oxonii1721
919 2685 983 2743 in
1038 2697 1106 2755 83
1162 2685 1224 2742 in
1276 2685 1455 2743 Otto
1508 2686 1732 2759 Corpus

448 2773 977 2850 haeresiologicum
996 2818 1009 2844 ,
1092 2775 1355 2833 Berolini
1442 2784 1604 2837 1856
1686 2773 1731 2842 Ι,

460 2872 823 2926 187-225.
875 2898 963 2906 -
1014 2865 1108 2921 Tr.
1166 2865 1441 2921 adversus
1489 2865 1735 2939 quinque

448 2953 715 3010 haereses
760 2970 867 3011 seu
914 2956 1119 3011 contra
1164 2954 1430 3029 quinque
1469 2953 1732 3010 hostium

447 3059 684 3116 genera,
733 3060 910 3115 quem
957 3043 1160 3116 plures
1208 3046 1476 3100 auctores
1524 3042 1732 3117 Augu-

447 3131 609 3187 stino
642 3130 923 3189 tribuunt
955 3127 1230 3210 (Migne
1262 3131 1434 3200 XLII,
1477 3142 1735 3193 1101——

461 3213 586 3299 17),
615 3218 790 3293 juxta
820 3220 910 3278 ed.
942 3222 1338 3278 maurinos
1385 3220 1577 3296 ipsius
1605 3238 1733 3277 esse

529 3394 567 3458 ¹)
594 3389 834 3469 Severus
878 3388 1271 3442 minoricensis
1306 3388 1366 3442 in
1412 3388 1736 3443 Balentium

450 3460 644 3513 insula
723 3458 1024 3529 episcopus
1087 3460 1148 3513 in
1209 3460 1431 3530 prolixa
1494 3460 1737 3529 epistola

452 3531 712 3600 (Migne
739 3530 798 3582 P.
814 3530 874 3582 L.
892 3531 1008 3595 XX,
1025 3533 1188 3588 731-
1204 3532 1498 3595 4f3etXLI,
1521 3537 1644 3587 821·
1629 3535 1735 3602 -32)

451 3603 628 3655 refert
670 3600 1097 3656 conversionem
1141 3604 1455 3657 multorum
1494 3602 1736 3657 Judaeo-

451 3690 598 3737 rum,
628 3689 774 3740 quae
791 3672 1036 3742 contigit
1050 3675 1343 3728 occasione
1364 3673 1737 3743 reliquiarum

454 3763 498 3797 s.
525 3743 802 3814 Stephani
831 3744 923 3808 M„
964 3762 1107 3813 quas
1148 3746 1191 3799 Ο
1210 3764 1237 3798 ι·
1256 3762 1286 3799 o
1305 3746 1367 3799 si
1384 3765 1421 3799 u
1440 3765 1464 3798 s
1509 3745 1737 3801 Minori-

449 3832 577 3868 cam
603 3817 877 3870 attulerat
897 3820 966 3887 (a.
986 3821 1128 3888 418).
1155 3816 1235 3872 De
1253 3817 1562 3880 miraculiS,
1590 3835 1735 3885 quae

454 3885 606 3940 Deus
632 3889 769 3941 tuno
787 3887 1057 3958 temporis
1076 3889 1332 3959 patravit
1349 3905 1448 3957 per
1464 3888 1738 3956 reliquias

436 3969 497 4010 s.
542 3957 837 4028 Stephani,
881 3960 1063 4014 multa
1089 3960 1264 4013 habet
1302 3979 1344 4012 ε.
1384 3959 1737 4026 Augusti·

452 4048 491 4082 n
510 4049 547 4083 u
566 4048 591 4082 s
616 4030 685 4084 de
713 4030 820 4085 civ.
840 4029 946 4083 Dei
962 4030 1133 4095 XXII,
1151 4039 1201 4086 8.
1219 4065 1283 4072 —-
1303 4033 1392 4085 Ab
1407 4031 1515 4086 hoc
1533 4031 1737 4085 Severo

449 4100 738 4170 distingui
811 4102 981 4156 debet
1047 4104 1081 4157 S
1098 4118 1128 4155 e
1145 4120 1179 4155 v
1195 4120 1224 4156 e
1241 4120 1268 4155 r
1286 4121 1322 4156 u
1340 4121 1365 4155 s
1439 4102 1738 4173 episcopus

452 4172 842 4237 milevitanum
881 4175 1046 4240 cujus
1086 4177 1270 4227 exstat
1308 4190 1396 4244 ep.
1437 4175 1510 4227 ad
1555 4193 1597 4227 s.
1626 4176 1737 4227 Au-

452 4243 811 4367 ῗιιιιίῑὶιιιιιιι(
793 4244 978 4315 (inter
1006 4245 1182 4313 hujus
1226 4261 1314 4315 ep.
1360 4250 1480 4326 109)
1527 4245 1738 4314 scripta

521 4322 642 4380 409
687 4314 782 4368 cui
826 4333 869 4371 s,
897 4317 1093 4371 doctor
1136 4315 1523 4371 blandissimis
1551 4316 1737 4372 verbis

453 4386 777 4456 respondet.

530 4462 568 4529 ²)
598 4457 942 4528 Suppositus
969 4461 1053 4511 est
1073 4457 1263 4512 Sermo
1280 4461 1341 4512 de
1359 4462 1586 4527 symbolo
1611 4475 1740 4512 con-

1791 2592 1865 2676 (a.
1892 2593 2062 2678 388),
2098 2617 2165 2656 ex
2186 2617 2305 2672 qua
2323 2598 2762 2672 comparatione
2781 2596 3071 2654 Ecclesiae

1792 2686 2053 2744 ostendit
2082 2687 2505 2762 praestantiam
2527 2682 2783 2767 (XXXII,
2814 2695 3072 2748 1309—-

1801 2771 2009 2852 1378).
2043 2777 2288 2833 Librum
2321 2775 2577 2850 priorem
2611 2775 2882 2833 dedimus
2915 2774 3074 2832 inter

1790 2866 2077 2939 opuscula
2153 2864 2245 2923 SS.
2311 2865 2422 2921 PP.
2487 2863 2815 2939 Oeniponte
2885 2874 3072 2928 1874.

1791 2954 2021 3024 XXVII,
2048 2963 2369 3016 36—128.
2402 2986 2488 2995 —
2521 2954 2606 3012 De
2632 2953 2838 3012 Genesi
2869 2967 3074 3012 contra

1791 3043 2158 3101 Manichaeos
2193 3043 2257 3107 11,
2289 3042 2347 3098 11
2380 3038 2454 3122 (a.
2491 3037 2664 3122 388),
2699 3042 2922 3118 quibus
2954 3041 3074 3100 tria

1791 3133 1988 3206 priora
2037 3132 2178 3191 Gen.
2211 3151 2288 3191 cc.
2340 3136 2547 3190 contra
2593 3132 2830 3189 illorum
2865 3134 3074 3189 tuetur

1792 3221 2215 3279 cavillationes.
2248 3255 2334 3264 —-
2366 3221 2543 3279 Liber
2562 3228 2761 3278 contra
2777 3221 3069 3277 Adiman-

1792 3317 1915 3367 tum
1947 3309 2273 3367 Manichaei
2307 3309 2670 3386 discipulum
2703 3304 2777 3388 (a.
2815 3318 2959 3380 394,
2991 3308 3072 3370 ib.

1791 3418 1846 3472 p.
1889 3408 2184 3461 129n—17
2197 3395 2278 3480 3),
2323 3399 2427 3473 qui
2473 3417 2541 3457 ex
2588 3397 2660 3460 N.
2694 3398 3072 3456 Testamento

1794 3486 1856 3550 V
1909 3487 2390 3564 impugnaverat3
2454 3489 2515 3550 11,
2566 3487 2810 3545 XXXIII
2870 3494 3075 3545 contra

1795 3577 2081 3636 Faustum
2130 3578 2528 3635 manichaeum
2579 3576 2650 3652 (c.
2702 3596 2752 3633 a.
2792 3587 2938 3646 400,
2991 3577 3072 3634 ib.

1871 3750 1907 3818 ¹)
1937 3747 2152 3802 Οοιιιιι
2180 3747 2285 3800 hos
2325 3747 2552 3800 videtur
2592 3743 2765 3800 etiam
2790 3762 3075 3816 pugnasse

1794 3816 1837 3870 O
1856 3819 1928 3886 ly
1944 3837 1999 3870 ιιι
2018 3838 2054 3888 p
2072 3818 2091 3871 i
2109 3836 2146 3870 u
2165 3837 2207 3881 8,
2252 3839 2301 3873 n
2297 3819 2484 3873 itione
2515 3817 2821 3888 HispanuS,
2862 3817 3077 3887 episco-

1793 3907 1902 3959 pus
1927 3888 2177 3944 incertae
2199 3889 2363 3952 sedis,
2392 3889 2494 3957 qui
2516 3892 2656 3942 teste
2685 3888 2731 3941 G
2748 3905 2777 3941 e
2795 3910 2832 3944 n
2849 3907 2884 3939 n
2902 3905 2936 3940 a
2952 3888 3018 3941 d
3005 3906 3026 3940 ι
3043 3906 3075 3942 ο

1794 3960 1862 4012 de
1889 3960 2027 4014 viris
2068 3960 2148 4016 ill.
2189 3978 2234 4013 c.
2264 3967 2348 4026 23,
2393 3960 2652 4030 „scripsit
2690 3959 2900 4014 librum
2943 3958 3077 4012 fidei

1793 4031 2065 4086 adversus
2110 4048 2220 4092 eos,
2266 4032 2367 4099 qui
2412 4035 2678 4086 naturam
2703 4034 2762 4084 et
2786 4048 2902 4084 non
2927 4030 3077 4084 arbi-

1795 4102 1966 4158 trium
1995 4103 2054 4157 in
2096 4106 2322 4172 culpam
2363 4105 2587 4167 vocant,
2633 4102 2934 4158 ostendens
2959 4118 3077 4156 non

1795 4174 2081 4228 creatione
2126 4174 2222 4227 sed
2260 4172 2652 4228 inobedientia
2677 4174 2956 4228 insertum
2981 4189 3079 4227 na-

1794 4248 1956 4299 turae
1987 4246 2213 4300 malum.
2265 4244 2452 4299 Verba
2496 4245 2778 4313 quaedam
2823 4244 3080 4325 ejusdem

1795 4319 1862 4370 ut
1886 4316 1998 4370 viri
2023 4333 2264 4386 magnae
2291 4316 2351 4371 in
2380 4315 2627 4370 Ecclesia
2666 4318 2726 4370 et
2761 4315 2824 4368 in
2852 4315 3079 4370 Christo

1794 4387 2011 4458 gloriae
2055 4405 2184 4442 cum
2227 4387 2470 4442 aliorum
2516 4406 2584 4441 ss.
2637 4389 2863 4467 patrum
2923 4387 3080 4440 testi-

1796 4459 2002 4513 moniis
2026 4458 2179 4528 alleg
2181 4462 2243 4512 at
2287 4477 2326 4511 s.
2355 4457 2847 4528 Augustinus
2891 4475 2937 4510 c.
2980 4457 3080 4510 Ju-

453 4532 544 4581 tra
570 4528 836 4593 Judaeos,
863 4546 1117 4600 paganos
1134 4534 1191 4582 et
1208 4529 1448 4584 Arianos
1470 4529 1737 4601 (Migne
1792 4531 2081 4595 lianuml,
2109 4479 2179 4586 8.g
2209 4529 2376 4584 Nihil
2413 4534 2603 4584 tamen
2643 4529 2805 4583 aliud
2842 4529 2912 4583 de
2952 4527 3080 4599 ipso

454 4599 1057 4672 XL11,1117—1131):

460 4746 634 4812 1140).

1108 4604 1170 4655 de
1207 4605 1544 4655 altercatione
1570 4605 1739 4656 Eccle-
1795 4602 2034 4662 scirnus;
2075 4601 2288 4672 scripta
2332 4619 2559 4670 quoque
2602 4602 2725 4670 ejus

447 4677 563 4726 siae
612 4680 658 4724 et
705 4689 1001 4740 synayoqae
1062 4672 1328 4743 dialogus
1379 4672 1477 4743 (ib.
1533 4680 1737 4729 1131-
1797 4673 2081 4727 Floruisse
2102 4674 2330 4726 videtur
2368 4673 2605 4726 ineunte
2623 4689 2728 4726 sec.

2806 4600 3079 4654 erierunt.

2801 4671 2923 4726 .Cf.
2952 4671 3080 4726 Nic.

1797 4743 2176 4798 Antonius
2203 4743 2362 4814 Hisp.
2391 4747 2502 4798 vet.
2531 4745 2615 4798 Il.
2646 4752 2676 4816 ’.
2702 4761 2747 4799 c
2765 4749 3082 4801 7n.2438s.
