3505 5161
329 273 445 325 129

1453 255 1504 309 S.
1534 254 1811 309 Hilarius.

2815 275 2934 328 130

320 442 532 505 tinum.
600 442 691 502 Ob
742 442 1017 513 virtutes,
1071 461 1219 518 quas
1268 443 1365 501 vel
1411 443 1599 501 laicus
1656 446 1749 503 tra
1778 440 2036 501 Arianos
2069 440 2244 501 latini
2283 443 2569 503 sermonis
2600 438 2935 524 tubam‘l),

320 530 519 601 coluit,
561 531 952 591 concordante
985 531 1181 591 favore
1211 531 1418 608 populi
1449 532 1600 591 elec·
1656 550 1794 590 eum
1842 530 2107 606 appellat
2151 550 2195 589 s,
2242 530 2761 608 Hieronymus
2807 532 2845 589 l.
2880 543 2936 594 2.

318 624 420 678 tus
453 624 547 679 est
560 620 873 697 episcopus
893 621 1074 696 paulo
1102 624 1242 680 ante
1274 640 1324 680 a.
1361 629 1503 693 355,
1541 623 1603 679 et
1657 620 1938 679 adversus
1967 619 2248 680 Rufinum
2281 638 2339 681 n.
2379 630 2477 691 19,
2511 619 2619 696 qui
2650 625 2710 679 et
2740 639 2831 696 ep.
2856 631 2935 683 34

321 708 533 768 exinde
593 728 728 768 cum
792 710 1043 787 conjuge
1092 710 1399 787 professus
1462 728 1598 769 con·
1656 728 1712 773 n.
1751 720 1786 772 3
1835 708 1907 766 ad
1955 709 2280 768 Marcellam
2325 712 2603 780 testatur,
2651 728 2785 768 eum
2836 718 2938 777 ,et-

318 798 654 857 tinentiam.
688 800 961 876 Magnam
993 799 1243 875 adeptus
1274 800 1431 857 inter
1464 799 1600 857 Gal-

320 887 434 946 liae
487 888 791 963 episcopos
837 888 1254 947 auctoritatem
1295 887 1371 947 ob
1423 907 1599 947 suum

320 977 383 1034 in
415 976 641 1036 tuenda
669 976 784 1035 fide
816 976 1106 1036 catholica
1124 976 1409 1037 adversus
1429 977 1599 1036 Aria-

319 1084 530 1123 norum
583 1065 1044 1126 machinationes
1074 1066 1282 1129 zelum.
1348 1069 1399 1125 A
1445 1085 1600 1125 com-

321 1154 607 1213 munione
639 1173 774 1214 cum
803 1173 1013 1214 eorum
1032 1155 1374 1232 coryphaeis
1395 1154 1598 1215 Satur-

319 1243 460 1301 nino
492 1242 873 1319 metropolita
892 1244 1228 1315 arelatensi,
1263 1243 1510 1303 Valente
1542 1246 1604 1302 et

319 1331 554 1390 Ursacio
587 1350 650 1391 se
682 1350 816 1391 cum
848 1332 1089 1410 collegis
1122 1332 1433 1409 separavit,
1466 1332 1602 1392 hinc

319 1438 525 1480 eorum
576 1421 832 1481 incurrit
881 1421 998 1480 iras
1048 1425 1110 1482 et
1157 1422 1432 1493 insidias,
1496 1422 1600 1498 qui

318 1509 552 1569 tamdiu
603 1529 738 1569 eum
788 1509 948 1586 apud
995 1510 1410 1570 Constantium
1458 1512 1596 1591 imp.

319 1604 688 1670 accusarunt,
741 1598 926 1657 donec
976 1600 1147 1659 exsul
1178 1600 1243 1658 in
1273 1600 1598 1677 Phrygiam

319 1687 666 1748 mitteretur
728 1685 802 1764 (a.
870 1684 1043 1770 356).
1126 1688 1347 1749 Verum
1411 1692 1473 1747 et
1535 1687 1599 1748 in

320 1776 564 1836 Oriente
596 1780 764 1836 tanto
794 1777 918 1836 zelo
949 1776 1088 1836 fidei
1121 1777 1443 1837 catholicae
1463 1796 1599 1837 cau-

318 1884 439 1924 sam
481 1864 625 1942 egit,
673 1868 745 1925 ut
788 1865 932 1941 ipsis
976 1866 1214 1926 Arianis
1248 1866 1601 1946 urgentibus

320 1954 536 2030 ,quasi
569 1953 892 2014 discordiae
924 1953 1310 2015 seminarium
1360 1959 1421 2014 et
1464 1974 1599 2033 per-

319 2042 593 2103 turbator
612 2042 872 2103 Orientis
905 2043 1098 2103 redire
1128 2044 1193 2105 in
1213 2044 1433 2105 Gallias
1463 2044 1598 2104 abs-

318 2151 434 2207 que
446 2131 640 2191 exsilii
652 2132 1032 2209 indulgentia
1044 2140 1071 2170 ¹
1078 2133 1103 2208 j
1112 2133 1396 2192 uberetur
1408 2128 1471 2214 (S
1478 2133 1599 2209 ulp.

319 2221 659 2280 Severus
704 2220 912 2281 Chron.
950 2233 1049 2294 ll,
1096 2232 1195 2295 45,
1245 2219 1329 2305 4).
1394 2221 1599 2281 Redux

318 2328 534 2386 magua
579 2310 1006 2369 catholicorum
1051 2311 1458 2387 gratulatione
1500 2330 1599 2369 ex-

318 2403 527 2475 ceptus
573 2402 664 2457 est
706 2395 767 2481 (a
804 2395 975 2480 360).
1040 2399 1177 2459 Jam
1207 2418 1411 2460 omnes
1443 2400 1600 2459 vires

318 2506 385 2545 eo
420 2487 697 2558 intendit,
732 2490 804 2546 ut
834 2488 1085 2548 vulnera
1114 2488 1393 2549 ecclesiae
1423 2487 1599 2567 galli-

316 2595 494 2636 canae
524 2576 599 2636 ab
619 2575 857 2637 Arianis
877 2575 1047 2637 illata
1064 2576 1345 2657 congruis
1366 2584 1601 2638 sanaret

316 2665 595 2725 remediis
614 2666 958 2727 felicissimo
977 2666 1209 2727 fructu:
1243 2687 1381 2727 nam
1402 2707 1431 2737 ,
1445 2667 1599 2727 illud

316 2754 475 2831 apud
507 2773 711 2815 omnes
743 2755 1029 2823 constitit,
1064 2749 1267 2833 inquit
1298 2755 1599 2832 Sulpicius

320 2845 405 2902 Se
425 2861 656 2904 verus
690 2843 725 2901 l.
757 2862 824 2914 c.,
857 2845 1039 2903 unius
1069 2844 1283 2904 Hilarii
1316 2844 1599 2904 beneficio

318 2931 537 2992 Gallias
557 2936 792 2992 nostras
826 2931 1059 3009 piaculo
1091 2934 1347 2994 haeresis
1379 2934 1596 2993 libera-

316 3028 471 3079 ωε(
537 3020 732 3080 Etiam
778 3021 851 3081 de
895 3021 1072 3081 Italia
1116 3021 1236 3081 fuit
1285 3022 1596 3082 sollicitus.

318 3110 471 3170 Hinc
520 3110 682 3184 alpes
727 3110 1151 3171 transcendens
1196 3111 1597 3173 Mediolanum

318 3200 500 3269 venit,
534 3201 603 3257 ut
633 3199 816 3275 hujus
836 3198 1112 3259 ecclesiae
1133 3203 1338 3259 contra
1363 3201 1597 3259 Auxen-

316 3287 470 3346 tium
523 3287 885 3364 episcopum,
949 3289 1304 3348 Arianorum
1364 3308 1597 3348 causam

316 3396 422 3452 per
471 3375 704 3435 Italiam
757 3396 935 3451 quam
985 3378 1235 3436 maxime
1284 3378 1599 3447 foventem,

318 3465 685 3528 subveniret.
720 3464 833 3524 Sed
849 3464 1253 3526 Valentiniani
1274 3466 1411 3542 imp.
1433 3486 1597 3526 man-

317 3553 454 3612 dato
488 3556 793 3630 tamquam
834 3555 991 3630 pacis
1035 3556 1420 3630 perturbator
1451 3556 1599 3614 urbe

319 3642 526 3702 cedere
576 3646 670 3701 est
720 3646 975 3702 coactus.
1054 3643 1255 3703 Rediit
1302 3644 1593 3714 Pictavos,

318 3732 424 3790 ubi
470 3731 793 3790 exercendo
839 3734 1073 3791 muneri
1118 3732 1404 3809 pastorali
1450 3732 1595 3791 scri-

315 3819 642 3897 bendisque
661 3819 832 3879 libris
863 3820 934 3879 ad
965 3825 1215 3881 mortem
1235 3840 1428 3897 usque
1448 3824 1598 3880 stre-

315 3928 437 3968 nue
470 3908 717 3979 vacavit,
764 3928 915 3985 quae
960 3910 1214 3987 contigit
1257 3929 1307 3968 a.
1344 3919 1465 3974 366
1501 3910 1596 3968 vel

322 4009 422 4062 13.
454 3998 589 4062 Jan.
626 4007 748 4061 367
786 3993 979 4079 (Juxta
1010 3998 1159 4058 alios
1196 3994 1367 4080 368).
1425 3998 1597 4057 Sum-

318 4108 413 4146 ma
459 4086 578 4146 fuit
622 4105 855 4163 semper
898 4087 1078 4164 hujus
1117 4087 1408 4164 praesulis
1440 4087 1596 4163 apud

318 4177 532 4247 Gallos,
567 4176 685 4234 imo
718 4174 783 4234 in
813 4177 1086 4236 universa
1110 4176 1372 4235 Ecclesia
1398 4177 1596 4235 catho-

318 4264 430 4324 lica
460 4264 806 4325 auctoritas.
876 4264 1064 4334 ,Quis
1097 4266 1271 4335 enim,
1307 4263 1517 4329 scribit
1549 4284 1593 4324 s.

318 4354 815 4432 Augustinus
866 4357 1072 4413 contra
1119 4353 1239 4418 Jul.
1272 4355 1308 4412 l.
1350 4366 1401 4416 1.
1436 4372 1482 4412 c.
1520 4364 1596 4424 3.,

317 4444 570 4519 ignorat,
618 4442 918 4502 Hilarium
964 4443 1305 4519 episcopum
1350 4442 1596 4521 gallum,

1656 796 2043 857 consessionis
2076 816 2220 858 suae
2265 797 2477 858 merito
2529 800 2592 857 et
2641 798 2796 857 vitae
2845 796 2936 857 in'-

1657 886 1889 947 dustria
1937 889 2000 945 et
2047 886 2419 962 eloquentiae
2464 887 2747 957 claritate,
2798 887 2937 947 ubi·

1656 994 1893 1051 cunque
1938 994 2245 1035 romanum
2292 994 2508 1037 nomen
2551 979 2660 1047 est,
2706 976 2936 1052 praedi-

1656 1065 1836 1124 cari.‘
1886 1064 2052 1123 Inter
2071 1063 2442 1124 doctissimos
2471 1065 2650 1135 viros,
2683 1067 2939 1124 testatur

1657 1152 2935 1225 Cassiodoriusdeinstit.diV.lit.c.18,

1658 1242 1923 1318 ,quibus
1969 1242 2139 1302 velut
2182 1242 2376 1302 stellis
2409 1242 2773 1302 micantibus
2806 1261 2936 1302 coe-

1655 1332 1783 1390 lum
1845 1331 2038 1409 fulget
2088 1330 2352 1391 Ecclesia
2400 1376 2415 1392 .
2448 1379 2461 1395 .
2496 1376 2509 1390 .
2560 1351 2608 1391 s.
2670 1331 2938 1391 Hilarius

1655 1419 2041 1496 pictaviensis
2063 1419 2228 1480 urbis
2248 1421 2559 1497 episcopus
2585 1421 2772 1480 nimia
2802 1440 2936 1496 pro-

1656 1508 1958 1569 funditate
1976 1508 2221 1569 subtilis
2252 1513 2313 1568 et
2331 1508 2713 1570 cautissimus
2734 1509 2936 1584 dispu-

1656 1601 1818 1659 tator
1846 1597 2085 1672 incedit,
2121 1598 2390 1674 altasque
2421 1597 2756 1657 divinarum
2783 1598 2935 1658 Scri-

1655 1691 1973 1763 pturarum
1988 1687 2230 1765 abyssos
2248 1686 2311 1744 in
2324 1686 2588 1746 medium
2603 1689 2937 1746 reverenter

1654 1776 1946 1837 inducens
1997 1775 2138 1834 facit
2181 1778 2518 1852 praestante
2551 1777 2672 1834 Deo
2709 1775 2936 1835 illumi·

1656 1867 1798 1924 nata
1827 1867 2027 1924 mente
2058 1864 2336 1941 conspici,
2383 1883 2534 1941 quae
2563 1864 2732 1941 prius
2763 1884 2934 1941 para-

1657 1953 1813 2013 bolis
1843 1954 2199 2013 velabantur
2235 1953 2523 2014 obscuris,
2538 1961 2566 1990 ¹
2635 1953 2787 2012 Aliis
2834 1973 2936 2012 en-

1656 2042 1863 2102 comiis
1925 2041 2360 2118 praetermissis
2432 2041 2688 2101 sufficiat
2749 2042 2939 2113 nobis,

1656 2132 1858 2191 Pium
1875 2131 1972 2189 IX.
1992 2150 2127 2190 eum
2155 2150 2205 2196 a.
2233 2140 2396 2196 1852
2435 2131 2939 2208 instantesynodo

1655 2220 2067 2298 burdigalensi
2113 2220 2471 2279 universalis
2503 2219 2796 2280 Ecclesiae
2836 2220 2937 2279 do·

1654 2312 1877 2368 ctorem
1909 2308 2236 2368 declarasse
2248 2303 2317 2391 ²).

1736 2534 1770 2602 ¹)
1803 2528 2145 2594 „Buccinam
2207 2529 2551 2587 terribilem⁶⁶
2607 2547 2735 2586 eum
2799 2530 2943 2587 dicit

1654 2601 1978 2658 Venantius
2021 2603 2112 2656 Fo
2135 2608 2503 2658 rtunatus
2542 2602 2579 2660 l.
2611 2611 2655 2658 1.
2701 2603 2773 2658 de
2817 2603 2939 2657 vita

1655 2692 1699 2798 tls.
1725 2673 1980 2756 affamini.
2037 2676 2097 2728 ln
2143 2677 2331 2729 vetere
2373 2674 2747 2745 inscriptione
2775 2674 2844 2727 de
2873 2692 2938 2729 eo

1679 2761 1708 2798 e
1755 2763 1937 2800 lmus:

1659 2856 1683 2878 .,
1745 2815 1945 2872 ilarius
1986 2819 2160 2871 cubat
2200 2817 2305 2869 hac
2333 2816 2600 2869 Pictavus
2640 2815 2939 2886 episcopus

1798 2904 1962 2940 urna.

1655 2956 1931 3011 Defensor
1958 2961 2183 3011 nostrae
2211 2956 2496 3011 terrificus
2522 2956 2672 3010 fidei.

1655 3029 1822 3082 lllius
1846 3028 2181 3099 adspectum
2223 3032 2511 3098 serpentes
2551 3029 2696 3082 ferre
2743 3026 2939 3095 nequi·

1804 3102 1956 3155 bant.

1655 3170 1706 3223 N
1711 3170 1861 3294 esclilo
1877 3186 2060 3294 bquae
2110 3170 2172 3225 in
2223 3171 2388 3224 vultu
2443 3168 2665 3241 spicula
2710 3172 2938 3221 sanctus

1840 3259 1872 3295 a
1915 3245 2021 3296 et.“

1729 3316 1770 3383 ἲ)
1800 3313 1962 3367 Sicut
1989 3331 2030 3366 s.
2047 3312 2398 3366 Athanasius
2420 3310 2690 3367 familiari
2697 3310 2936 3379 junctus

1654 3388 1778 3438 erat
1802 3383 2058 3439 amicitia
2099 3400 2308 3454 magno
2337 3381 2590 3437 Antonio
2632 3381 2784 3435 vitae
2825 3399 2939 3436 mo·

1654 3455 1906 3510 nesticae
1933 3471 2034 3526 per
2061 3457 2388 3526 Aegyptum
2412 3457 2752 3524 promotore,
2779 3452 2862 3506 ita
2883 3456 2942 3506 et

1655 3545 1697 3579 s.
1725 3526 1980 3580 Hilarius
2007 3544 2280 3596 magnum
2322 3525 2601 3580 Martin
2619 3543 2657 3579 u
2676 3545 2729 3578 m
2758 3523 2940 3579 Picta-

1655 3615 1756 3651 vos
1807 3597 2073 3668 suscepit,
2117 3597 2220 3666 qui
2259 3601 2316 3650 et
2354 3596 2568 3652 ibidem
2600 3596 2850 3667 primum
2877 3594 2940 3650 in

1656 3667 1858 3723 Galliis
1901 3670 2309 3724 monasterium
2349 3667 2611 3722 condidit
2644 3667 2938 3736 vitamque

1657 3739 2030 3794 monasticam
2064 3740 2176 3793 late
2206 3759 2305 3809 per
2332 3739 2547 3796 Gallias
2575 3739 2937 3810 propagavit.

1656 3810 1843 3864 Natus
1869 3814 1954 3863 est
1981 3810 2262 3864 Martinus
2289 3810 2560 3864 Sabariae
2589 3812 2848 3882 (Sarwar)
2877 3809 2938 3863 in

1653 3880 1953 3935 Pannonia.
1980 3900 2027 3937 c.
2047 3899 2098 3934 a.
2118 3888 2222 3938 316
2250 3881 2586 3951 parentibus
2606 3880 2938 3950 gentilibus.

1658 3952 1806 4006 Puer
1833 3953 2132 4023 amplexus
2157 3954 2244 4004 est
2268 3952 2435 4004 fidem
2464 3951 2855 4016 christianam,
2882 3955 2942 4006 et

1652 4040 1704 4078 a.
1730 4024 1936 4077 aetatis
1980 4029 2060 4078 18.
2101 4022 2444 4092 baptizatus.
2508 4022 2747 4076 Juvenis
2782 4039 2938 4076 arma.

1653 4094 1832 4165 gessit
1853 4094 2031 4148 vitam
2052 4096 2244 4147 tamen
2265 4093 2533 4147 monachi
2550 4092 2743 4163 potius
2762 4109 2939 4162 agens

1655 4182 1830 4233 quam
1857 4163 2074 4224 militis.
2126 4163 2394 4217 Missione
2436 4165 2665 4217 demum
2704 4167 2937 4232 accepta

1653 4237 1919 4291 Pictavos
1959 4236 2030 4289 ad
2077 4253 2119 4288 s.
2147 4234 2433 4288 Hilarium
2476 4252 2531 4287 se
2560 4234 2790 4304 recepit,
2835 4233 2936 4301 qui

1653 4325 1785 4362 eum
1805 4309 1877 4360 ad
1901 4306 2267 4361 diaconatum
2289 4321 2616 4375 promovere
2637 4303 2938 4374 cogitavit,

1654 4380 1748 4432 sed
1779 4379 1868 4432 vir
1892 4376 2130 4432 humilis
2171 4375 2543 4430 exorcistatus
2583 4374 2782 4429 ordine
2825 4375 2940 4428 fuit

1655 4454 1972 4505 contentus
2005 4448 2247 4502 Maxime
2276 4446 2568 4517 splendere
2596 4446 2786 4516 coepit
2806 4465 2935 4500 cum

316 4528 612 4592 Ecclesiae
632 4528 952 4591 catholicae
972 4531 1255 4590 adversus
1276 4530 1599 4590 haereticos
1654 4522 1869 4576 electus
1908 4523 1994 4573 eSt
2033 4519 2093 4573 in
2123 4518 2453 4590 episcopum
2499 4522 2862 4571 turonensem
2891 4536 2936 4571 C.

318 4622 669 4681 acerrimum
711 4619 1078 4681 defensorem
1108 4619 1509 4680 venerandum
1526 4623 1553 4677 ¹?
1569 4627 1596 4656 ‘

1652 4609 1703 4645 a.
1732 4596 1854 4649 371.
1883 4591 2097 4645 Multos
2124 4588 2408 4646 convertit
2432 4589 2504 4641 ad
2534 4587 2823 4642 Christum
2845 4590 2935 4641 de·

1654 4662 1937 4732 cessitque
1990 4661 2320 4732 praesulum
2374 4660 2664 4730 exemplar
2713 4659 2932 4714 illustre

317 4709 474 4769 Hinc
504 4727 638 4769 ¹³⁰¹
672 4710 711 4773 l·
748 4718 804 4775 2·
836 4727 882 4767 ⁰·
919 4718 954 4774 3
989 4730 1045 4767 n·
1066 4719 1171 4772 28·
1205 4728 1342 4768 eum
1376 4710 1600 4767 salunt
1658 4742 1740 4790 11.
1769 4735 1912 4787 Nov.
1960 4738 2063 4790 397
2111 4732 2441 4804 &secundum
2469 4730 2611 4787 alios
2636 4747 2686 4784 a.
2715 4737 2817 4788 399
2845 4731 2933 4783 vel
2990 4743 3003 4752 ·

319 4798 1042 4877 ‚insignemEcclesiarum
1058 4798 1395 4859 doctorem‘.
1414 4798 1597 4866 ,0011-
1654 4809 1798 4876 400).
1850 4805 2018 4858 Tanti
2065 4804 2175 4857 viri
2205 4807 2465 4875 superest
2490 4801 2719 4857 nonnisi
2745 4801 2936 4854 brevis

530 4908 723 4962 Burtcr,
752 4906 1080 4954 Nomenclator
1107 4907 1123 4952 1
1151 4908 1209 4952 ed
1237 4905 1316 4952 111.

2581 4902 2611 4946 5
