3505 5161
478 163 594 221 251

1214 159 1513 211 401—431.
1542 151 1592 203 S.
1620 149 1871 203 Joannes
1900 150 2351 219 Chrysostomus,

2963 172 3084 227 25⁶2

471 333 560 401 ὅτι
619 342 718 402 τὸν
778 336 986 405 ἑαυτὸν
1046 345 1129 426 μὴ
1190 337 1511 403 ἀδικοῦντα
1562 332 1752 407 οὐδεὶς
1805 339 1944 396 eccl.
1978 355 2058 397 or.
2092 339 2319 415 Lipsiae
2350 350 2511 405 1853
2535 351 2817 416 1³.327-
2838 352 3087 405 420.-

432 451 443 455 ·
470 429 864 513 παραβλάψαι
895 432 1138 493 δὺναται
1182 429 1341 505 quod
1379 446 1541 487 nemo
1570 429 1749 485 laedi-
1809 426 2090 503 Synopsis
2136 428 2192 492 V.
2227 436 2276 486 et
2310 430 2384 486 N.
2412 432 2472 488 Τ.
2506 432 2599 488 est
2630 431 2842 489 saltem
2875 430 3085 490 dubia:

469 522 569 573 tur
600 520 717 575 nisi
747 537 784 576 a
814 537 874 576 se
902 521 1030 594 ipso
1044 540 1072 590 ,·
1116 521 1152 577 l.
1185 521 1263 577 ad
1295 538 1407 592 eos,
1454 519 1553 594 qui
1583 536 1749 575 scan-

468 606 712 665 dalizati
759 616 892 666 sunt
942 609 1017 666 ob
1067 608 1474 676 adversitates,
1527 606 1749 681 quibus

469 695 566 753 vix
616 696 842 772 aliquid
893 698 1156 756 nobilius
1207 701 1269 756 et
1317 696 1636 756 sublimius
1685 695 1749 753 in

431 823 434 826 ⁴
467 788 709 860 patrum
755 786 995 863 scriptis
1034 786 1347 862 reperitur.
1395 820 1481 830 —
1532 786 1747 858 Super-

468 876 613 931 sunt
662 877 723 932 et
776 885 899 939 238
953 873 1300 957 epistotae1),
1354 893 1574 944 omnes,
1628 894 1748 933 una

465 966 725 1038 excepta,
759 964 821 1022 in
847 965 1051 1024 exsilio
1073 966 1327 1041 scriptae
1346 965 1577 1034 ultim0‚
1610 964 1745 1022 bre-

471 1070 569 1109 ves
601 1053 951 1129 plerumque
986 1056 1086 1113 sed
1119 1054 1527 1113 testimonium
1552 1054 1746 1128 pater-

464 1159 576 1200 nae
626 1142 1051 1202 sollicitudinis
1100 1147 1162 1203 et
1210 1162 1383 1202 curae
1430 1142 1745 1218 pastoralis

464 1230 870 1301 tenerrimum,
918 1233 1077 1292 inter
1121 1251 1269 1309 quas
1317 1232 1612 1291 excellunt
1656 1250 1744 1307 ep.

474 1329 546 1380 17
599 1322 678 1378 ad
714 1321 1110 1398 Olympiadem
1157 1322 1397 1380 viduam
1443 1325 1505 1380 et
1549 1320 1743 1379 diaco-

461 1408 685 1468 nissam
740 1410 1105 1487 prolixioreS,
1168 1430 1320 1487 quae
1372 1410 1469 1468 vix
1519 1410 1743 1484 absque

462 1497 743 1574 lacrymis
766 1500 885 1577 legi
905 1509 1173 1575 possunt,
1191 1505 1372 1575 atque
1391 1500 1745 1558 inexhausta

463 1587 807 1662 eloquentia
868 1589 978 1648 hoc
1053 1590 1173 1648 fere
1234 1609 1424 1648 unum
1482 1589 1745 1647 tractant

461 1683 899 1752 argumentum,
934 1697 1109 1754 quam
1145 1678 1435 1737 salutares
1466 1678 1590 1736 sint
1635 1678 1741 1736 tri-

457 1765 810 1829 bulationes,
844 1801 930 1810 -
964 1768 1178 1825 Mirum
1212 1786 1337 1826 esse
1381 1786 1501 1825 non
1544 1766 1739 1836 debet,

461 1858 583 1912 tam
616 1856 836 1915 celebri
867 1857 1262 1915 concionatori
1299 1857 1520 1915 multas
1553 1856 1740 1913 homi-

459 1942 567 2001 lias
597 1943 784 2002 fuisse
804 1946 1157 2021 suppositas,
1191 1965 1339 2020 quas
1373 1946 1468 2003 hic
1498 1964 1740 2003 enume-

458 2051 590 2089 rare
642 2051 761 2092 non
812 2030 1058 2115 vac-affl).
1104 2067 1189 2076 --
1227 2035 1455 2111 Duplex
1504 2053 1741 2110 quoque

459 2122 572 2179 sub
606 2123 735 2197 ejus
779 2123 1016 2182 nomine
1048 2124 1463 2182 circumfertur
1494 2123 1738 2182 litur-

456 2209 613 2287 gia,
646 2211 926 2286 prolixior
955 2215 1016 2271 et
1043 2213 1301 2280 brevior,
1336 2232 1487 2287 quae
1518 2212 1615 2271 vix
1648 2216 1738 2269 ta-

459 2300 551 2370 lis,
586 2300 780 2374 qualis
800 2302 973 2360 modo
994 2305 1243 2378 prostat,
1278 2303 1352 2360 ab
1384 2319 1448 2361 eo
1480 2304 1573 2360 est
1605 2317 1738 2376 pro-

456 2384 687 2469 fectass).
718 2390 945 2449 Prodiit
975 2391 1036 2449 in
1070 2392 1345 2450 Daniel
1379 2390 1511 2453 Cod.
1534 2390 1737 2467 liturg.

536 2568 570 2626 Ι)
599 2561 853 2632 Epistola
879 2564 950 2616 ad
976 2565 1289 2618 Caesarium
1324 2562 1377 2615 ei
1403 2560 1612 2631 passim
1643 2559 1738 2614 tri-

455 2634 596 2688 buta
624 2634 800 2689 dubia
827 2634 1072 2698 videtur,
1101 2634 1213 2687 imo
1242 2632 1629 2704 supposititia.
1656 2632 1737 2686 De

454 2721 521 2757 ea
544 2723 783 2776 magnae
810 2705 948 2760 olim
976 2706 1290 2774 viguerunt
1320 2703 1736 2758 controversiae

454 2781 687 2848 propter
715 2777 994 2846 quaedam
1025 2779 1210 2838 verba,
1229 2792 1374 2845 quae
1394 2776 1738 2829 videbantur

455 2848 1114 2903 transsubstantiationis
1140 2846 1394 2930 dogmati
1416 2847 1734 2900 adversari:

451 2920 667 2974 dicitur
693 2920 846 2975 enim
872 2922 1079 2973 natura
1106 2937 1273 2991 panis
1300 2921 1360 2973 in
1387 2919 1734 2974 eucharistia

453 3008 697 3046 manere.
745 2991 851 3047 Sed
879 2991 1109 3044 nomine
1137 3011 1174 3044 n
1190 2995 1316 3044 atu
1335 3010 1362 3044 r
1376 3008 1409 3044 a
1426 3007 1455 3044 e
1481 2989 1735 3060 intelligi

451 3063 621 3117 debet
671 3081 891 3118 summa
942 3064 1290 3130 qualitatum
1354 3062 1733 3126 sensibilium,

450 3135 661 3203 quibus
706 3134 871 3205 panis
918 3135 1239 3188 substantia
1284 3153 1341 3188 se
1385 3134 1732 3187 manifestat.

453 3208 603 3259 Inter
630 3225 673 3262 s.
694 3205 973 3276 praesulis
994 3207 1264 3275 epistolas
1287 3211 1547 3276 receptae
1576 3206 1733 3258 fuere

450 3279 729 3344 quaedam
750 3280 1011 3348 (237—41
1034 3283 1091 3331 et
1107 3280 1250 3332 forte
1270 3283 1414 3349 233),
1440 3294 1586 3346 quae
1599 3280 1734 3330 sunt

450 3349 491 3402 C
509 3367 540 3402 o
559 3367 594 3400 ιι
614 3354 673 3402 st
686 3367 718 3401 a
737 3367 769 3400 n
791 3352 815 3401 t
831 3349 886 3401 ii
912 3350 1228 3417 presbyteri
1244 3349 1591 3412 antiocheni,
1609 3350 1732 3417 ejus

447 3420 636 3482 aurici,
663 3419 766 3487 qui
795 3421 1023 3473 videtur
1044 3437 1159 3472 esse
1185 3421 1295 3482 ille,
1324 3422 1424 3489 qui
1447 3419 1732 3489 cognomi-

449 3493 622 3545 natur
642 3493 715 3544 ab
734 3491 863 3544 aliis
891 3489 930 3543 C
949 3507 1073 3543 ons
1092 3492 1347 3545 tantin
1366 3510 1403 3545 u
1423 3511 1446 3544 s
1473 3495 1530 3544 et
1555 3489 1731 3545 homi-

448 3563 553 3616 lias
579 3561 639 3614 in
662 3579 749 3632 ep.
775 3562 847 3614 ad
878 3562 1160 3616 Hebraeos
1185 3563 1382 3616 edidit.

522 3637 561 3698 2)
590 3632 699 3685 Eas
720 3633 1012 3687 occasione
1033 3633 1168 3687 data
1187 3637 1393 3688 notant
1422 3634 1460 3686 F
1478 3651 1507 3686 e
1525 3653 1548 3688 s
1565 3652 1589 3687 s
1605 3635 1624 3689 l
1640 3653 1668 3689 e
1685 3657 1732 3692 r-

447 3704 879 3774 Jungmann
919 3714 946 3770 ἓ
977 3712 1078 3761 138
1106 3724 1194 3770 ss„
1237 3707 1729 3765 Montfaucon

448 3779 505 3828 et
531 3776 586 3827 M
605 3774 679 3845 ig
697 3794 733 3828 n
751 3792 780 3828 e
822 3775 881 3828 in
923 3775 1041 3828 suis
1081 3777 1166 3830 ed.
1209 3797 1341 3849 opp.
1384 3797 1424 3834 s.
1466 3780 1729 3838 doctoris

447 3847 531 3899 Ex
557 3848 680 3916 ejus
707 3845 960 3900 homiliis
988 3849 1257 3918 genuinis
1292 3850 1395 3905 alii
1430 3852 1729 3908 concinna·

446 3921 584 3974 runt
608 3917 765 3971 varia
787 3919 1064 3989 florilegia
1084 3937 1182 3974 seu
1204 3922 1483 3977 homilias.
1512 3923 1728 3979 Horum

446 3997 515 4045 :33
530 3989 717 4044 edidit
736 3990 779 4043 E
798 3996 821 4044 t
837 4010 864 4044 z
882 3992 941 4045 el
964 3991 983 4044 i
1000 4010 1039 4046 u
1056 4011 1079 4045 s
1102 3992 1433 4062 Moguutiae
1456 3995 1665 4050 1603511
1678 4004 1727 4057 8;

444 4069 514 4117 48
541 4062 901 4126 Savilius,
930 4064 1437 4124 Montfaucon.
1480 4065 1728 4136 Migne

443 4132 502 4187 P.
534 4137 597 4190 G.
644 4134 837 4197 LXIII,
886 4138 1197 4194 &ff—902:
1245 4146 1311 4192 52
1356 4137 1412 4188 M
1429 4154 1462 4188 a
1480 4137 1505 4188 t
1519 4141 1543 4189 t
1559 4138 1596 4191 h
1612 4156 1645 4192 a
1662 4140 1728 4193 ei

444 4203 715 4273 Mosquae
743 4209 800 4259 et
827 4207 1051 4277 Lipsiae
1085 4211 1234 4265 1807.
1274 4208 1462 4262 Simili
1489 4210 1725 4264 consilio

442 4276 813 4331 concinnavit
824 4278 873 4330 H
886 4296 913 4332 e
928 4278 1061 4332 fele
1076 4283 1726 4348 chrysostomus-Postilla

442 4347 586 4400 Eine
632 4350 904 4404 Auswahl
955 4349 1053 4403 des
1094 4351 1410 4405 Schonsten
1460 4369 1563 4405 aus
1614 4354 1724 4406 den

443 4418 749 4486 Predigten
778 4420 875 4474 des
902 4421 983 4476 hl.
1010 4421 1443 4490 Chrysostomus
1472 4424 1560 4476 fur
1600 4425 1723 4478 Pre-

439 4489 605 4556 diger
620 4491 735 4543 und
750 4510 848 4544 zur
860 4491 1117 4545 Privater
1127 4496 1357 4558 bauung
1368 4497 1726 4563 ausgewiihlt

442 4562 561 4613 und
578 4579 681 4615 aus
697 4562 823 4615 dem
845 4563 1171 4617 Grundtext
1186 4566 1483 4626 iibersetzt.
1512 4566 1723 4620 Tiibin·

439 4649 552 4699 gen
587 4641 750 4689 1845:
784 4641 919 4689 1850
945 4634 1031 4686 ed.
1060 4641 1108 4687 2.

1806 516 2046 575 exhibet
2089 517 2432 594 compendio
2483 520 2667 578 libros
2717 514 2783 581 V.
2830 521 2892 579 Τ.
2941 517 3088 603 (non

1805 609 2005 664 tamen
2043 603 2305 689 omnes):
2340 607 2659 683 aliquando
2693 609 2873 667 etiam
2903 609 3086 668 inter-

1806 697 2033 769 pretem
2084 696 2211 772 agit
2254 714 2467 771 resque
2498 697 2659 774 ipsas
2692 698 2956 759 breviter
2986 717 3083 758 ex-

1803 783 2002 859 plicat,
2038 786 2139 842 sed
2161 804 2364 843 manca
2383 789 2491 855 est,
2525 805 2661 845 nam
2694 787 2765 846 de
2786 787 2859 845 N.
2881 787 2942 850 Τ.
2965 788 3085 846 fere

1804 872 1956 931 nihil
2004 873 2196 933 habet.
2259 874 2616 950 Fragmenta
2659 877 2945 936 hactenus
2991 878 3084 935 in·

1803 961 1964 1021 edita
2008 963 2232 1038 reperit
2278 964 2379 1026 Ph.
2427 964 2869 1041 Bryennios
2907 970 3083 1041 atque

1803 1051 1867 1109 in
1913 1069 2022 1110 sua
2059 1052 2147 1111 ed.
2184 1053 2469 1111 Didaches
2503 1053 2608 1113 ΟΡ.
2652 1064 2816 1118 1883
2852 1056 3082 1132 Proleg.

1803 1159 1857 1214 p.
1903 1151 2240 1204 109—147
2278 1142 2528 1200 exhibet.
2576 1142 2912 1218 Conjiciunt
2948 1164 3082 1203 eru-

1802 1228 1929 1299 diti,
1954 1247 1997 1291 s.
2015 1232 2348 1305 praesulem
2364 1250 2492 1290 eam
2510 1231 2573 1290 in
2588 1232 2887 1308 privatum
2906 1238 3081 1292 suum

1800 1318 2101 1395 redegisse
2139 1338 2332 1381 usum.

1917 1505 2056 1559 137.
2103 1496 2556 1557 Abstinebimus
2618 1519 2653 1557 a
2702 1500 3077 1558 recensendis

1799 1586 2100 1656 encomiis,
2118 1586 2339 1662 quibus
2359 1588 2434 1646 ab
2455 1588 2802 1664 aequalibus
2833 1592 2894 1646 et
2919 1610 2952 1648 a
2976 1609 3078 1665 po-

1799 1675 1973 1733 steris
2005 1678 2215 1735 tantus
2246 1676 2576 1736 celebratur
2625 1677 2830 1736 doctor
2844 1672 2926 1759 ¹):
2974 1697 3078 1753 op-

1797 1764 2013 1823 timum
2044 1765 2376 1824 encomium
2411 1768 2555 1824 sunt
2587 1768 2717 1843 ejus
2764 1784 2941 1843 opera
2986 1766 3078 1826 in-

1798 1853 2233 1928 comparabilia,
2274 1873 2426 1930 quae
2457 1874 2764 1931 nunquam
2797 1854 3078 1932 legentur

1798 1942 1927 1999 sine
1977 1942 2276 2002 uberrimo
2339 1944 2558 2006 fructu.
2635 1944 2720 2003 Ea
2784 1963 2955 2020 saepe
3015 1950 3078 2004 et

1798 2030 2045 2089 seorsim
2076 2035 2138 2090 et
2167 2032 2461 2091 collectim
2492 2033 2784 2109 prodiere.
2845 2034 3075 2093 Editio-

1796 2137 1901 2178 nes
1934 2120 2201 2181 omnium
2234 2139 2482 2197 operum
2526 2125 2813 2182 curarunt
2857 2123 3075 2183 Fronto

1797 2209 2145 2268 Ducaeus
2180 2210 2422 2269 Parisiis
2465 2221 2806 2275 1609-33
2841 2214 2884 2270 t.
2914 2222 2987 2275 12
3013 2213 3076 2270 in

1796 2297 1863 2366 f.;
1898 2298 2146 2357 Parisiis
2173 2308 2371 2370 1636;
2405 2300 2778 2360 Francofurti
2819 2310 3075 2364 1697-

1798 2394 1910 2462 98ς
1973 2396 2134 2450 1723
2188 2391 2332 2460 etc.;
2398 2388 2657 2448 Savile
2707 2390 3074 2466 anglicanus,

1793 2474 1948 2533 Eton
1977 2486 2140 2538 1612
2177 2480 2219 2536 t.
2245 2488 2279 2540 8
2315 2481 2809 2554 graecetantum3
2844 2480 3076 2538 Mont-

1793 2564 2101 2635 faucon,
2150 2566 2397 2627 Parisiis
2438 2562 2778 2632 1718—438
2815 2571 2858 2627 t.
2905 2578 2977 2632 13
3014 2568 3076 2627 in

1794 2653 1831 2714 f.
1872 2653 1960 2712 ed.
1986 2657 2523 2730 praestantissima3
2570 2658 2834 2717 Venetiis
2880 2669 2953 2720 17
2966 2668 3076 2721 34-

1795 2753 1865 2804 41
1910 2747 1953 2801 t.
1995 2754 2070 2807 13
2105 2745 2168 2804 in
2200 2744 2269 2812 f.;
2316 2746 3069 2809 Roboreti1753—-1764

1791 2835 1833 2893 t.
1874 2842 1951 2896 13
1985 2833 2047 2891 in
2085 2843 2121 2895 4
2165 2828 2436 2916 (latine);
2492 2845 2656 2899 1780
2701 2838 2746 2899 t..
2804 2846 2876 2899 14
2927 2837 2988 2894 in
3037 2846 3073 2897 4

1791 3072 1996 3125 Probst
2021 3072 2278 3144 Liturgie
2307 3075 2404 3128 dee
2431 3082 2481 3128 4.
2508 3075 2708 3129 Jahrb.
2755 3077 2870 3129 und
2899 3076 3073 3130 deren

1791 3143 2036 3206 Reform,
2065 3144 2320 3199 Miinster
2354 3154 2487 3202 1893
2515 3167 2567 3217 p.
2596 3157 2894 3204 412—455.

1870 3219 1904 3286 ¹)
1933 3217 1998 3268 In
2025 3216 2148 3282 ejus
2176 3217 2404 3270 laudem
2433 3218 2959 3273 Theodoretus
2984 3236 3073 3287 cy-

1789 3286 1968 3340 rensis
1995 3288 2252 3355 quinque
2293 3289 2494 3343 saltem
2540 3289 2746 3344 habuit
2770 3290 3073 3352 orationeS,

1790 3374 2035 3425 quarum
2063 3363 2328 3430 excerpta
2367 3361 2528 3413 dedit
2563 3361 2605 3414 P
2622 3363 2660 3414 h
2678 3378 2710 3415 o
2729 3362 2789 3415 ti
2810 3380 2848 3415 u
2867 3380 2892 3415 s
2932 3361 3071 3416 bibl.

1790 3428 1911 3481 cod.
1937 3431 2044 3485 273
2071 3430 2317 3501 Migne
2347 3431 2486 3496 CIV,
2527 3439 2791 3494 229—36.
2833 3437 2890 3485 et
2934 3434 3071 3487 Leo

1789 3498 2027 3569 Sapiens
2053 3501 2191 3572 imp.
2220 3502 2499 3572 prolixam
2522 3520 2751 3572 quoque
2779 3504 2985 3558 habuit
3011 3505 3071 3558 in

1788 3587 1918 3628 eum
1941 3572 2255 3626 orationem
2286 3573 2340 3625 M
2360 3574 2376 3626 i
2395 3594 2431 3657 g
2448 3593 2483 3627 n
2503 3591 2531 3627 e
2560 3574 2726 3639 CVII,
2748 3581 3069 3636 228-2921.

1789 3641 1871 3695 Cf.
1889 3647 2116 3712 praeter
2130 3647 2390 3699 auctores
2397 3662 2521 3714 Jam
2538 3646 2743 3701 citatos
2761 3647 2803 3698 B
2820 3664 2853 3699 a
2872 3665 2897 3699 r
2913 3647 2949 3699 d
2966 3662 2995 3700 e
3013 3666 3072 3699 n-

1789 3712 1825 3765 h
1843 3729 1871 3766 e
1891 3731 2029 3767 wer
2082 3725 2108 3780 ἓ
2158 3718 2227 3773 74
2278 3720 2337 3769 et
2385 3717 2497 3772 KL.
2551 3718 2644 3780 vl,
2702 3724 3067 3774 1611—1640:

1787 3784 1840 3836 N
1863 3785 2101 3839 irschl
2130 3787 2431 3849 II§155s.;
2463 3788 2799 3860 Stilting
2825 3788 2884 3842 in
2914 3789 3071 3842 Actis

1786 3855 1878 3909 SS.
1909 3864 1990 3912 14.
2017 3859 2169 3928 Sept.
2189 3857 2282 3920 IV.
2301 3863 2599 3924 401—709‚
2629 3860 2888 3914 venetiis
2908 3866 3066 3918 1761:

1787 3927 2555 3984 Fabricius-Harless
2609 3931 2744 3985 bibl.
2796 3950 2880 4002 gr.
2921 3931 3068 3992 VIII,

1786 4006 2098 4057 454—583:
2129 4000 2552 4056 Tillemont
2578 4004 2670 4066 XI,
2704 4009 2910 4060 1-405
2937 4020 3066 4058 cum

1785 4069 1935 4123 notis
1964 4076 2276 4133 553—682;
2316 4073 2406 4126 Po
2426 4075 2541 4127 tth
2560 4090 2634 4126 as
2654 4079 2678 4127 t
2703 4075 3068 4144 p.1395:A.

1785 4141 1836 4194 N
1853 4157 1883 4195 e
1900 4158 1933 4195 a
1951 4160 1986 4193 n
2005 4142 2039 4194 d
2061 4158 2091 4195 e
2108 4161 2135 4195 r
2160 4144 2259 4196 der
2285 4145 2361 4197 hl.
2391 4144 2824 4212 Chrysostomus
2841 4146 2959 4200 und
2975 4145 3067 4198 die

1783 4212 1991 4266 Kirche
2019 4214 2200 4267 seiner
2228 4214 2364 4276 Zeit,
2407 4215 2600 4270 Berlin
2636 4223 2908 4273 1821—22
2937 4219 2977 4270 t.
3005 4225 3066 4274 2:

1789 4291 1924 4340 1848
1950 4284 2036 4337 ed.
2063 4292 2127 4345 32
2172 4285 2667 4341 Montfaucon
2718 4287 2938 4341 vitain
2979 4288 3067 4343 ed.

1783 4372 1914 4425 opp.
1941 4356 2086 4414 XIII.
2115 4361 2362 4414 91—177
2389 4361 2491 4413 etc.
2559 4361 2673 4412 Vita
2697 4379 2738 4418 s.
2765 4362 2849 4414 Jo.
2894 4363 3061 4425 Chry·

1779 4433 2007 4494 sostomi,
2054 4445 2225 4508 quam
2279 4430 2410 4483 stilo
2463 4430 2729 4511 simplici·
2757 4433 2817 4483 et
2858 4430 3066 4484 humili

1780 4503 2104 4622 {gffffiffi
2117 4503 2551 4641 (afflatas.
2575 4502 2911 4642 ιὲζῖῗέἶῖῗῖ
2927 4502 3066 4653 ξὲζ

1783 4639 1841 4691 Ρ.
1870 4639 1936 4693 G.
1957 4641 2147 4702 CXIV,
2200 4650 2572 4707 1015—1210,
2600 4662 2714 4697 non
2759 4648 3065 4714 estmagni

533 4707 573 4771 ³)
626 4703 707 4756 Cf.
760 4704 1008 4773 Migne
1061 4707 1245 4766 LXIII.
1298 4713 1610 4763 sol-92:32
1666 4707 1722 4761 F.
1781 4711 1970 4778 pretii.
