3505 5161
379 228 401 278 ]
420 228 453 278 0
463 225 496 279 5
1508 212 1861 266 Lactantius.
2872 235 2947 288 10
2958 236 2991 289 6

372 395 807 472 discipulorum
853 396 928 456 ob
973 414 1239 474 graecam
1273 396 1547 456 videlicet
1577 397 1658 456 ci·
1712 390 1967 468 Ebert,
2009 398 2277 456 Belser
2309 399 2506 458 Theol.
2538 398 2791 468 Qtlschr.
2831 409 2994 464 1892

378 485 641 554 vitatem,
692 485 765 542 ad
799 485 1176 547 scribendum
1209 503 1272 544 se
1303 479 1655 569 contulitl):
1714 486 1960 557 LXXIV,
1987 496 2370 557 246—293;
2407 496 2788 559 439—-4643
2831 495 2993 552 1898

380 572 515 633 hinc
546 573 701 632 forte
734 573 1047 633 factusest
1080 574 1268 643 ,adeo
1298 575 1363 633 in
1386 576 1505 633 -hac
1535 573 1659 633 vita
1714 575 1936 643 LXXX,
1991 585 2371 647 547—5963
2436 575 2521 634 Sc
2541 578 2729 635 ha-nz
2791 578 2996 636 Gesch.

377 682 619 738 pauper,
664 666 737 721 ut
780 663 992 722 scribit
1020 664 1544 740 Hieronymus
1593 663 1659 721 in
1713 664 1821 722 der
1851 671 1998 722 1010.
2030 665 2140 723 Lit.
2171 665 2483 735 1sse‚111‚
2513 675 2860 730 380—383
2886 670 2997 725 etc.

377 752 575 810 chron.
606 751 679 810 ad
711 771 761 812 a.
798 761 969 816 2333
1003 772 1053 811 a.
1084 754 1245 822 Abr„
1294 757 1363 812 ut
1392 753 1655 829 plerum·
1716 752 1944 812 Prodiit
1976 753 2070 812 hic
2101 748 2344 812 libellus
2388 753 2645 829 primum
2678 772 2823 813 cura
2870 756 2996 813 Ba-

377 858 493 916 que
513 841 862 900 necessariis
885 841 1273 918 indiguerit.‘
1307 843 1377 901 In
1396 844 1659 900 extrema
1713 835 1929 910 luzii,
1993 861 2028 900 a
2087 860 2206 918 quo
2266 838 2384 901 fuit
2434 844 2708 918 repertus
2756 843 2995 902 Parisiis

381 932 685 989 senectute
715 931 1007 1007 magister
1034 931 1157 989 fuit
1173 930 1656 1007 crispicaesaris,
1721 939 1925 999 16793
1959 934 2021 990 et
2053 925 2398 1000 Bauldri,
2456 931 2708 1007 Trajecti
2740 932 2814 989 ad
2845 932 2997 997 Rhe-

380 1017 485 1075 filii
532 1017 929 1094 Constantini,
981 1019 1086 1094 qui
1152 1022 1367 1095 postea‘
1405 1032 1441 1077 a
1488 1023 1656 1095 patre
1713 1037 1860 1078 num
1889 1028 2089 1088 1693;
2124 1014 2248 1078 Nic
2270 1020 2811 1096 leNourrycum
2827 1020 2997 1096 prae-

378 1107 724 1166 interfectus
786 1110 897 1168 est.
978 1109 1142 1167 Obiit
1194 1109 1546 1166 'Lactantius
1584 1120 1657 1165 ’0.
1713 1109 1882 1166 clara·
1918 1106 2076 1177 diss.'‚
2132 1104 2376 1168 Parisiis
2428 1121 2453 1171 1
2472 1119 2629 1179 710;
2676 1110 2995 1182 Brandt,

378 1214 429 1255 a.
452 1204 597 1258 330.
616 1195 736 1254 imo
744 1196 919 1270 juxta
935 1197 1082 1257 alios
1100 1197 1356 1256 Treviris
1374 1215 1422 1258 0.
1441 1205 1657 1260 (1.340.
1713 1197 1885 1255 Wien
1928 1208 2089 1261 1897
2114 1219 2125 1266 ;
2160 1197 2322 1256 inter
2350 1213 2547 1273 opusc.
2580 1218 2614 1255 a
2645 1197 2816 1257 nobis
2837 1197 3000 1257 edita

381 1284 560 1343 Plura
589 1304 657 1342 ex
690 1285 974 1361 ejusdem·
1006 1285 1286 1361 operibus
1318 1284 1658 1361 perierunt3
1726 1294 1887 1349 1873
1934 1285 2113 1357 XXII,
2165 1295 2407 1355 7—-993
2464 1295 2627 1349 1898
2678 1287 2766 1345 ed.
2817 1295 2873 1348 2,
2912 1321 2991 1330 -.

380 1373 520 1431 haec
540 1392 680 1433 vero
702 1373 896 1433 adhuc
915 1377 1272 1449 supersunt3
1307 1374 1657 1432 Divinarum
1716 1375 1806 1433 De
1850 1392 1950 1433 avc
1999 1372 2304 1448 Phoenice,
2344 1373 2792 1434 resurrectionis
2835 1371 2995 1452 s'ym-

380 1464 800 1521 institutionum
844 1463 907 1520 ll.
953 1462 1080 1530 VII,
1134 1481 1386 1538 quorum
1437 1462 1661 1538 priores
1715 1464 1872 1533 bolo,
1893 1480 2145 1535 carmen,
2163 1464 2237 1522 de
2253 1465 2424 1538 cujus
2442 1462 2815 1540 genuinitate
2846 1482 2995 1523 non-

378 1551 740 1628 impugnant
809 1552 1265 1627 superstitiones
1339 1552 1660 1628 gentilium
1714 1553 1872 1611 nulli
1920 1551 2289 1623 dubitarunt,
2337 1571 2372 1610 a
2417 1552 2712 1610 Brandt
2742 1551 2997 1627 aliisque

380 1658 707 1715 vanamque
739 1641 950 1699 horum
981 1640 1435 1716 philosophiam,
1462 1640 1525 1698 in
1570 1659 1660 1699 se·
1707 1642 1834 1717 jam
1865 1641 2170 1699 Lactantio
2202 1641 2420 1699 iterum
2451 1640 2754 1700 asseritur.
2788 1673 2869 1683 —
2907 1642 2999 1699 De

381 1729 706 1803 quentibus
738 1729 984 1804 pulchre
1013 1728 1255 1788 disserit
1287 1729 1360 1789 de
1394 1748 1534 1788 vera
1566 1746 1659 1786 sa·
1716 1731 1965 1789 motibus
1983 1731 2169 1788 animi
2187 1725 2585 1806 fragmentum
2607 1728 2998 1804 probabiliter

379 1817 604 1893 pientia
634 1820 697 1875 et
725 1818 1013 1894 religione
1044 1835 1185 1877 sane
1216 1819 1557 1888 christiana,
1587 1817 1661 1877 de
1715 1819 2062 1896 genuinum.
2094 1852 2182 1861 ——-
2214 1818 2394 1877 Plura
2438 1818 2730 1877 Lactantii
2775 1819 2998 1895 scripta

369 1907 610 1983 justitia
653 1925 912 1982 veroque
954 1900 1133 1965 'cultu
1166 1898 1505 1977 christiano,
1538 1906 1660 1965 dis·
1714 1908 2054 1984 perierunt:
2101 1907 2189 1965 ita
2236 1903 2458 1966 multae
2497 1909 2768 1983 epistolae
2781 1928 2810 1979 ,·
2854 1907 2998 1966 libri

375 1996 868 2071 putationemque
900 1995 1157 2055 absolvit
1187 1997 1226 2054 l·.
1262 1996 1385 2058 VII.
1432 1995 1505 2054 de
1536 1995 1662 2054 vita
1716 1992 1836 2057 duo
1887 1999 1965 2055 ad
2012 1997 2432 2072 Asclepiadem,
2496 1997 2601 2069 qui
2666 1999 2817 2055 teste
2867 1996 2996 2072 ipso

377 2083 564 2147 beata.
628 2084 826 2160 Hujus
873 2085 1069 2161 operis
1122 2086 1374 2145 confecit
1423 2084 1659 2144 concin-
1716 2086 2020 2145 Lactantio
2072 2086 2190 2147 div.
2242 2086 2433 2148 instit.
2494 2085 2621 2155 VII,
2672 2095 2709 2147 4
2774 2085 2997 2162 optime

378 2192 512 2231 nam
544 2173 855 2248 Epitomen
898 2175 970 2233 ad
1002 2175 1355 2233 Pentadium
1397 2173 1658 2243 fratrem,
1718 2176 2036 2250 scripserat
2083 2176 2154 2232 de
2192 2176 2559 2249 providentia
2604 2177 2819 2232 summi
2861 2176 2997 2247 Dei,

377 2281 526 2337 quae
560 2267 654 2321 est
684 2262 1002 2322 admodum
1032 2264 1219 2332 utilis,
1274 2263 1326 2321 si
1355 2262 1660 2322 abstrahas
1715 2263 1876 2338 quod
1921 2264 2278 2340 opusculum
2320 2263 2525 2322 etiam=
2552 2262 2875 2325 intercidit
2908 2297 2996 2307 --

376 2350 916 2411 a'millenariorum
936 2351 1315 2426 opinionibus
1329 2346 1396 2433 ¹).
1432 2351 1663 2409 Prodiit
1716 2353 1933 2411 Omnes
1980 2352 2275 2411 mirantur
2319 2352 2383 2411 in
2414 2352 2709 2411 Lactantii
2749 2352 3000 2428 scriptis

377 2441 625 2498 seorsim
657 2440 1010 2499 curaPl'affii
1038 2450 1221 2504 1712.
1253 2440 1659 2500 Institutioni·
1717 2441 1844 2500 stili
1876 2441 2231 2517 elegantiam
2263 2444 2325 2499 et
2354 2441 2627 2512 nitorem,
2680 2440 2840 2499 unde
2874 2441 2997 2499 dic-

375 2528 487 2588 bus
524 2530 919 2605 praemiserat
963 2530 1116 2590 forte
1161 2548 1207 2589 c.
1254 2550 1302 2593 a.
1353 2530 1553 2593 3041.
1592 2527 1662 2588 de
1714 2533 1815 2589 tus
1860 2532 1953 2589 est
1996 2530 2238 2600 ‚Cicero
2269 2530 2685 2601 christianus,‘
2732 2536 2794 2589 et
2824 2530 2997 2590 Hie-

375 2620 605 2693 opificio
626 2618 738 2676 Dei
756 2619 828 2677 ad
852 2620 1296 2678 Demetrianum
1328 2619 1667 2678 auditorem.
1716 2638 2090 2695 ronymus
2120 2638 2214 2696 ep.
2248 2630 2326 2683 58
2361 2620 2432 2678 ad
2468 2621 2783 2679 Paulinum
2817 2639 2875 2680 n:
2908 2631 2995 2682 -10

376 2725 569 2776 suum,
590 2708 747 2783 quod
781 2707 906 2766 scil.
926 2713 1019 2766 est
1041 2709 1232 2774 homo,
1254 2726 1331 2766 ex·
1344 2701 1517 2783 cujus
1536 2703 1659 2766 cre-
1714 2709 1779 2767 in
1812 2717 1881 2768 eo
1913 2709 2120 2767 laudat
2140 2747 2166 2778 »
2182 2708 2434 2768 fluvium
2453 2709 2830 2784 eloquentiae
2855 2709 2999 2766 Tul·

373 2796 594 2865 atione,
647 2796 914 2872 corporis
961 2807 1261 2874 compage,
1311 2803 1541 2856 necnon
1589 2813 1659 2854 ex
1713 2797 1969 2871 lianae‚‘
1991 2798 2094 2856 sed
2108 2816 2243 2856 mox
2263 2798 2537 2874 subjicit:
2575 2798 2855 2865 ,Utinam
2873 2798 2996 2855 tam

374 2885 606 2943 animae
625 2887 841 2944 natura
859 2904 1049 2944 unum
1071 2886 1302 2962 colligit
1322 2903 1451 2944 esse
1473 2887 1661 2945 Deum
1715 2890 1922 2945 nostra
1951 2885 2292 2945 confirmare
2343 2886 2656 2962 potuisset,
2691 2904 2874 2960 quam
2908 2884 2996 2943 fa-

373 2973 864 3049 omnipotentem,
899 2975 1071 3049 cujus
1093 2974 1426 3033 admirabili
1458 2973 1659 3049 provi·
1714 2975 1828 3033 cile
1859 2975 2049 3032 aliena
2101 2969 2253 3055 (scil.
2307 2973 2764 3049 superstitiones
2798 2973 2996 3049 genti-

376 3062 579 3121 dentia
626 3062 979 3121 universum
1029 3065 1138 3123 hoc
1185 3063 1659 3122 administratur.
1714 3057 1893 3143 lium)
1921 3062 2278 3121 destruxit.‘
2312 3065 2640 3122 Accusatur
2657 3061 2814 3120 enim
2835 3062 2996 3138 quod

374 3184 465 3195 —
498 3145 568 3208 In
600 3152 639 3211 l.
670 3152 1073 3227 pulcherrimo
1105 3155 1167 3211 et
1197 3153 1434 3211 erudito
1465 3154 1535 3209 de
1563 3153 1661 3208 ira
1717 3152 2207 3227 circapersonam
2242 3169 2287 3210 s.
2306 3151 2564 3226 Spiritus
2583 3149 2871 3209 erraverit
2890 3168 2996 3207 ne·

376 3239 491 3298 Dei
520 3240 785 3299 ostendit
800 3241 992 3299 Deum
1013 3259 1143 3299 esse
1164 3242 1657 3316 summe'justum‚
1715 3257 1863 3318 gans
1896 3240 2026 3316 ejus
2056 3239 2423 3315 hypostasim
2455 3257 2712 3314 eumque
2743 3237 2997 3296 confun-

378 3328 518 3387 hinc
548 3329 700 3386 bene
731 3333 1026 3388 merentes
1057 3330 1442 3398 remunerari,
1478 3328 1582 3387 sed
1601 3331 1663 3386 et
1716 3329 1863 3388 dens
1895 3329 2067 3388 modo
2098 3347 2235 3387 cum
2252 3329 2444 3397 Patre,
2480 3328 2652 3387 modo
2673 3345 2806 3385 cum
2825 3326 2995 3400 Filio,

376 3418 532 3476 male
578 3418 947 3477 merentibus
993 3418 1262 3495 infligere
1304 3434 1542 3494 poenas,
1573 3450 1662 3460 —
1717 3418 1994 3493 quodque
2010 3417 2413 3476 chiliastarum
2426 3416 2750 3475 indulserit
2768 3416 3000 3492 opinio·

380 3507 594 3583 Magna
626 3508 719 3565 est
750 3506 1162 3576 controversia,
1195 3526 1341 3565 num
1371 3506 1559 3582 ipsius
1583 3506 1664 3563 sit
1717 3508 1850 3569 bus.
1911 3506 2064 3566 Hinc
2125 3525 2261 3565 cum
2322 3504 2510 3583 magis
2564 3505 2748 3563 fuerit
2798 3505 3003 3564 rhetor

378 3595 416 3656 l.
433 3596 505 3653 de
518 3596 799 3654 mortibus
804 3603 1241 3670 persecutorum
1256 3596 1329 3654 ad
1346 3597 1659 3665 Donatum,
1717 3615 1898 3671 quam
1928 3596 2257 3672 theologus,
2300 3595 2494 3654 minor
2523 3597 2616 3653 est
2646 3596 2775 3669 ejus
2807 3594 2874 3651 in
2905 3614 3000 3652 re-

370 3684 442 3742 ·in
473 3702 594 3760 quo
626 3683 891 3743 vindicta
920 3684 1211 3743 divinitus
1244 3683 1660 3760 persecutori·
1718 3685 1834 3742 bus
1896 3684 2247 3762 theologicis
2298 3684 2635 3744 auctoritas.
2696 3682 3003 3741 Laudatur

375 3773 490 3832 bus
520 3773 746 3831 inflicta
775 3773 1145 3832 describitur.
1194 3773 1483 3831 Dubitant
1514 3773 1661 3831 duce
1722 3790 1962 3847 quoque
1994 3773 2124 3848 ejus
2157 3772 2417 3831 eruditio
2448 3773 2512 3830 in
2534 3771 2920 3847 opinionibus
2941 3773 3002 3829 et

374 3856 725 3937 praesertim
760 3861 1060 3920 Brandt
1090 3861 1365 3920 nonnulli
1387 3860 1461 3920 ob
1485 3860 1661 3936 spiri·
1718 3861 2019 3921 erroribus
2070 3864 2382 3920 auctorum
2431 3861 2752 3937 gentilium
2798 3878 2997 3919 recen-

373 3954 508 4009 tum
559 3951 891 4026 stilumque
939 3950 1241 4020 acriorem,
1309 3950 1411 4025 qui
1461 3951 1660 4008 minus
1718 3949 1937 4016 sendis.
1970 3983 2058 3992 —
2089 3949 2233 4025 Ejus
2265 3968 2439 4025 opera
2473 3949 2816 4025 saepissime
2867 3967 3001 4024 pro-

377 4040 691 4098 convenire
708 4038 949 4099 videtur
965 4040 1190 4098 mitiori
1212 4040 1341 4115 ejus
1358 4037 1662 4098 sentiendi
1722 4039 1966 4097 dierunt
1981 4034 2047 4120 ¹),
2113 4037 2363 4097 Subiaco
2421 4047 2581 4099 1465
2638 4038 2725 4096 ed.
2778 4037 2999 4112 prima3

377 4127 824 4203 disserendique
854 4127 1075 4186 rationi
1107 4147 1176 4187 ex
1226 4127 1362 4187 aliis
1394 4126 1661 4204 ejusdem

376 4217 616 4292 scriptis
640 4219 991 4294 compertae·
1014 4217 1458 4276 Genffimtatem
1482 4220 1661 4274 rano'
1800 4271 1813 4301 ¹
1864 4262 1943 4314 De
1961 4260 2062 4314 -his
2089 4259 2441 4313 editionibus
2485 4259 2747 4311 accurate
2775 4253 3004 4307 disserit

377 4305 553 4365 nibus
574 4325 697 4369 non
719 4306 1069 4380 spernendis
1083 4306 1285 4382 plures
1300 4308 1571 4375 tuentur,
1593 4307 1665 4362 ut
1718 4333 1802 4388 Sc
1876 4348 1908 4386 Ο
1929 4348 1958 4384 e
1975 4350 2014 4384 n
2030 4349 2059 4384 e
2081 4351 2138 4383 m
2154 4349 2187 4383 a
2205 4349 2240 4383 n
2259 4350 2297 4382 n
2341 4329 2482 4383 bibl·
2533 4327 2668 4380 hist·
2719 4326 2806 4378 lit·
2853 4327 3000 4395 patr.

1721 4404 1822 4457 lat.
1869 4405 1908 4466 1,
1966 4408 2259 4459 180—248.
2312 4401 2395 4454 Cf.
2445 4396 3002 4450 Bardenhewer

1719 4484 1747 4540 ς
1778 4482 1860 4530 53.
1912 4471 2686 4538 Fessler-Jungmann
2713 4474 2896 4534 §82n.
2919 4473 3000 4522 10:

456 4552 492 4617 ¹)
514 4549 630 4600 [mo
648 4546 962 4600 secundum
979 4545 1122 4599 Hist.
1141 4546 1291 4599 liter·
1309 4545 1377 4597 de
1391 4544 1447 4596 la
1465 4543 1663 4596 Franc.
1722 4545 1868 4598 Hist.
1910 4543 2161 4597 literaire
2188 4544 2224 4594 1.
2253 4559 2299 4597 c.
2326 4552 2353 4607 g
2380 4549 2431 4603 6,
2472 4556 2617 4607 quae
2643 4537 2846 4618 merito
2874 4554 3000 4617 qon-

385 4617 403 4668 [
430 4636 485 4686 p.
512 4625 544 4673 2
572 4634 707 4688 pag.
735 4621 804 4673 77
824 4634 1006 4670 unum
1032 4619 1118 4671 est
1142 4633 1210 4669 ex
1236 4613 1665 4685 praestantiori·
1723 4615 2002 4684 queritur,
2063 4612 2327 4667 libra-rios
2384 4615 2442 4664 et
2480 4609 2724 4663 editores
2762 4623 3001 4661 umnam

382 4689 484 4742 bus
510 4691 569 4742 et
605 4687 940 4742 utilioribus
967 4686 1257 4758 opusculis
1293 4684 1665 4753 antiquitatis
1721 4685 1834 4739 sibi
1861 4683 2180 4755 permisisse
2207 4681 2498 4737 licentiam
2539 4680 2599 4735 in
2626 4679 2788 4733 codd.
2817 4694 3000 4732 emen-

380 4759 750 4814 christiauae.
804 4789 807 4790 ν
1006 4797 1007 4800 ¹
1354 4793 1359 4798 ι
1433 4791 1444 4802 ·
1526 4771 1532 4776 ’
1722 4756 1927 4809 dandis
1954 4758 2013 4809 et
2036 4757 2110 4808 ab
2133 4753 2422 4808 erroribus
2461 4750 2849 4805 emaculandis
2874 4767 3003 4819 ope-
