3505 5161
397 242 434 294 6
448 241 478 293 7
489 240 521 293 7
1225 219 1499 276 Historia.
1530 221 1744 275 Paulus
1771 220 2192 276 warnefridus.
2892 242 2925 294 6
2939 244 2968 296 7
2981 243 3015 295 3

396 411 775 467 tractatores:
829 428 1034 468 verum
1083 409 1211 484 ipse
1259 408 1544 485 Stephani
1592 407 1681 465 111
1728 409 1854 483 jam
1873 407 2088 482 licetl),
2121 406 2441 467 Paulum
2463 408 2606 478 scil„
2640 429 2817 485 quem
2838 412 3018 488 vulgo

395 518 582 574 papae
627 500 983 557 auctoritate
1034 516 1096 556 se
1147 497 1382 557 munire
1433 501 1680 557 conatus
1738 497 2062 555 Diaconum
2095 497 2318 555 eruditi
2338 498 2661 572 appellant,
2694 499 2890 574 patria
2907 500 3017 559 Fo-

398 591 507 645 est.
572 587 782 646 Exstat
825 607 893 646 ea
937 588 1010 645 de
1054 607 1117 646 re
1164 589 1294 662 ejus
1334 585 1576 660 epistola
1607 587 1683 645 ad
1737 586 2122 661 rojuliensem
2167 605 2224 648 n.
2272 605 2318 647 c.
2370 595 2491 649 720
2544 589 2713 661 patre
2762 587 3019 647 illustris

396 676 783 753 Stephanum,
817 678 881 735 in
913 695 1033 752 qua
1064 676 1331 735 defendit
1359 678 1547 735 totius
1572 676 1678 734 Ec·
1737 674 1972 751 generis
2006 674 2395 745 WarnefridO,
2431 675 2569 734 hinc
2600 676 2782 735 etiam
2812 677 3018 736 War-
3083 683 3093 693 '

399 766 607 825 clesiae
626 767 982 835 libertatem,
1016 770 1087 824 ut
1117 767 1242 828 scil.
1262 765 1683 840 unusquisque
1737 765 1871 823 nef
1880 764 2035 823 ridi
2068 766 2459 841 cognomento
2492 764 2794 825 donatum.
2860 767 3018 825 Ado·

396 858 577 930 prout
638 855 896 930 desuper
956 855 1181 931 accepit
1243 855 1370 913 sine
1431 855 1682 913 alterius
1736 853 1965 912 lescens
1997 853 2271 912 Ticinum
2301 854 2597 930 profectus
2641 858 2703 912 et
2739 855 2802 913 in
2834 856 3024 932 regali

388 944 801 1003 controversia
825 944 1131 1003 volumina
1150 944 1391 1002 condat:
1425 962 1684 1019 eumque
1737 943 1876 1001 aula
1906 942 2191 1001 educatus
2236 960 2298 1001 se
2344 943 2655 1002 literarum
2687 944 2885 1003 studio
2928 947 3020 1003 to-

398 1032 655 1092 affirmat
674 1032 1073 1091 damnandum
1094 1033 1338 1103 censeri,
1363 1032 1682 1108 ,quisquis
1736 1033 1872 1090 tum
1916 1031 2098 1101 dedit,
2146 1050 2314 1091 carus
2361 1034 2672 1108 propterea
2703 1033 3018 1104 Ratchisio,

398 1123 549 1181 hanc
590 1122 924 1181 libertatem
961 1122 1210 1197 spiritus
1243 1122 1477 1180 abolere
1509 1140 1682 1180 cona·
1738 1120 2060 1179 Ouniberto
2092 1123 2153 1179 et
2171 1120 2472 1179 Desiderio
2493 1121 3020 1198 Longobardorum

398 1213 561 1270 tur.‘
586 1245 672 1255 -
695 1211 946 1287 Scripsit
975 1211 1040 1269 in
1071 1211 1315 1270 modum
1348 1211 1682 1270 Pruden-
1738 1210 2017 1286 regibus:
2080 1228 2331 1284 quorum
2383 1210 2674 1285 posterior
2732 1211 2787 1270 ei
2838 1211 3022 1269 filiam

400 1300 498 1358 tii
531 1299 1017 1376 Psychomachiae
1042 1318 1043 1321 ’
1065 1301 1107 1358 l.
1153 1302 1223 1358 de
1267 1301 1531 1373 conflictu
1562 1303 1678 1357 vir-
1739 1317 1911 1356 suam
1942 1299 2338 1375 Adelpergam
2370 1299 2803 1358 instituendam
2833 1300 3020 1358 tradi·

392 1390 591 1448 tutum
622 1397 673 1448 et
705 1391 996 1465 vitiorum,
1032 1389 1136 1463 qui
1169 1389 1390 1465 passim
1410 1388 1682 1448 tributus
1738 1388 1845 1446 dit.
1913 1383 2058 1446 Cum
2090 1406 2227 1446 vero
2260 1388 2411 1446 hanc
2454 1388 2517 1446 in
2564 1389 2876 1464 conjugem
2908 1389 3020 1447 du-

398 1478 518 1537 fuit
549 1497 594 1541 a.
627 1478 940 1536 Ambrosio
980 1478 1210 1536 mediol.
1253 1478 1349 1536 vel
1392 1496 1437 1537 s.
1473 1479 1680 1555 Augu·
1738 1476 1891 1535 xerit
1910 1475 2142 1535 Arichis
2176 1476 2295 1534 dux
2315 1476 2714 1535 salernitanus
2746 1481 2809 1536 et
2836 1478 3018 1536 bene-

402 1568 580 1638 stino,
614 1567 753 1625 hinc
784 1570 942 1625 inter
961 1585 1167 1625 eorum
1200 1585 1377 1642 opera
1407 1567 1527 1625 fuit
1556 1566 1682 1625 edi-
1738 1568 2052 1637 ventanus‚
2087 1565 2309 1625 Paulus
2331 1584 2457 1623 eam
2477 1570 2717 1625 secutus
2738 1569 2831 1625 est
2863 1570 2925 1625 et
2955 1567 3019 1625 in

398 1660 520 1727 tus,
566 1657 686 1715 imo
732 1660 793 1714 et
838 1657 998 1714 inter
1043 1675 1222 1731 opera
1268 1674 1312 1714 s.
1360 1656 1569 1715 Leonis
1605 1655 1682 1714 M.
1738 1655 1920 1730 hujus
1951 1654 2118 1713 ducis
2151 1654 2288 1713 aula
2319 1659 2714 1713 commoratus
2763 1674 2871 1731 pro
2916 1655 3020 1713 illa

397 1746 493 1805 vel
521 1764 566 1804 s.
596 1745 809 1804 Isidori
830 1746 984 1820 hisp.
1032 1745 1229 1804 Habes
1262 1763 1399 1803 eum
1430 1745 1684 1822 Migne
1740 1743 2118 1802 concinnavit
2164 1743 2492 1803 Historiam
2542 1762 2848 1804 romanam
2913 1762 3020 1803 seu

398 1835 461 1894 P.
510 1836 572 1895 L.
623 1833 803 1903 XVII,
866 1843 1302 1897 1057—1074
1352 1837 1414 1892 et
1463 1834 1682 1893 iterum
1738 1834 2048 1891 miscellam
2078 1851 2226 1892 usus
2257 1833 2622 1908 Eutropii
2655 1829 2789 1914 (qui
2815 1833 3022 1892 floruit

398 1923 513 1993 XL,
560 1933 1011 1987 1094—1106.
1043 1955 1131 1965 --
1177 1922 1306 1981 Vita
1338 1942 1383 1981 s.
1415 1921 1682 1981 Paldo-
1741 1940 1853 1981 sec.
1898 1921 1994 1986 IV,
2045 1922 2157 1981 sub
2202 1921 2451 1981 Valente
2496 1917 2664 2005 imp.)
2714 1923 3016 1998 breviario,

399 2013 552 2082 nis,
599 2012 925 2071 Tatonis
968 2015 1029 2070 et
1063 2011 1393 2070 'rasonis
1429 2007 1492 2094 (†
1528 2007 1680 2093 739)
1740 2011 1901 2087 quod
1948 2011 2255 2087 ampliavit
2304 2013 2364 2070 et
2407 2011 2781 2070 continuavit
2830 2031 3021 2087 usque

397 2101 726 2177 primorum
744 2101 1132 2160 fundatorum
1163 2104 1224 2159 et
1253 2101 1539 2159 abbatum
1560 2120 1684 2160 mo·
1740 2100 1817 2159 ad
1846 2100 1884 2159 J
1889 2100 2260 2159 ustinianum
2290 2102 2336 2165 I.
2382 2096 2456 2182 (a.
2489 2100 2661 2177 553),
2704 2101 2926 2160 addens
2957 2101 3022 2163 11.

398 2190 648 2250 nasterii
698 2208 744 2253 s.
792 2190 1110 2259 Vincentii‚
1174 2190 1238 2248 in
1287 2210 1422 2266 qua,
1488 2190 1685 2249 missis
1738 2190 1791 2248 X
1821 2189 2100 2265 Eutropii
2134 2185 2352 2270 (usque
2371 2189 2444 2247 ad
2465 2188 2769 2249 Valentem
2790 2211 2840 2249 a.
2868 2189 3019 2271 3634)

400 2299 602 2339 eorum
636 2279 954 2349 miraculiS,
1003 2297 1204 2337 earum
1241 2279 1499 2339 virtutes
1545 2280 1682 2337 dili-
1740 2279 1885 2338 alios
1929 2279 1993 2337 11.
2037 2278 2120 2336 VI
2167 2278 2304 2356 (VII
2348 2279 2443 2337 vel
2482 2278 2624 2337 VIII
2659 2280 2835 2354 juxta
2875 2280 3020 2338 alias

398 2368 639 2445 gentius
660 2372 915 2427 enarrat.
967 2368 1349 2427 Commendat
1379 2388 1439 2427 se
1471 2388 1540 2426 ea
1560 2368 1686 2427 vita
1738 2367 2155 2447 recensiones).
2236 2368 2468 2426 Prodiit
2514 2386 2706 2443 saepe,
2760 2369 3021 2445 primum

400 2458 760 2529 sinceritate,
793 2457 1185 2527 accuratione,
1238 2457 1462 2528 ordine,
1511 2457 1682 2516 utili·
1739 2457 1954 2516 Romae
1984 2466 2137 2520 1471
2168 2456 2282 2514 sub
2311 2457 2697 2532 inscriptione
2730 2457 2815 2516 De
2844 2449 3020 2516 histo-

400 2550 542 2619 tate,
586 2549 659 2605 ut
689 2565 757 2606 ea
788 2549 981 2605 aetate
1013 2546 1109 2605 vix
1143 2546 1265 2605 vita
1296 2546 1512 2606 melius
1544 2564 1682 2606 con·
1738 2548 1850 2604 riis
1879 2542 2110 2605 italicae
2136 2548 2468 2622 provinciae
2513 2565 2577 2605 ac
2608 2546 3021 2611 Romanorum.

394 2637 623 2712 scripta
651 2637 999 2712 reperiatur.
1057 2636 1199 2694 Eam
1232 2637 1461 2710 primus
1494 2636 1684 2693 edidit
1744 2636 1810 2693 In
1870 2635 2238 2694 editionibus
2299 2636 2372 2693 ab
2430 2656 2479 2694 a.
2539 2645 2699 2699 1560
2754 2632 3022 2717 (Parisiis

399 2726 715 2801 Ughelli
748 2725 953 2783 Italiae
987 2742 1184 2782 sacrae
1214 2724 1314 2794 VI,
1360 2736 1435 2787 45
1449 2734 1681 2795 8·470;
1749 2720 1943 2805 1560)
1963 2724 2311 2783 restituitur
2331 2725 2596 2783 sincerus
2629 2727 2691 2782 et
2721 2726 3020 2801 genuinus

388 2815 493 2877 -ed,
517 2824 572 2882 2.
593 2813 689 2885 VI,
725 2822 1103 2882 369—3773
1139 2813 1277 2872 dein
1311 2813 1683 2873 Mabillon
1738 2813 2011 2888 Eutropii
2028 2815 2247 2883 textus,
2266 2816 2757 2872 nonretrcctatus
2775 2814 3019 2885 aPaulo,

401 2921 512 2961 sec.
545 2902 631 2960 111
678 2902 776 2961 SS.
817 2903 960 2963 Ben.
996 2911 1383 2972 423—433;
1433 2903 1683 2978 Migne
1739 2903 1846 2978 qui
1875 2902 2175 2977 prodierat
2208 2902 2271 2959 in
2310 2902 2605 2976 primibus
2640 2902 3022 2964 editionibus.

399 2991 703 3062 LXXXIX,
745 3001 1209 3060 1319—134323
1257 2993 1320 3050 in
1367 2992 1443 3055 M.
1488 2992 1551 3050 G.
1586 2991 1683 3054 SS.
1741 2991 2040 3065 Optimam
2091 2989 2180 3047 ed.
2219 2991 2449 3048 curavit
2480 2991 2550 3053 H.
2583 2991 2930 3066 Droysen
2961 2992 3024 3051 in

396 3081 635 3157 langob.
667 3100 724 3156 p.
761 3089 1104 3143 546-555
1142 3085 1251 3139 etc.
1307 3079 1505 3156 Ipsius
1537 3099 1684 3155 quo·
1741 3081 1894 3138 Mon.
1928 3080 2118 3142 Germ.
2153 3079 2293 3141 hist.
2327 3084 2479 3138 auct.
2511 3081 2630 3137 ant.
2654 3078 2730 3150 II,
2761 3089 3022 3143 4-224.

405 3188 523 3243 que
570 3172 714 3227 sunt
758 3169 989 3243 aliquot
1034 3167 1128 3247 (3)
1176 3188 1483 3242 sermones,
1536 3188 1683 3244 quos
1742 3168 1905 3243 Opus
1927 3167 2306 3226 continuavit
2325 3186 2674 3243 anonymus,
2708 3188 2859 3244 quae
2882 3187 3022 3227 con·

401 3261 754 3333 repererunt
783 3258 1131 3315 Martene
1162 3262 1223 3316 et
1255 3260 1302 3317 D
1322 3259 1563 3317 urand
1596 3258 1683 3316 at·
1739 3258 1999 3316 tinuatio
2031 3259 2102 3314 ut
2134 3257 2170 3321 1,
2191 3256 2369 3317 XVII.
2392 3257 2711 3332 subjicitur
2741 3257 3023 3317 historiae

389 3346 1684 3421 queinsuaexhibentcoll.t.IX,2loss;inde
1740 3347 1944 3405 Pauli:
1993 3365 2178 3420 eaque
2219 3346 2601 3421 potissimum
2634 3346 2899 3405 derivata
2932 3350 3025 3406 est

406 3435 660 3511 Migne
690 3435 993 3506 LXXXIX,
1041 3445 1499 3504 1277—13203
1532 3437 1685 3494 forte
1740 3455 1808 3494 ex
1903 3436 2167 3493 Historia
2247 3436 2443 3512 gentis
2524 3436 3024 3512 langobardorum

403 3527 466 3582 et
496 3525 648 3583 hom.
675 3533 798 3587 208
833 3525 898 3582 111
930 3525 1080 3582 festo
1113 3528 1398 3600 assumpt.
1432 3526 1488 3589 b.
1520 3526 1595 3582 M.
1622 3525 1686 3582 in
1741 3525 1931 3583 nostri
1986 3524 2169 3583 Pauli.
2237 3524 2402 3594 Quod
2456 3543 2592 3583 vero
2638 3525 2861 3584 Paulus
2908 3525 3025 3584 sibi

404 3633 536 3689 app.
571 3633 742 3672 serm.
790 3631 838 3676 8.
882 3614 1318 3689 Augustini
1364 3615 1452 3672 ed.
1498 3632 1684 3672 maur.
1741 3613 1893 3672 circa
1913 3613 2186 3689 Eutropii
2208 3613 2559 3689 permiserat
2589 3615 2835 3685 textum,
2869 3615 3025 3673 alius

409 3697 530 3782 (Mi
547 3721 641 3778 gn
657 3721 688 3760 6
709 3702 962 3770 XXXIX,
991 3707 1394 3777 2129·2134)
1426 3707 1488 3761 et
1507 3703 1703 3778 quae-⁷
1742 3703 1881 3760 fecit
1915 3721 2047 3760 cum
2077 3703 2244 3761 illius
2266 3703 2531 3761 Historia
2549 3720 2808 3772 romana,
2844 3722 3024 3778 quam

404 3791 537 3849 dam
558 3791 785 3849 inedita
818 3791 911 3848 vel
933 3791 1256 3865 deperdita,
1291 3795 1362 3849 ut
1393 3808 1686 3849 commen·
1742 3791 2149 3849 additionibus
2172 3792 2555 3867 interpolavit
2586 3810 2651 3848 ac
2674 3792 2885 3850 misere
2904 3791 3024 3850 foe-

408 3880 558 3937 taria
590 3883 649 3937 in
673 3880 1022 3954 psalterium
1054 3883 1116 3938 et
1149 3881 1391 3939 Cantica
1421 3888 1569 3938 cant.
1601 3912 1688 3921 —
1744 3880 1926 3948 davit,
1962 3899 2030 3938 ex
2065 3879 2242 3938 variis
2274 3880 2635 3948 auctoribuS,
2677 3881 3025 3938 nominatim

402 3969 684 4026 InterAs
703 3968 1039 4026 caricum
1060 3970 1400 4045 episcopum
1421 3970 1485 4027 in
1506 3972 1687 4028 Astu·
1743 3988 1815 4027 ex
1845 3969 2273 4027 Anastasio
2320 3969 2796 4039 Bibliothecario‚
2850 3988 3023 4042 quem

405 4057 508 4125 ria,
572 4056 849 4131 Elipandi
899 4060 1197 4128 asseclam,
1260 4063 1322 4116 et
1382 4058 1687 4132 quendum
1744 4058 1866 4116 fere
1890 4058 2216 4132 descripsit,
2238 4061 2300 4115 et
2320 4058 2693 4116 continuavit
2711 4058 2786 4115 ad
2805 4078 2853 4120 a.
2879 4067 3021 4128 813,

406 4146 696 4205 Tusare
715 4145 881 4203 dum
930 4145 1098 4204 datae
1132 4150 1275 4205 sunt
1320 4149 1380 4206 et
1425 4148 1688 4205 redditae
1744 4151 1926 4221 atque
1971 4147 2056 4204 ita
2100 4145 2325 4222 prodiit
2368 4147 2815 4214 ,confusaneum
2856 4153 3023 4220 opus‘

407 4236 606 4292 literae
637 4234 708 4293 de
754 4235 1101 4310 corporibus
1134 4255 1355 4308 eorum,
1404 4236 1508 4311 qui
1556 4255 1687 4294 cum
1744 4237 1817 4294 ut
1847 4236 2118 4311 loquitur
2150 4235 2398 4293 Labbe
2430 4234 2489 4291 in
2525 4234 2661 4296 diss,
2694 4235 2922 4308 adjecta
2953 4233 3026 4292 ad

398 4322 640 4382 Christo
691 4323 1084 4382 resurrexisse
1142 4324 1431 4402 leguntur
1480 4326 1689 4383 Matth.
1747 4325 2092 4382 Bellarmini
2125 4325 2162 4382 1.
2196 4325 2266 4381 (16
2309 4324 2505 4398 script.
2540 4323 2697 4392 6661..
2730 4323 2887 4393 ,111116
2934 4325 3024 4381 in-

410 4421 511 4482 27,
550 4422 627 4475 52
665 4410 1162 4492 (Mignexmx,
1210 4410 1689 4494 1231—1240).
1807 4450 1838 4453 Α
1893 4450 1942 4453 -
1985 4450 2054 4454 ff

1827 4501 1861 4566 ¹)
1892 4494 1972 4548 De
1999 4494 2163 4547 Lam
2182 4494 2290 4546 fre
2311 4494 2349 4547 d
2367 4511 2397 4546 o
2455 4493 2662 4547 abbate
2715 4492 3031 4547 mozacensi

1746 4566 1824 4632 (fl.
1850 4570 1975 4636 761)
2002 4567 2074 4619 cf.
2115 4565 2403 4619 Krusch
2443 4564 2506 4618 in
2535 4564 2604 4616 N.
2647 4563 2862 4618 Archiv
2894 4569 3029 4619 1893

740 4678 752 4690 .
962 4681 973 4692 .
1645 4681 1655 4691 .
1748 4638 1893 4701 XIX,
1922 4637 2023 4691 ubi
2049 4637 2284 4690 exhibet
2307 4640 2711 4704 Aufzeichnunq
2737 4634 2834 4688 des
2856 4636 3031 4688 Abtes

503 4686 643 4741 373·
665 4678 721 4735 H
739 4699 756 4735 ¹
777 4697 802 4736 S
822 4682 894 4737 ¹3⁰
912 4700 942 4737 Υ
960 4702 977 4737 ¹
994 4699 1027 4738 ⁰
1043 4700 1083 4757 g
1098 4701 1126 4738 r
1142 4700 1174 4738 a
1190 4702 1226 4756 P
1244 4681 1281 4737 h
1301 4701 1340 4739 υ·
1356 4701 1415 4739 m
1445 4681 1691 4738 celebms
1748 4709 2012 4762 Lamfred
2059 4726 2171 4764 von
2200 4708 2392 4762 Mozac
2436 4708 2575 4760 fiber
2601 4705 2791 4776 Konig
2832 4706 3033 4777 Pipins

408 4769 667 4825 nominis
700 4767 807 4825 bac
840 4769 1079 4844 periodo
1110 4770 1416 4828 florentem
1450 4770 1690 4828 laudare
1750 4780 2156 4850 Bezichuugen
2185 4798 2254 4833 zu
2282 4780 2494 4833 seinem
2523 4778 2764 4833 Kloster.

2601 4874 2669 4923 22
2691 4869 2709 4888 ⁹
