<?xml version="1.0" encoding="UTF-8"?>
<!DOCTYPE html PUBLIC "-//W3C//DTD XHTML 1.0 Transitional//EN"
    "http://www.w3.org/TR/xhtml1/DTD/xhtml1-transitional.dtd">
<html xmlns="http://www.w3.org/1999/xhtml" xml:lang="en" lang="en">
 <head>
  <title>
</title>
<meta http-equiv="Content-Type" content="text/html;charset=utf-8" />
  <meta name='ocr-system' content='tesseract 3.04.00' />
  <meta name='ocr-capabilities' content='ocr_page ocr_carea ocr_par ocr_line ocrx_word'/>
</head>
<body>
  <div class='ocr_page' id='page_1' title='image "./nomenclatorlite09hurtgoog_0285.png"; bbox 0 0 3505 5161; ppageno 0'>
   <div class='ocr_carea' id='block_1_1' title="bbox 483 195 3106 1355">
    <p class='ocr_par' dir='ltr' id='par_1_1' title="bbox 483 195 3106 1355">
     <span class='ocr_line' id='line_1_1' title="bbox 488 195 3097 277; baseline -0.001 -26"><span class='ocrx_word' id='word_1_1' title='bbox 488 220 609 273; x_wconf 81' lang='lat'>529</span> <span class='ocrx_word' id='word_1_2' title='bbox 1153 197 1346 251; x_wconf 74' lang='lat' dir='ltr'>Victor</span> <span class='ocrx_word' id='word_1_3' title='bbox 1374 214 1514 266; x_wconf 58' lang='lat' dir='ltr'>cap„</span> <span class='ocrx_word' id='word_1_4' title='bbox 1543 201 1765 262; x_wconf 64' lang='lat' dir='ltr'>arator,</span> <span class='ocrx_word' id='word_1_5' title='bbox 1793 196 2121 260; x_wconf 84' lang='lat' dir='ltr'>Primasius,</span> <span class='ocrx_word' id='word_1_6' title='bbox 2147 195 2425 250; x_wconf 89' lang='lat' dir='ltr'>Junilius.</span> <span class='ocrx_word' id='word_1_7' title='bbox 2976 215 3097 277; x_wconf 74' lang='lat'>530</span> 
     </span>
     <span class='ocr_line' id='line_1_2' title="bbox 485 379 3102 465; baseline -0.002 -17"><span class='ocrx_word' id='word_1_8' title='bbox 485 390 715 448; x_wconf 71' lang='lat' dir='ltr'>soleam.</span> <span class='ocrx_word' id='word_1_9' title='bbox 760 385 1003 444; x_wconf 84' lang='lat' dir='ltr'>Parisiis</span> <span class='ocrx_word' id='word_1_10' title='bbox 1057 394 1242 449; x_wconf 83' lang='lat'>1852.</span> <span class='ocrx_word' id='word_1_11' title='bbox 1287 386 1331 453; x_wconf 88' lang='lat' dir='ltr'>I,</span> <span class='ocrx_word' id='word_1_12' title='bbox 1386 394 1764 454; x_wconf 79' lang='lat'><strong>265—277;</strong></span> <span class='ocrx_word' id='word_1_13' title='bbox 1821 404 1867 442; x_wconf 83' lang='lat' dir='ltr'>s.</span> <span class='ocrx_word' id='word_1_14' title='bbox 1903 385 2079 444; x_wconf 80' lang='lat' dir='ltr'>Pauli</span> <span class='ocrx_word' id='word_1_15' title='bbox 2125 379 2327 465; x_wconf 85' lang='lat' dir='ltr'>(XIV),</span> <span class='ocrx_word' id='word_1_16' title='bbox 2377 403 2526 459; x_wconf 90' lang='lat' dir='ltr'>quae</span> <span class='ocrx_word' id='word_1_17' title='bbox 2574 388 2717 444; x_wconf 89' lang='lat' dir='ltr'>sunt</span> <span class='ocrx_word' id='word_1_18' title='bbox 2765 387 3102 445; x_wconf 85' lang='lat' dir='ltr'>retractatio</span> 
     </span>
     <span class='ocr_line' id='line_1_3' title="bbox 484 473 3102 551; baseline -0.001 -15"><span class='ocrx_word' id='word_1_19' title='bbox 484 478 553 536; x_wconf 84' lang='lat' dir='ltr'>cf.</span> <span class='ocrx_word' id='word_1_20' title='bbox 586 476 665 534; x_wconf 91' lang='lat' dir='ltr'>ib.</span> <span class='ocrx_word' id='word_1_21' title='bbox 690 484 1036 538; x_wconf 74' lang='lat'>237—289</span> <span class='ocrx_word' id='word_1_22' title='bbox 1072 477 1135 533; x_wconf 87' lang='lat' dir='ltr'>et</span> <span class='ocrx_word' id='word_1_23' title='bbox 1164 476 1207 536; x_wconf 91' lang='lat' dir='ltr'>t.</span> <span class='ocrx_word' id='word_1_24' title='bbox 1241 474 1308 544; x_wconf 82' lang='lat' dir='ltr'>V,</span> <span class='ocrx_word' id='word_1_25' title='bbox 1343 474 1450 532; x_wconf 91' lang='lat' dir='ltr'>ubi</span> <span class='ocrx_word' id='word_1_26' title='bbox 1481 473 1765 550; x_wconf 87' lang='lat' dir='ltr'>quasdam</span> <span class='ocrx_word' id='word_1_27' title='bbox 1822 474 2376 535; x_wconf 74' lang='lat' dir='ltr'>commentariorum</span> <span class='ocrx_word' id='word_1_28' title='bbox 2397 474 2617 551; x_wconf 81' lang='lat' dir='ltr'>Pelagii</span> <span class='ocrx_word' id='word_1_29' title='bbox 2638 475 2961 532; x_wconf 81' lang='lat' dir='ltr'>eliminatis</span> <span class='ocrx_word' id='word_1_30' title='bbox 2991 475 3102 533; x_wconf 90' lang='lat' dir='ltr'>hu—</span> 
     </span>
     <span class='ocr_line' id='line_1_4' title="bbox 484 556 3102 639; baseline -0.001 -14"><span class='ocrx_word' id='word_1_31' title='bbox 484 565 650 625; x_wconf 88' lang='lat' dir='ltr'>addit</span> <span class='ocrx_word' id='word_1_32' title='bbox 725 564 1165 631; x_wconf 81' lang='lat' dir='ltr'>emendationes</span> <span class='ocrx_word' id='word_1_33' title='bbox 1243 567 1352 621; x_wconf 88' lang='lat' dir='ltr'>etc.</span> <span class='ocrx_word' id='word_1_34' title='bbox 1395 556 1402 563; x_wconf 77' lang='grc'><strong>’</strong></span> <span class='ocrx_word' id='word_1_35' title='bbox 1460 563 1768 623; x_wconf 83' lang='lat' dir='ltr'>Refutavit</span> <span class='ocrx_word' id='word_1_36' title='bbox 1815 564 1919 639; x_wconf 88' lang='lat' dir='ltr'>jus</span> <span class='ocrx_word' id='word_1_37' title='bbox 1952 563 2142 621; x_wconf 88' lang='lat' dir='ltr'>sensis</span> <span class='ocrx_word' id='word_1_38' title='bbox 2165 563 2446 632; x_wconf 71' lang='lat' dir='ltr'>enuncia,</span> <span class='ocrx_word' id='word_1_39' title='bbox 2482 564 2832 622; x_wconf 83' lang='lat' dir='ltr'>concinnata</span> <span class='ocrx_word' id='word_1_40' title='bbox 2851 568 3102 623; x_wconf 82' lang='lat' dir='ltr'>exeunte</span> 
     </span>
     <span class='ocr_line' id='line_1_5' title="bbox 484 650 3101 733; baseline -0.001 -20"><span class='ocrx_word' id='word_1_41' title='bbox 484 654 713 733; x_wconf 82' lang='lat' dir='ltr'>cyclum</span> <span class='ocrx_word' id='word_1_42' title='bbox 745 650 1082 728; x_wconf 72' lang='lat' dir='ltr'>paschalem</span> <span class='ocrx_word' id='word_1_43' title='bbox 1113 652 1458 712; x_wconf 89' lang='lat' dir='ltr'>Victorii</span> <span class='ocrx_word' id='word_1_44' title='bbox 1492 671 1599 711; x_wconf 89' lang='lat' dir='ltr'>seu</span> <span class='ocrx_word' id='word_1_45' title='bbox 1630 652 1766 710; x_wconf 91' lang='lat' dir='ltr'>Vic-</span> <span class='ocrx_word' id='word_1_46' title='bbox 1823 671 1932 714; x_wconf 87' lang='lat' dir='ltr'>sec.</span> <span class='ocrx_word' id='word_1_47' title='bbox 1978 652 2047 715; x_wconf 83' lang='lat' dir='ltr'>V.</span> <span class='ocrx_word' id='word_1_48' title='bbox 2107 652 2170 709; x_wconf 91' lang='lat' dir='ltr'>in</span> <span class='ocrx_word' id='word_1_49' title='bbox 2235 652 2426 710; x_wconf 86' lang='lat' dir='ltr'>Gallia</span> <span class='ocrx_word' id='word_1_50' title='bbox 2468 652 2858 712; x_wconf 86' lang='lat' dir='ltr'>meridionali.</span> <span class='ocrx_word' id='word_1_51' title='bbox 2937 653 3101 712; x_wconf 90' lang='lat' dir='ltr'>Colo-</span> 
     </span>
     <span class='ocr_line' id='line_1_6' title="bbox 484 741 3106 818; baseline -0.001 -16"><span class='ocrx_word' id='word_1_52' title='bbox 484 744 666 802; x_wconf 86' lang='lat' dir='ltr'>torini</span> <span class='ocrx_word' id='word_1_53' title='bbox 697 743 1004 818; x_wconf 84' lang='lat' dir='ltr'>Aquitani,</span> <span class='ocrx_word' id='word_1_54' title='bbox 1052 742 1156 800; x_wconf 87' lang='lat' dir='ltr'>sed</span> <span class='ocrx_word' id='word_1_55' title='bbox 1204 747 1440 817; x_wconf 83' lang='lat' dir='ltr'>praeter</span> <span class='ocrx_word' id='word_1_56' title='bbox 1469 742 1765 818; x_wconf 87' lang='lat' dir='ltr'>fragmen·</span> <span class='ocrx_word' id='word_1_57' title='bbox 1821 741 1954 801; x_wconf 84' lang='lat' dir='ltr'>niae</span> <span class='ocrx_word' id='word_1_58' title='bbox 1993 751 2190 811; x_wconf 78' lang='lat'><strong>15383</strong></span> <span class='ocrx_word' id='word_1_59' title='bbox 2236 750 2399 804; x_wconf 82' lang='lat'>1543</span> <span class='ocrx_word' id='word_1_60' title='bbox 2434 744 2563 811; x_wconf 74' lang='lat' dir='ltr'>etc„</span> <span class='ocrx_word' id='word_1_61' title='bbox 2598 746 2921 817; x_wconf 87' lang='lat' dir='ltr'>utrumque</span> <span class='ocrx_word' id='word_1_62' title='bbox 2954 761 3106 818; x_wconf 90' lang='lat' dir='ltr'>opus</span> 
     </span>
     <span class='ocr_line' id='line_1_7' title="bbox 485 829 3102 908; baseline -0.002 -16"><span class='ocrx_word' id='word_1_63' title='bbox 485 839 617 892; x_wconf 88' lang='lat' dir='ltr'>tum</span> <span class='ocrx_word' id='word_1_64' title='bbox 648 850 799 908; x_wconf 88' lang='lat' dir='ltr'>opus</span> <span class='ocrx_word' id='word_1_65' title='bbox 845 832 954 891; x_wconf 89' lang='lat' dir='ltr'>hoc</span> <span class='ocrx_word' id='word_1_66' title='bbox 995 851 1115 890; x_wconf 89' lang='lat' dir='ltr'>non</span> <span class='ocrx_word' id='word_1_67' title='bbox 1148 831 1405 907; x_wconf 85' lang='lat' dir='ltr'>amplius</span> <span class='ocrx_word' id='word_1_68' title='bbox 1438 834 1644 894; x_wconf 83' lang='lat' dir='ltr'>exstat.</span> <span class='ocrx_word' id='word_1_69' title='bbox 1683 863 1765 872; x_wconf 92' lang='lat'>—-</span> <span class='ocrx_word' id='word_1_70' title='bbox 1822 831 1886 888; x_wconf 91' lang='lat' dir='ltr'>in</span> <span class='ocrx_word' id='word_1_71' title='bbox 1930 830 2183 906; x_wconf 87' lang='lat' dir='ltr'>Migne</span> <span class='ocrx_word' id='word_1_72' title='bbox 2229 830 2292 893; x_wconf 93' lang='lat' dir='ltr'>P.</span> <span class='ocrx_word' id='word_1_73' title='bbox 2331 830 2389 892; x_wconf 90' lang='lat' dir='ltr'>L.</span> <span class='ocrx_word' id='word_1_74' title='bbox 2426 829 2684 900; x_wconf 86' lang='lat' dir='ltr'>LXVIII,</span> <span class='ocrx_word' id='word_1_75' title='bbox 2736 840 3102 895; x_wconf 74' lang='lat'>407—937.</span> 
     </span>
     <span class='ocr_line' id='line_1_8' title="bbox 484 920 3106 996; baseline -0.002 -15"><span class='ocrx_word' id='word_1_76' title='bbox 484 924 769 983; x_wconf 88' lang='lat' dir='ltr'>Arator</span> <span class='ocrx_word' id='word_1_77' title='bbox 831 920 1021 996; x_wconf 88' lang='lat' dir='ltr'>patria</span> <span class='ocrx_word' id='word_1_78' title='bbox 1077 921 1227 991; x_wconf 81' lang='lat' dir='ltr'>forte</span> <span class='ocrx_word' id='word_1_79' title='bbox 1276 920 1464 996; x_wconf 89' lang='lat' dir='ltr'>Ligur</span> <span class='ocrx_word' id='word_1_80' title='bbox 1513 925 1766 978; x_wconf 87' lang='lat' dir='ltr'>exeunte</span> <span class='ocrx_word' id='word_1_81' title='bbox 1820 920 1967 994; x_wconf 86' lang='lat' dir='ltr'>Ejus</span> <span class='ocrx_word' id='word_1_82' title='bbox 1999 920 2222 994; x_wconf 87' lang='lat' dir='ltr'>pariter</span> <span class='ocrx_word' id='word_1_83' title='bbox 2251 938 2372 977; x_wconf 92' lang='lat' dir='ltr'>non</span> <span class='ocrx_word' id='word_1_84' title='bbox 2404 926 2548 978; x_wconf 88' lang='lat' dir='ltr'>sunt</span> <span class='ocrx_word' id='word_1_85' title='bbox 2578 921 2998 979; x_wconf 88' lang='lat' dir='ltr'>commentaria</span> <span class='ocrx_word' id='word_1_86' title='bbox 3041 923 3106 978; x_wconf 80' lang='lat' dir='ltr'>in</span> 
     </span>
     <span class='ocr_line' id='line_1_9' title="bbox 487 1009 3104 1085; baseline -0.002 -14"><span class='ocrx_word' id='word_1_87' title='bbox 487 1030 597 1071; x_wconf 87' lang='lat' dir='ltr'>sec.</span> <span class='ocrx_word' id='word_1_88' title='bbox 618 1011 683 1069; x_wconf 91' lang='lat' dir='ltr'>V.</span> <span class='ocrx_word' id='word_1_89' title='bbox 716 1012 910 1079; x_wconf 87' lang='lat' dir='ltr'>natus,</span> <span class='ocrx_word' id='word_1_90' title='bbox 945 1009 1102 1085; x_wconf 88' lang='lat' dir='ltr'>apud</span> <span class='ocrx_word' id='word_1_91' title='bbox 1123 1009 1533 1069; x_wconf 75' lang='lat' dir='ltr'>Athalaricum</span> <span class='ocrx_word' id='word_1_92' title='bbox 1567 1028 1765 1085; x_wconf 86' lang='lat' dir='ltr'>regem</span> <span class='ocrx_word' id='word_1_93' title='bbox 1822 1009 1972 1067; x_wconf 80' lang='lat' dir='ltr'>Acta</span> <span class='ocrx_word' id='word_1_94' title='bbox 2012 1009 2422 1083; x_wconf 83' lang='lat' dir='ltr'>apostolorum,</span> <span class='ocrx_word' id='word_1_95' title='bbox 2467 1010 2731 1069; x_wconf 83' lang='lat' dir='ltr'>Basileae</span> <span class='ocrx_word' id='word_1_96' title='bbox 2774 1019 2941 1072; x_wconf 84' lang='lat'>1544</span> <span class='ocrx_word' id='word_1_97' title='bbox 2974 1013 3035 1068; x_wconf 85' lang='lat' dir='ltr'>et</span> <span class='ocrx_word' id='word_1_98' title='bbox 3067 1010 3104 1068; x_wconf 91' lang='lat' dir='ltr'>l.</span> 
     </span>
     <span class='ocr_line' id='line_1_10' title="bbox 485 1096 3104 1173; baseline -0.001 -13"><span class='ocrx_word' id='word_1_99' title='bbox 485 1118 679 1160; x_wconf 88' lang='lat' dir='ltr'>comes</span> <span class='ocrx_word' id='word_1_100' title='bbox 741 1099 1202 1157; x_wconf 88' lang='lat' dir='ltr'>domesticorum</span> <span class='ocrx_word' id='word_1_101' title='bbox 1265 1101 1327 1155; x_wconf 91' lang='lat' dir='ltr'>et</span> <span class='ocrx_word' id='word_1_102' title='bbox 1396 1097 1766 1173; x_wconf 82' lang='lat' dir='ltr'>privatorum</span> <span class='ocrx_word' id='word_1_103' title='bbox 1822 1096 2296 1156; x_wconf 77' lang='lat' dir='ltr'>Praedestinatus</span> <span class='ocrx_word' id='word_1_104' title='bbox 2370 1117 2405 1154; x_wconf 89' lang='lat' dir='ltr'>a</span> <span class='ocrx_word' id='word_1_105' title='bbox 2481 1098 2791 1161; x_wconf 86' lang='lat' dir='ltr'>Sirmondo</span> <span class='ocrx_word' id='word_1_106' title='bbox 2861 1099 3104 1157; x_wconf 85' lang='lat' dir='ltr'>Parisiis</span> 
     </span>
     <span class='ocr_line' id='line_1_11' title="bbox 483 1185 3105 1263; baseline -0.001 -14"><span class='ocrx_word' id='word_1_107' title='bbox 483 1191 614 1249; x_wconf 85' lang='lat' dir='ltr'>fuit.</span> <span class='ocrx_word' id='word_1_108' title='bbox 663 1188 882 1247; x_wconf 86' lang='lat' dir='ltr'>Verum</span> <span class='ocrx_word' id='word_1_109' title='bbox 914 1187 1155 1263; x_wconf 89' lang='lat' dir='ltr'>negotia</span> <span class='ocrx_word' id='word_1_110' title='bbox 1186 1190 1247 1245; x_wconf 90' lang='lat' dir='ltr'>et</span> <span class='ocrx_word' id='word_1_111' title='bbox 1279 1187 1576 1246; x_wconf 80' lang='lat' dir='ltr'>molestias</span> <span class='ocrx_word' id='word_1_112' title='bbox 1597 1188 1767 1245; x_wconf 81' lang='lat' dir='ltr'>aulae</span> <span class='ocrx_word' id='word_1_113' title='bbox 1833 1196 1996 1248; x_wconf 80' lang='grc'><strong>1643</strong></span> <span class='ocrx_word' id='word_1_114' title='bbox 2063 1185 2277 1244; x_wconf 77' lang='lat' dir='ltr'>editus,</span> <span class='ocrx_word' id='word_1_115' title='bbox 2377 1187 2765 1263; x_wconf 81' lang='lat' dir='ltr'>,Composuit</span> <span class='ocrx_word' id='word_1_116' title='bbox 2835 1204 3105 1246; x_wconf 85' lang='lat' dir='ltr'>sermone</span> 
     </span>
     <span class='ocr_line' id='line_1_12' title="bbox 489 1275 3105 1355; baseline -0.001 -19"><span class='ocrx_word' id='word_1_117' title='bbox 489 1284 796 1355; x_wconf 87' lang='lat' dir='ltr'>pertaesus</span> <span class='ocrx_word' id='word_1_118' title='bbox 848 1295 1044 1335; x_wconf 86' lang='lat' dir='ltr'>sacrae</span> <span class='ocrx_word' id='word_1_119' title='bbox 1108 1276 1358 1334; x_wconf 83' lang='lat' dir='ltr'>militiae</span> <span class='ocrx_word' id='word_1_120' title='bbox 1421 1295 1482 1333; x_wconf 89' lang='lat' dir='ltr'>se</span> <span class='ocrx_word' id='word_1_121' title='bbox 1543 1276 1769 1334; x_wconf 79' lang='lat' dir='ltr'>addixit</span> <span class='ocrx_word' id='word_1_122' title='bbox 1825 1275 2195 1345; x_wconf 81' lang='lat' dir='ltr'>scholastice,</span> <span class='ocrx_word' id='word_1_123' title='bbox 2221 1276 2398 1350; x_wconf 83' lang='lat' dir='ltr'>juxta</span> <span class='ocrx_word' id='word_1_124' title='bbox 2416 1276 2712 1335; x_wconf 87' lang='lat' dir='ltr'>Isidorum</span> <span class='ocrx_word' id='word_1_125' title='bbox 2745 1276 2818 1334; x_wconf 89' lang='lat' dir='ltr'>de</span> <span class='ocrx_word' id='word_1_126' title='bbox 2852 1277 2998 1334; x_wconf 86' lang='lat' dir='ltr'>viris</span> <span class='ocrx_word' id='word_1_127' title='bbox 3021 1277 3105 1334; x_wconf 91' lang='lat' dir='ltr'>ill.</span> 
     </span>
    </p>
   </div>
   <div class='ocr_carea' id='block_1_2' title="bbox 490 1364 3104 1443">
    <p class='ocr_par' dir='ltr' id='par_1_2' title="bbox 490 1364 3104 1443">
     <span class='ocr_line' id='line_1_13' title="bbox 490 1364 3104 1443; baseline -0 -19"><span class='ocrx_word' id='word_1_128' title='bbox 490 1369 797 1443; x_wconf 84' lang='lat' dir='ltr'>factusque</span> <span class='ocrx_word' id='word_1_129' title='bbox 844 1370 936 1424; x_wconf 89' lang='lat' dir='ltr'>est</span> <span class='ocrx_word' id='word_1_130' title='bbox 966 1366 1259 1424; x_wconf 84' lang='lat' dir='ltr'>Ecclesiae</span> <span class='ocrx_word' id='word_1_131' title='bbox 1303 1384 1579 1423; x_wconf 86' lang='lat' dir='ltr'>romanae</span> <span class='ocrx_word' id='word_1_132' title='bbox 1624 1365 1765 1431; x_wconf 88' lang='lat' dir='ltr'>sub·</span> <span class='ocrx_word' id='word_1_133' title='bbox 1822 1384 1868 1423; x_wconf 92' lang='lat' dir='ltr'>c.</span> <span class='ocrx_word' id='word_1_134' title='bbox 1906 1374 2006 1433; x_wconf 83' lang='lat'>22,</span> <span class='ocrx_word' id='word_1_135' title='bbox 2040 1365 2108 1421; x_wconf 79' lang='lat' dir='ltr'>de</span> <span class='ocrx_word' id='word_1_136' title='bbox 2137 1364 2466 1427; x_wconf 67' lang='lat' dir='ltr'>haeresibus</span> <span class='ocrx_word' id='word_1_137' title='bbox 2496 1368 2617 1424; x_wconf 87' lang='lat' dir='ltr'>tres</span> <span class='ocrx_word' id='word_1_138' title='bbox 2649 1365 2710 1423; x_wconf 91' lang='lat' dir='ltr'>ll.</span> <span class='ocrx_word' id='word_1_139' title='bbox 2744 1365 2998 1423; x_wconf 91' lang='lat' dir='ltr'>directos</span> <span class='ocrx_word' id='word_1_140' title='bbox 3031 1365 3104 1423; x_wconf 88' lang='lat' dir='ltr'>ad</span> 
     </span>
    </p>
   </div>
   <div class='ocr_carea' id='block_1_3' title="bbox 488 1450 1772 3311">
    <p class='ocr_par' dir='ltr' id='par_1_3' title="bbox 488 1450 1772 3311">
     <span class='ocr_line' id='line_1_14' title="bbox 493 1450 1766 1537; baseline -0.002 -23"><span class='ocrx_word' id='word_1_141' title='bbox 493 1458 764 1515; x_wconf 85' lang='lat' dir='ltr'>diaconus</span> <span class='ocrx_word' id='word_1_142' title='bbox 812 1450 878 1537; x_wconf 91' lang='lat' dir='ltr'>(f.</span> <span class='ocrx_word' id='word_1_143' title='bbox 927 1473 973 1515; x_wconf 91' lang='lat' dir='ltr'>c.</span> <span class='ocrx_word' id='word_1_144' title='bbox 1028 1450 1197 1536; x_wconf 87' lang='lat'><strong>541).</strong></span> <span class='ocrx_word' id='word_1_145' title='bbox 1264 1453 1517 1513; x_wconf 86' lang='lat' dir='ltr'>Juvenci</span> <span class='ocrx_word' id='word_1_146' title='bbox 1561 1458 1621 1513; x_wconf 91' lang='lat' dir='ltr'>et</span> <span class='ocrx_word' id='word_1_147' title='bbox 1666 1454 1766 1512; x_wconf 91' lang='lat' dir='ltr'>Se-</span> 
     </span>
     <span class='ocr_line' id='line_1_15' title="bbox 498 1542 1767 1619; baseline -0.002 -16"><span class='ocrx_word' id='word_1_148' title='bbox 498 1545 645 1604; x_wconf 89' lang='lat' dir='ltr'>dulii</span> <span class='ocrx_word' id='word_1_149' title='bbox 676 1545 1007 1619; x_wconf 89' lang='lat' dir='ltr'>exemplum</span> <span class='ocrx_word' id='word_1_150' title='bbox 1042 1547 1302 1613; x_wconf 86' lang='lat' dir='ltr'>secutus,</span> <span class='ocrx_word' id='word_1_151' title='bbox 1357 1542 1460 1601; x_wconf 90' lang='lat' dir='ltr'>sed</span> <span class='ocrx_word' id='word_1_152' title='bbox 1507 1563 1623 1602; x_wconf 91' lang='lat' dir='ltr'>non</span> <span class='ocrx_word' id='word_1_153' title='bbox 1674 1561 1767 1601; x_wconf 88' lang='lat' dir='ltr'>as-</span> 
     </span>
     <span class='ocr_line' id='line_1_16' title="bbox 495 1633 1765 1708; baseline -0.002 -16"><span class='ocrx_word' id='word_1_154' title='bbox 495 1637 746 1703; x_wconf 74' lang='lat' dir='ltr'>secutu8‚</span> <span class='ocrx_word' id='word_1_155' title='bbox 781 1634 961 1692; x_wconf 73' lang='lat' dir='ltr'>Actus</span> <span class='ocrx_word' id='word_1_156' title='bbox 992 1634 1384 1708; x_wconf 79' lang='lat' dir='ltr'>apostolorum</span> <span class='ocrx_word' id='word_1_157' title='bbox 1413 1633 1477 1690; x_wconf 90' lang='lat' dir='ltr'>in</span> <span class='ocrx_word' id='word_1_158' title='bbox 1521 1634 1765 1691; x_wconf 86' lang='lat' dir='ltr'>formam</span> 
     </span>
     <span class='ocr_line' id='line_1_17' title="bbox 489 1716 1766 1803; baseline -0.002 -22"><span class='ocrx_word' id='word_1_159' title='bbox 489 1723 777 1799; x_wconf 89' lang='lat' dir='ltr'>poeticam</span> <span class='ocrx_word' id='word_1_160' title='bbox 805 1722 1039 1799; x_wconf 86' lang='lat' dir='ltr'>redegit</span> <span class='ocrx_word' id='word_1_161' title='bbox 1071 1716 1274 1803; x_wconf 83' lang='lat'>(544),</span> <span class='ocrx_word' id='word_1_162' title='bbox 1326 1721 1484 1797; x_wconf 89' lang='lat' dir='ltr'>quod</span> <span class='ocrx_word' id='word_1_163' title='bbox 1532 1740 1766 1780; x_wconf 86' lang='lat' dir='ltr'>carmen</span> 
     </span>
     <span class='ocr_line' id='line_1_18' title="bbox 488 1810 1768 1889; baseline -0.002 -20"><span class='ocrx_word' id='word_1_164' title='bbox 488 1811 710 1889; x_wconf 86' lang='lat' dir='ltr'>Vigilio</span> <span class='ocrx_word' id='word_1_165' title='bbox 757 1811 1023 1887; x_wconf 90' lang='lat' dir='ltr'>pontifici</span> <span class='ocrx_word' id='word_1_166' title='bbox 1074 1810 1298 1869; x_wconf 81' lang='lat' dir='ltr'>obtulit</span> <span class='ocrx_word' id='word_1_167' title='bbox 1346 1813 1406 1869; x_wconf 87' lang='lat' dir='ltr'>et</span> <span class='ocrx_word' id='word_1_168' title='bbox 1456 1811 1768 1880; x_wconf 86' lang='lat' dir='ltr'>dedicavit,</span> 
     </span>
     <span class='ocr_line' id='line_1_19' title="bbox 489 1900 1767 1975; baseline -0.002 -16"><span class='ocrx_word' id='word_1_169' title='bbox 489 1901 585 1959; x_wconf 89' lang='lat' dir='ltr'>cui</span> <span class='ocrx_word' id='word_1_170' title='bbox 631 1900 781 1959; x_wconf 90' lang='lat' dir='ltr'>illud</span> <span class='ocrx_word' id='word_1_171' title='bbox 826 1901 1077 1959; x_wconf 84' lang='lat' dir='ltr'>maxime</span> <span class='ocrx_word' id='word_1_172' title='bbox 1109 1900 1354 1975; x_wconf 83' lang='lat' dir='ltr'>placuit,</span> <span class='ocrx_word' id='word_1_173' title='bbox 1400 1900 1487 1958; x_wconf 90' lang='lat' dir='ltr'>ita</span> <span class='ocrx_word' id='word_1_174' title='bbox 1532 1903 1602 1959; x_wconf 90' lang='lat' dir='ltr'>ut</span> <span class='ocrx_word' id='word_1_175' title='bbox 1646 1918 1767 1957; x_wconf 90' lang='lat' dir='ltr'>non</span> 
     </span>
     <span class='ocr_line' id='line_1_20' title="bbox 488 1988 1767 2065; baseline -0.001 -18"><span class='ocrx_word' id='word_1_176' title='bbox 488 1993 726 2048; x_wconf 86' lang='lat' dir='ltr'>tantum</span> <span class='ocrx_word' id='word_1_177' title='bbox 745 1990 980 2065; x_wconf 89' lang='lat' dir='ltr'>publice</span> <span class='ocrx_word' id='word_1_178' title='bbox 1000 1988 1379 2064; x_wconf 88' lang='lat' dir='ltr'>praelectum,</span> <span class='ocrx_word' id='word_1_179' title='bbox 1415 1990 1517 2048; x_wconf 88' lang='lat' dir='ltr'>sed</span> <span class='ocrx_word' id='word_1_180' title='bbox 1550 1995 1613 2048; x_wconf 88' lang='lat' dir='ltr'>et</span> <span class='ocrx_word' id='word_1_181' title='bbox 1643 2007 1767 2046; x_wconf 91' lang='lat' dir='ltr'>om-</span> 
     </span>
     <span class='ocr_line' id='line_1_21' title="bbox 489 2077 1767 2152; baseline -0.002 -16"><span class='ocrx_word' id='word_1_182' title='bbox 489 2079 653 2137; x_wconf 88' lang='lat' dir='ltr'>nium</span> <span class='ocrx_word' id='word_1_183' title='bbox 685 2078 859 2137; x_wconf 89' lang='lat' dir='ltr'>laude</span> <span class='ocrx_word' id='word_1_184' title='bbox 905 2077 1087 2136; x_wconf 89' lang='lat' dir='ltr'>fuerit</span> <span class='ocrx_word' id='word_1_185' title='bbox 1133 2079 1480 2138; x_wconf 89' lang='lat' dir='ltr'>honoratum</span> <span class='ocrx_word' id='word_1_186' title='bbox 1530 2085 1591 2136; x_wconf 89' lang='lat' dir='ltr'>et</span> <span class='ocrx_word' id='word_1_187' title='bbox 1637 2078 1767 2152; x_wconf 88' lang='lat' dir='ltr'>ejus</span> 
     </span>
     <span class='ocr_line' id='line_1_22' title="bbox 490 2167 1770 2244; baseline -0.001 -19"><span class='ocrx_word' id='word_1_188' title='bbox 490 2168 662 2226; x_wconf 85' lang='lat' dir='ltr'>lectio</span> <span class='ocrx_word' id='word_1_189' title='bbox 683 2167 1000 2242; x_wconf 83' lang='lat' dir='ltr'>aliquoties</span> <span class='ocrx_word' id='word_1_190' title='bbox 1021 2168 1356 2243; x_wconf 86' lang='lat' dir='ltr'>repetenda.</span> <span class='ocrx_word' id='word_1_191' title='bbox 1397 2168 1509 2242; x_wconf 87' lang='lat' dir='ltr'>Adj</span> <span class='ocrx_word' id='word_1_192' title='bbox 1519 2167 1770 2244; x_wconf 90' lang='lat' dir='ltr'>ungitur</span> 
     </span>
     <span class='ocr_line' id='line_1_23' title="bbox 489 2256 1770 2333; baseline -0.002 -19"><span class='ocrx_word' id='word_1_193' title='bbox 489 2256 740 2333; x_wconf 88' lang='lat' dir='ltr'>epistola</span> <span class='ocrx_word' id='word_1_194' title='bbox 788 2257 1147 2316; x_wconf 88' lang='lat' dir='ltr'>dedicatoria</span> <span class='ocrx_word' id='word_1_195' title='bbox 1199 2256 1417 2332; x_wconf 82' lang='lat' dir='ltr'>Vigilio</span> <span class='ocrx_word' id='word_1_196' title='bbox 1481 2256 1770 2333; x_wconf 84' lang='lat' dir='ltr'>inscripta</span> 
     </span>
     <span class='ocr_line' id='line_1_24' title="bbox 490 2344 1765 2420; baseline -0.002 -16"><span class='ocrx_word' id='word_1_197' title='bbox 490 2354 550 2404; x_wconf 89' lang='lat' dir='ltr'>et</span> <span class='ocrx_word' id='word_1_198' title='bbox 594 2364 684 2420; x_wconf 87' lang='lat' dir='ltr'>ep.</span> <span class='ocrx_word' id='word_1_199' title='bbox 731 2364 838 2404; x_wconf 91' lang='lat' dir='ltr'>seu</span> <span class='ocrx_word' id='word_1_200' title='bbox 882 2365 1116 2405; x_wconf 77' lang='lat' dir='ltr'>carmen</span> <span class='ocrx_word' id='word_1_201' title='bbox 1160 2346 1486 2419; x_wconf 80' lang='lat' dir='ltr'>elegiacum</span> <span class='ocrx_word' id='word_1_202' title='bbox 1520 2346 1589 2403; x_wconf 90' lang='lat' dir='ltr'>ad</span> <span class='ocrx_word' id='word_1_203' title='bbox 1622 2344 1765 2403; x_wconf 88' lang='lat' dir='ltr'>Par-</span> 
     </span>
     <span class='ocr_line' id='line_1_25' title="bbox 488 2434 1763 2504; baseline -0.002 -12"><span class='ocrx_word' id='word_1_204' title='bbox 488 2435 780 2504; x_wconf 88' lang='lat' dir='ltr'>thenium,</span> <span class='ocrx_word' id='word_1_205' title='bbox 816 2435 1032 2493; x_wconf 88' lang='lat' dir='ltr'>sororis</span> <span class='ocrx_word' id='word_1_206' title='bbox 1051 2434 1304 2495; x_wconf 86' lang='lat' dir='ltr'>Ennodii</span> <span class='ocrx_word' id='word_1_207' title='bbox 1326 2434 1534 2501; x_wconf 86' lang='lat' dir='ltr'>filium,</span> <span class='ocrx_word' id='word_1_208' title='bbox 1569 2435 1763 2492; x_wconf 81' lang='lat' dir='ltr'>virum</span> 
     </span>
     <span class='ocr_line' id='line_1_26' title="bbox 489 2523 1768 2602; baseline -0.001 -21"><span class='ocrx_word' id='word_1_209' title='bbox 489 2524 802 2594; x_wconf 86' lang='lat' dir='ltr'>illustrem,</span> <span class='ocrx_word' id='word_1_210' title='bbox 835 2544 868 2582; x_wconf 88' lang='lat' dir='ltr'>a</span> <span class='ocrx_word' id='word_1_211' title='bbox 901 2542 1018 2602; x_wconf 92' lang='lat' dir='ltr'>quo</span> <span class='ocrx_word' id='word_1_212' title='bbox 1050 2523 1124 2582; x_wconf 90' lang='lat' dir='ltr'>ad</span> <span class='ocrx_word' id='word_1_213' title='bbox 1156 2524 1364 2600; x_wconf 71' lang='lat' dir='ltr'>poesin</span> <span class='ocrx_word' id='word_1_214' title='bbox 1384 2543 1603 2583; x_wconf 85' lang='lat' dir='ltr'>sacram</span> <span class='ocrx_word' id='word_1_215' title='bbox 1638 2524 1768 2582; x_wconf 86' lang='lat' dir='ltr'>fue-</span> 
     </span>
     <span class='ocr_line' id='line_1_27' title="bbox 488 2612 1768 2688; baseline -0.002 -17"><span class='ocrx_word' id='word_1_216' title='bbox 488 2616 579 2671; x_wconf 87' lang='lat' dir='ltr'>rat</span> <span class='ocrx_word' id='word_1_217' title='bbox 609 2613 917 2673; x_wconf 86' lang='lat' dir='ltr'>excitatu&#39;s.</span> <span class='ocrx_word' id='word_1_218' title='bbox 982 2613 1339 2673; x_wconf 86' lang='lat' dir='ltr'>Prodierunt</span> <span class='ocrx_word' id='word_1_219' title='bbox 1379 2633 1511 2673; x_wconf 90' lang='lat' dir='ltr'>cum</span> <span class='ocrx_word' id='word_1_220' title='bbox 1554 2612 1768 2688; x_wconf 88' lang='lat' dir='ltr'>amplis</span> 
     </span>
     <span class='ocr_line' id='line_1_28' title="bbox 489 2702 1765 2770; baseline -0.002 -10"><span class='ocrx_word' id='word_1_221' title='bbox 489 2702 1005 2761; x_wconf 88' lang='lat' dir='ltr'>observationibus</span> <span class='ocrx_word' id='word_1_222' title='bbox 1037 2720 1157 2761; x_wconf 89' lang='lat' dir='ltr'>cur.</span> <span class='ocrx_word' id='word_1_223' title='bbox 1191 2703 1588 2770; x_wconf 89' lang='lat' dir='ltr'>Arntzenii,</span> <span class='ocrx_word' id='word_1_224' title='bbox 1626 2702 1765 2761; x_wconf 89' lang='lat' dir='ltr'>Zut-</span> 
     </span>
     <span class='ocr_line' id='line_1_29' title="bbox 489 2791 1768 2868; baseline -0.001 -20"><span class='ocrx_word' id='word_1_225' title='bbox 489 2792 688 2866; x_wconf 85' lang='lat' dir='ltr'>phanii</span> <span class='ocrx_word' id='word_1_226' title='bbox 731 2801 895 2853; x_wconf 76' lang='lat'>1769</span> <span class='ocrx_word' id='word_1_227' title='bbox 937 2791 1000 2849; x_wconf 92' lang='lat' dir='ltr'>in</span> <span class='ocrx_word' id='word_1_228' title='bbox 1038 2800 1105 2860; x_wconf 89' lang='lat'>8;</span> <span class='ocrx_word' id='word_1_229' title='bbox 1154 2810 1361 2850; x_wconf 86' lang='lat' dir='ltr'>recusa</span> <span class='ocrx_word' id='word_1_230' title='bbox 1407 2792 1471 2850; x_wconf 92' lang='lat' dir='ltr'>in</span> <span class='ocrx_word' id='word_1_231' title='bbox 1518 2792 1768 2868; x_wconf 85' lang='lat' dir='ltr'>Migne</span> 
     </span>
     <span class='ocr_line' id='line_1_30' title="bbox 488 2879 1769 2952; baseline 0.001 -16"><span class='ocrx_word' id='word_1_232' title='bbox 488 2879 743 2952; x_wconf 74' lang='lat' dir='ltr'>LXVHL</span> <span class='ocrx_word' id='word_1_233' title='bbox 780 2889 1074 2944; x_wconf 82' lang='lat'>45—251</span> <span class='ocrx_word' id='word_1_234' title='bbox 1105 2903 1118 2949; x_wconf 87' lang='grc'><strong>;</strong></span> <span class='ocrx_word' id='word_1_235' title='bbox 1154 2881 1518 2939; x_wconf 86' lang='lat' dir='ltr'>Gallandi</span> <span class='ocrx_word' id='word_1_236' title='bbox 1550 2885 1593 2939; x_wconf 92' lang='lat' dir='ltr'>t.</span> <span class='ocrx_word' id='word_1_237' title='bbox 1626 2879 1769 2947; x_wconf 87' lang='lat' dir='ltr'>XII;</span> 
     </span>
     <span class='ocr_line' id='line_1_31' title="bbox 489 2968 1768 3039; baseline -0.001 -12"><span class='ocrx_word' id='word_1_238' title='bbox 489 2971 555 3027; x_wconf 90' lang='lat' dir='ltr'>A.</span> <span class='ocrx_word' id='word_1_239' title='bbox 621 2969 964 3039; x_wconf 82' lang='lat' dir='ltr'>Hiibner,</span> <span class='ocrx_word' id='word_1_240' title='bbox 1037 2970 1247 3028; x_wconf 87' lang='lat' dir='ltr'>Neisse</span> <span class='ocrx_word' id='word_1_241' title='bbox 1308 2980 1491 3034; x_wconf 83' lang='lat'>1850.</span> <span class='ocrx_word' id='word_1_242' title='bbox 1575 2968 1768 3028; x_wconf 85' lang='lat' dir='ltr'>Medio</span> 
     </span>
     <span class='ocr_line' id='line_1_32' title="bbox 489 3058 1772 3134; baseline 0 -19"><span class='ocrx_word' id='word_1_243' title='bbox 489 3077 633 3118; x_wconf 87' lang='lat' dir='ltr'>aevo</span> <span class='ocrx_word' id='word_1_244' title='bbox 665 3059 796 3134; x_wconf 87' lang='lat' dir='ltr'>ejus</span> <span class='ocrx_word' id='word_1_245' title='bbox 828 3076 1062 3117; x_wconf 90' lang='lat' dir='ltr'>carmen</span> <span class='ocrx_word' id='word_1_246' title='bbox 1099 3058 1164 3117; x_wconf 91' lang='lat' dir='ltr'>in</span> <span class='ocrx_word' id='word_1_247' title='bbox 1198 3059 1413 3117; x_wconf 88' lang='lat' dir='ltr'>scholis</span> <span class='ocrx_word' id='word_1_248' title='bbox 1446 3077 1619 3134; x_wconf 86' lang='lat' dir='ltr'>saepe</span> <span class='ocrx_word' id='word_1_249' title='bbox 1650 3058 1772 3116; x_wconf 89' lang='lat' dir='ltr'>fuit</span> 
     </span>
     <span class='ocr_line' id='line_1_33' title="bbox 491 3147 1767 3223; baseline 0.001 -19"><span class='ocrx_word' id='word_1_250' title='bbox 491 3147 712 3206; x_wconf 86' lang='lat' dir='ltr'>lectum</span> <span class='ocrx_word' id='word_1_251' title='bbox 733 3148 981 3223; x_wconf 88' lang='lat' dir='ltr'>ipseque</span> <span class='ocrx_word' id='word_1_252' title='bbox 1001 3147 1243 3206; x_wconf 88' lang='lat' dir='ltr'>habitus</span> <span class='ocrx_word' id='word_1_253' title='bbox 1276 3152 1348 3206; x_wconf 87' lang='lat' dir='ltr'>ut</span> <span class='ocrx_word' id='word_1_254' title='bbox 1378 3150 1585 3206; x_wconf 88' lang='lat' dir='ltr'>auctor</span> <span class='ocrx_word' id='word_1_255' title='bbox 1617 3147 1767 3205; x_wconf 88' lang='lat' dir='ltr'>clas-</span> 
     </span>
     <span class='ocr_line' id='line_1_34' title="bbox 492 3237 1476 3311; baseline 0.002 -16"><span class='ocrx_word' id='word_1_256' title='bbox 492 3237 650 3295; x_wconf 88' lang='lat' dir='ltr'>sicus</span> <span class='ocrx_word' id='word_1_257' title='bbox 682 3237 842 3294; x_wconf 86' lang='lat' dir='ltr'>inter</span> <span class='ocrx_word' id='word_1_258' title='bbox 872 3243 1073 3311; x_wconf 68' lang='lat' dir='ltr'>poetas</span> <span class='ocrx_word' id='word_1_259' title='bbox 1108 3237 1476 3298; x_wconf 79' lang='lat' dir='ltr'>christianos,</span> 
     </span>
    </p>
   </div>
   <div class='ocr_carea' id='block_1_4' title="bbox 493 3413 1776 4378">
    <p class='ocr_par' dir='ltr' id='par_1_4' title="bbox 493 3413 1776 4378">
     <span class='ocr_line' id='line_1_35' title="bbox 581 3413 1769 3490; baseline -0.002 -16"><span class='ocrx_word' id='word_1_260' title='bbox 581 3424 726 3476; x_wconf 82' lang='lat'><strong>299.</strong></span> <span class='ocrx_word' id='word_1_261' title='bbox 757 3414 1192 3473; x_wconf 86' lang='lat' dir='ltr'>Primasius</span> <span class='ocrx_word' id='word_1_262' title='bbox 1239 3415 1552 3490; x_wconf 89' lang='lat' dir='ltr'>episcopus</span> <span class='ocrx_word' id='word_1_263' title='bbox 1591 3413 1769 3473; x_wconf 90' lang='lat' dir='ltr'>adru-</span> 
     </span>
     <span class='ocr_line' id='line_1_36' title="bbox 493 3502 1770 3578; baseline 0 -18"><span class='ocrx_word' id='word_1_264' title='bbox 493 3505 752 3562; x_wconf 87' lang='lat' dir='ltr'>metinus</span> <span class='ocrx_word' id='word_1_265' title='bbox 798 3503 862 3578; x_wconf 84' lang='lat' dir='ltr'>in</span> <span class='ocrx_word' id='word_1_266' title='bbox 893 3503 1104 3573; x_wconf 86' lang='lat' dir='ltr'>Africa,</span> <span class='ocrx_word' id='word_1_267' title='bbox 1153 3503 1543 3562; x_wconf 84' lang='lat' dir='ltr'>africanarum</span> <span class='ocrx_word' id='word_1_268' title='bbox 1589 3502 1770 3561; x_wconf 89' lang='lat' dir='ltr'>eccle-</span> 
     </span>
     <span class='ocr_line' id='line_1_37' title="bbox 497 3591 1773 3655; baseline 0.005 -6"><span class='ocrx_word' id='word_1_269' title='bbox 497 3591 716 3650; x_wconf 88' lang='lat' dir='ltr'>siarum</span> <span class='ocrx_word' id='word_1_270' title='bbox 764 3591 837 3649; x_wconf 90' lang='lat' dir='ltr'>ad</span> <span class='ocrx_word' id='word_1_271' title='bbox 870 3592 1065 3650; x_wconf 85' lang='lat' dir='ltr'>aulam</span> <span class='ocrx_word' id='word_1_272' title='bbox 1099 3610 1424 3652; x_wconf 83' lang='lat' dir='ltr'>caesaream</span> <span class='ocrx_word' id='word_1_273' title='bbox 1459 3612 1505 3651; x_wconf 89' lang='lat' dir='ltr'>c.</span> <span class='ocrx_word' id='word_1_274' title='bbox 1538 3612 1587 3650; x_wconf 89' lang='lat' dir='ltr'>a.</span> <span class='ocrx_word' id='word_1_275' title='bbox 1627 3602 1773 3655; x_wconf 85' lang='lat'>550.</span> 
     </span>
     <span class='ocr_line' id='line_1_38' title="bbox 495 3680 1772 3757; baseline -0.003 -15"><span class='ocrx_word' id='word_1_276' title='bbox 495 3680 744 3757; x_wconf 79' lang='lat' dir='ltr'>legatuS,</span> <span class='ocrx_word' id='word_1_277' title='bbox 796 3701 915 3757; x_wconf 89' lang='lat' dir='ltr'>qua</span> <span class='ocrx_word' id='word_1_278' title='bbox 963 3681 1264 3740; x_wconf 88' lang='lat' dir='ltr'>occasione</span> <span class='ocrx_word' id='word_1_279' title='bbox 1313 3682 1589 3740; x_wconf 84' lang='lat' dir='ltr'>interfuit</span> <span class='ocrx_word' id='word_1_280' title='bbox 1634 3700 1772 3739; x_wconf 89' lang='lat' dir='ltr'>con-</span> 
     </span>
     <span class='ocr_line' id='line_1_39' title="bbox 497 3769 1768 3845; baseline 0.001 -19"><span class='ocrx_word' id='word_1_281' title='bbox 497 3769 628 3828; x_wconf 89' lang='lat' dir='ltr'>cilio</span> <span class='ocrx_word' id='word_1_282' title='bbox 674 3770 736 3828; x_wconf 93' lang='lat' dir='ltr'>in</span> <span class='ocrx_word' id='word_1_283' title='bbox 782 3788 957 3828; x_wconf 90' lang='lat' dir='ltr'>causa</span> <span class='ocrx_word' id='word_1_284' title='bbox 982 3771 1170 3829; x_wconf 89' lang='lat' dir='ltr'>trium</span> <span class='ocrx_word' id='word_1_285' title='bbox 1203 3771 1617 3845; x_wconf 84' lang='lat' dir='ltr'>capitulorum,</span> <span class='ocrx_word' id='word_1_286' title='bbox 1657 3769 1768 3827; x_wconf 86' lang='lat' dir='ltr'>mi·</span> 
     </span>
     <span class='ocr_line' id='line_1_40' title="bbox 497 3859 1774 3935; baseline 0.002 -22"><span class='ocrx_word' id='word_1_287' title='bbox 497 3861 639 3917; x_wconf 88' lang='lat' dir='ltr'>nute</span> <span class='ocrx_word' id='word_1_288' title='bbox 660 3864 720 3916; x_wconf 90' lang='lat' dir='ltr'>et</span> <span class='ocrx_word' id='word_1_289' title='bbox 739 3859 1061 3935; x_wconf 85' lang='lat' dir='ltr'>diligenter</span> <span class='ocrx_word' id='word_1_290' title='bbox 1070 3860 1246 3933; x_wconf 89' lang='lat' dir='ltr'>juxta</span> <span class='ocrx_word' id='word_1_291' title='bbox 1266 3877 1507 3918; x_wconf 87' lang='lat' dir='ltr'>sensum</span> <span class='ocrx_word' id='word_1_292' title='bbox 1526 3859 1774 3917; x_wconf 87' lang='lat' dir='ltr'>maxime</span> 
     </span>
     <span class='ocr_line' id='line_1_41' title="bbox 496 3948 1774 4024; baseline 0.001 -20"><span class='ocrx_word' id='word_1_293' title='bbox 496 3948 807 4021; x_wconf 83' lang='lat' dir='ltr'>mysticum</span> <span class='ocrx_word' id='word_1_294' title='bbox 856 3948 919 4005; x_wconf 92' lang='lat' dir='ltr'>ll.</span> <span class='ocrx_word' id='word_1_295' title='bbox 970 3948 1013 4006; x_wconf 91' lang='lat' dir='ltr'>V</span> <span class='ocrx_word' id='word_1_296' title='bbox 1064 3949 1335 4023; x_wconf 84' lang='lat' dir='ltr'>exposuit</span> <span class='ocrx_word' id='word_1_297' title='bbox 1382 3949 1774 4024; x_wconf 77' lang='lat' dir='ltr'>Apocalypsin</span> 
     </span>
     <span class='ocr_line' id='line_1_42' title="bbox 497 4029 1772 4117; baseline 0.001 -23"><span class='ocrx_word' id='word_1_298' title='bbox 497 4029 673 4117; x_wconf 77' lang='lat' dir='ltr'>(Cass,</span> <span class='ocrx_word' id='word_1_299' title='bbox 688 4037 759 4095; x_wconf 88' lang='lat' dir='ltr'>de</span> <span class='ocrx_word' id='word_1_300' title='bbox 780 4037 920 4095; x_wconf 87' lang='lat' dir='ltr'>inst.</span> <span class='ocrx_word' id='word_1_301' title='bbox 941 4037 1058 4095; x_wconf 80' lang='lat' dir='ltr'>div.</span> <span class='ocrx_word' id='word_1_302' title='bbox 1079 4055 1125 4095; x_wconf 90' lang='lat' dir='ltr'>c.</span> <span class='ocrx_word' id='word_1_303' title='bbox 1150 4033 1215 4117; x_wconf 84' lang='lat'>9)</span> <span class='ocrx_word' id='word_1_304' title='bbox 1239 4041 1414 4100; x_wconf 89' lang='lat' dir='ltr'>utens</span> <span class='ocrx_word' id='word_1_305' title='bbox 1438 4055 1772 4113; x_wconf 88' lang='lat' dir='ltr'>praecesso-</span> 
     </span>
     <span class='ocr_line' id='line_1_43' title="bbox 494 4125 1776 4203; baseline -0.001 -19"><span class='ocrx_word' id='word_1_306' title='bbox 494 4144 624 4184; x_wconf 88' lang='lat' dir='ltr'>rum</span> <span class='ocrx_word' id='word_1_307' title='bbox 659 4125 983 4197; x_wconf 83' lang='lat' dir='ltr'>laboribus,</span> <span class='ocrx_word' id='word_1_308' title='bbox 1017 4125 1080 4183; x_wconf 93' lang='lat' dir='ltr'>in</span> <span class='ocrx_word' id='word_1_309' title='bbox 1112 4126 1319 4200; x_wconf 87' lang='lat' dir='ltr'>primis</span> <span class='ocrx_word' id='word_1_310' title='bbox 1352 4126 1682 4203; x_wconf 84' lang='lat' dir='ltr'>Augustini</span> <span class='ocrx_word' id='word_1_311' title='bbox 1712 4129 1776 4183; x_wconf 90' lang='lat' dir='ltr'>et</span> 
     </span>
     <span class='ocr_line' id='line_1_44' title="bbox 494 4208 1775 4296; baseline 0.002 -26"><span class='ocrx_word' id='word_1_312' title='bbox 494 4212 764 4272; x_wconf 87' lang='lat' dir='ltr'>Tichonii</span> <span class='ocrx_word' id='word_1_313' title='bbox 795 4208 1089 4296; x_wconf 88' lang='lat' dir='ltr'>(Basileae</span> <span class='ocrx_word' id='word_1_314' title='bbox 1130 4211 1339 4295; x_wconf 85' lang='lat'>1544).</span> <span class='ocrx_word' id='word_1_315' title='bbox 1397 4215 1775 4273; x_wconf 87' lang='lat' dir='ltr'>Tribuuntur</span> 
     </span>
     <span class='ocr_line' id='line_1_45' title="bbox 493 4302 1772 4378; baseline 0.001 -19"><span class='ocrx_word' id='word_1_316' title='bbox 493 4302 624 4377; x_wconf 88' lang='lat' dir='ltr'>ipsi,</span> <span class='ocrx_word' id='word_1_317' title='bbox 659 4302 762 4361; x_wconf 91' lang='lat' dir='ltr'>sed</span> <span class='ocrx_word' id='word_1_318' title='bbox 792 4302 1106 4374; x_wconf 81' lang='lat' dir='ltr'>immeritO,</span> <span class='ocrx_word' id='word_1_319' title='bbox 1152 4307 1563 4362; x_wconf 82' lang='lat' dir='ltr'>commentaria</span> <span class='ocrx_word' id='word_1_320' title='bbox 1596 4306 1658 4362; x_wconf 80' lang='lat' dir='ltr'>in</span> <span class='ocrx_word' id='word_1_321' title='bbox 1689 4322 1772 4378; x_wconf 82' lang='lat' dir='ltr'>ep.</span> 
     </span>
    </p>
   </div>
   <div class='ocr_carea' id='block_1_5' title="bbox 492 4461 809 4470">
    <p class='ocr_par' dir='ltr' id='par_1_5' title="bbox 492 4461 809 4470">
     <span class='ocr_line' id='line_1_46' title="bbox 492 4461 809 4470; baseline 0 691"><span class='ocrx_word' id='word_1_322' title='bbox 492 4461 809 4470; x_wconf 95' lang='lat' dir='ltr'> </span> 
     </span>
    </p>
   </div>
   <div class='ocr_carea' id='block_1_6' title="bbox 490 4542 1774 4826">
    <p class='ocr_par' dir='ltr' id='par_1_6' title="bbox 490 4542 1774 4826">
     <span class='ocr_line' id='line_1_47' title="bbox 569 4542 1774 4612; baseline 0.006 -15"><span class='ocrx_word' id='word_1_323' title='bbox 569 4543 716 4612; x_wconf 72' lang='lat' dir='ltr'><strong>¹)Cf.</strong></span> <span class='ocrx_word' id='word_1_324' title='bbox 766 4542 1320 4597; x_wconf 83' lang='lat' dir='ltr'>Bardenhewer</span> <span class='ocrx_word' id='word_1_325' title='bbox 1371 4552 1397 4610; x_wconf 65' lang='grc' dir='ltr'><strong>ἓ</strong></span> <span class='ocrx_word' id='word_1_326' title='bbox 1454 4554 1552 4601; x_wconf 79' lang='lat'>114</span> <span class='ocrx_word' id='word_1_327' title='bbox 1602 4565 1657 4600; x_wconf 89' lang='lat' dir='ltr'>n.</span> <span class='ocrx_word' id='word_1_328' title='bbox 1710 4552 1774 4604; x_wconf 84' lang='lat'>6;</span> 
     </span>
     <span class='ocr_line' id='line_1_48' title="bbox 490 4614 1774 4679; baseline -0.002 -9"><span class='ocrx_word' id='word_1_329' title='bbox 490 4621 517 4679; x_wconf 68' lang='grc' dir='ltr'>ὓ</span> <span class='ocrx_word' id='word_1_330' title='bbox 548 4622 612 4670; x_wconf 89' lang='grc'>18</span> <span class='ocrx_word' id='word_1_331' title='bbox 639 4633 693 4667; x_wconf 90' lang='lat' dir='ltr'>n.</span> <span class='ocrx_word' id='word_1_332' title='bbox 722 4622 784 4671; x_wconf 81' lang='lat'>3:</span> <span class='ocrx_word' id='word_1_333' title='bbox 836 4614 964 4669; x_wconf 89' lang='lat' dir='ltr'>Chr.</span> <span class='ocrx_word' id='word_1_334' title='bbox 994 4614 1035 4667; x_wconf 90' lang='grc' dir='ltr'><strong><em>Ρ</em></strong></span> <span class='ocrx_word' id='word_1_335' title='bbox 1055 4615 1226 4669; x_wconf 89' lang='lat' dir='ltr'>esch</span> <span class='ocrx_word' id='word_1_336' title='bbox 1253 4614 1519 4670; x_wconf 82' lang='lat' dir='ltr'>Zeitschr.</span> <span class='ocrx_word' id='word_1_337' title='bbox 1548 4616 1586 4668; x_wconf 88' lang='lat' dir='ltr'>f.</span> <span class='ocrx_word' id='word_1_338' title='bbox 1613 4616 1774 4674; x_wconf 81' lang='lat' dir='ltr'>kath.</span> 
     </span>
     <span class='ocr_line' id='line_1_49' title="bbox 490 4684 1774 4758; baseline 0.002 -20"><span class='ocrx_word' id='word_1_339' title='bbox 490 4684 683 4741; x_wconf 86' lang='lat' dir='ltr'>Theol.</span> <span class='ocrx_word' id='word_1_340' title='bbox 740 4693 876 4742; x_wconf 87' lang='lat'>1886</span> <span class='ocrx_word' id='word_1_341' title='bbox 926 4687 992 4749; x_wconf 86' lang='lat' dir='ltr'>X,</span> <span class='ocrx_word' id='word_1_342' title='bbox 1040 4693 1142 4743; x_wconf 84' lang='lat'>235</span> <span class='ocrx_word' id='word_1_343' title='bbox 1193 4703 1294 4747; x_wconf 84' lang='lat' dir='ltr'>ss.;</span> <span class='ocrx_word' id='word_1_344' title='bbox 1345 4687 1408 4739; x_wconf 84' lang='lat' dir='ltr'>in</span> <span class='ocrx_word' id='word_1_345' title='bbox 1458 4687 1660 4758; x_wconf 85' lang='lat' dir='ltr'>primis</span> <span class='ocrx_word' id='word_1_346' title='bbox 1710 4687 1774 4741; x_wconf 88' lang='lat' dir='ltr'>E.</span> 
     </span>
     <span class='ocr_line' id='line_1_50' title="bbox 490 4754 982 4826; baseline 0.01 -18"><span class='ocrx_word' id='word_1_347' title='bbox 490 4754 740 4810; x_wconf 82' lang='lat' dir='ltr'>Ranke</span> <span class='ocrx_word' id='word_1_348' title='bbox 768 4773 859 4826; x_wconf 89' lang='lat' dir='ltr'>op.</span> <span class='ocrx_word' id='word_1_349' title='bbox 887 4756 982 4813; x_wconf 87' lang='lat' dir='ltr'>cit.</span> 
     </span>
    </p>
   </div>
   <div class='ocr_carea' id='block_1_7' title="bbox 1823 1453 3143 4199">
    <p class='ocr_par' dir='ltr' id='par_1_7' title="bbox 1823 1453 3143 4199">
     <span class='ocr_line' id='line_1_51' title="bbox 1825 1453 3127 1536; baseline 0.001 -25"><span class='ocrx_word' id='word_1_350' title='bbox 1825 1454 2219 1513; x_wconf 78' lang='lat' dir='ltr'>Fortunatam</span> <span class='ocrx_word' id='word_1_351' title='bbox 2270 1453 2616 1529; x_wconf 84' lang='lat' dir='ltr'>episcopum</span> <span class='ocrx_word' id='word_1_352' title='bbox 2677 1455 2976 1529; x_wconf 86' lang='lat' dir='ltr'>explicans</span> <span class='ocrx_word' id='word_1_353' title='bbox 3042 1454 3127 1536; x_wconf 29' lang='lat' dir='ltr'>in.</span> 
     </span>
     <span class='ocr_line' id='line_1_52' title="bbox 1823 1542 3106 1620; baseline 0 -20"><span class='ocrx_word' id='word_1_354' title='bbox 1823 1542 1926 1612; x_wconf 85' lang='lat' dir='ltr'>eis,</span> <span class='ocrx_word' id='word_1_355' title='bbox 1980 1542 2136 1616; x_wconf 90' lang='lat' dir='ltr'>quod</span> <span class='ocrx_word' id='word_1_356' title='bbox 2188 1542 2328 1600; x_wconf 89' lang='lat' dir='ltr'>olim</span> <span class='ocrx_word' id='word_1_357' title='bbox 2380 1542 2475 1601; x_wconf 92' lang='lat' dir='ltr'>bb.</span> <span class='ocrx_word' id='word_1_358' title='bbox 2528 1544 2902 1620; x_wconf 88' lang='lat' dir='ltr'>Augustinus</span> <span class='ocrx_word' id='word_1_359' title='bbox 2952 1543 3016 1601; x_wconf 89' lang='lat' dir='ltr'>in</span> <span class='ocrx_word' id='word_1_360' title='bbox 3067 1543 3106 1601; x_wconf 87' lang='lat'>1.</span> 
     </span>
     <span class='ocr_line' id='line_1_53' title="bbox 1823 1631 3103 1707; baseline -0.001 -17"><span class='ocrx_word' id='word_1_361' title='bbox 1823 1632 2144 1690; x_wconf 81' lang='lat' dir='ltr'>haereseon</span> <span class='ocrx_word' id='word_1_362' title='bbox 2192 1631 2621 1707; x_wconf 86' lang='lat' dir='ltr'>imperfectum,</span> <span class='ocrx_word' id='word_1_363' title='bbox 2680 1636 2867 1691; x_wconf 90' lang='lat' dir='ltr'>morte</span> <span class='ocrx_word' id='word_1_364' title='bbox 2917 1632 3103 1691; x_wconf 90' lang='lat' dir='ltr'>inter·</span> 
     </span>
     <span class='ocr_line' id='line_1_54' title="bbox 1824 1721 3102 1796; baseline 0 -17"><span class='ocrx_word' id='word_1_365' title='bbox 1824 1723 2117 1790; x_wconf 86' lang='lat' dir='ltr'>veniente,</span> <span class='ocrx_word' id='word_1_366' title='bbox 2169 1721 2511 1796; x_wconf 86' lang='lat' dir='ltr'>reliquerat.</span> <span class='ocrx_word' id='word_1_367' title='bbox 2593 1722 2664 1778; x_wconf 90' lang='lat' dir='ltr'>In</span> <span class='ocrx_word' id='word_1_368' title='bbox 2733 1734 2782 1784; x_wconf 91' lang='lat'>1.</span> <span class='ocrx_word' id='word_1_369' title='bbox 2846 1740 3102 1796; x_wconf 88' lang='lat' dir='ltr'>namque</span> 
     </span>
     <span class='ocr_line' id='line_1_55' title="bbox 1825 1810 3107 1885; baseline 0 -18"><span class='ocrx_word' id='word_1_370' title='bbox 1825 1810 2163 1876; x_wconf 78' lang='lat' dir='ltr'>ostenden8‚</span> <span class='ocrx_word' id='word_1_371' title='bbox 2212 1810 2359 1885; x_wconf 89' lang='lat' dir='ltr'>quid</span> <span class='ocrx_word' id='word_1_372' title='bbox 2392 1810 2754 1869; x_wconf 86' lang='lat' dir='ltr'>haereticum</span> <span class='ocrx_word' id='word_1_373' title='bbox 2777 1810 2994 1879; x_wconf 68' lang='lat' dir='ltr'>‚faciat;</span> <span class='ocrx_word' id='word_1_374' title='bbox 3043 1811 3107 1868; x_wconf 90' lang='lat' dir='ltr'>in</span> 
     </span>
     <span class='ocr_line' id='line_1_56' title="bbox 1828 1898 3143 1975; baseline -0.002 -15"><span class='ocrx_word' id='word_1_375' title='bbox 1828 1908 1883 1960; x_wconf 86' lang='lat'>2.</span> <span class='ocrx_word' id='word_1_376' title='bbox 1916 1903 1978 1957; x_wconf 90' lang='lat' dir='ltr'>et</span> <span class='ocrx_word' id='word_1_377' title='bbox 2012 1909 2065 1962; x_wconf 85' lang='lat'>3.</span> <span class='ocrx_word' id='word_1_378' title='bbox 2100 1898 2395 1974; x_wconf 81' lang='lat' dir='ltr'>digerenS,</span> <span class='ocrx_word' id='word_1_379' title='bbox 2430 1899 2575 1975; x_wconf 90' lang='lat' dir='ltr'>quid</span> <span class='ocrx_word' id='word_1_380' title='bbox 2610 1898 2968 1958; x_wconf 84' lang='lat' dir='ltr'>haereticum</span> <span class='ocrx_word' id='word_1_381' title='bbox 3004 1898 3104 1957; x_wconf 90' lang='lat' dir='ltr'>de·</span> <span class='ocrx_word' id='word_1_382' title='bbox 3138 1908 3143 1915; x_wconf 81' lang='grc'><strong><em>’</em></strong></span> 
     </span>
     <span class='ocr_line' id='line_1_57' title="bbox 1825 1987 3107 2064; baseline 0.001 -19"><span class='ocrx_word' id='word_1_383' title='bbox 1825 1991 2174 2047; x_wconf 84' lang='lat' dir='ltr'>monstret.‘</span> <span class='ocrx_word' id='word_1_384' title='bbox 2243 1987 2368 2045; x_wconf 87' lang='lat' dir='ltr'>Hoc</span> <span class='ocrx_word' id='word_1_385' title='bbox 2415 1990 2616 2047; x_wconf 89' lang='lat' dir='ltr'>tamen</span> <span class='ocrx_word' id='word_1_386' title='bbox 2662 2007 2812 2064; x_wconf 88' lang='lat' dir='ltr'>opus</span> <span class='ocrx_word' id='word_1_387' title='bbox 2859 1989 3107 2063; x_wconf 88' lang='lat' dir='ltr'>periisse</span> 
     </span>
     <span class='ocr_line' id='line_1_58' title="bbox 1825 2073 3107 2157; baseline 0.003 -22"><span class='ocrx_word' id='word_1_388' title='bbox 1825 2074 2143 2157; x_wconf 80' lang='lat' dir='ltr'>videturl).</span> <span class='ocrx_word' id='word_1_389' title='bbox 2202 2111 2275 2121; x_wconf 96' lang='lat'>—</span> <span class='ocrx_word' id='word_1_390' title='bbox 2329 2077 2692 2136; x_wconf 62' lang='lat' dir='ltr'>«Iunilius</span> <span class='ocrx_word' id='word_1_391' title='bbox 2753 2078 2876 2136; x_wconf 84' lang='lat' dir='ltr'>afer</span> <span class='ocrx_word' id='word_1_392' title='bbox 2927 2073 3008 2156; x_wconf 84' lang='lat' dir='ltr'>(fl.</span> <span class='ocrx_word' id='word_1_393' title='bbox 3060 2095 3107 2139; x_wconf 92' lang='lat' dir='ltr'>c.</span> 
     </span>
     <span class='ocr_line' id='line_1_59' title="bbox 1830 2162 3104 2245; baseline -0.003 -17"><span class='ocrx_word' id='word_1_394' title='bbox 1830 2162 1999 2245; x_wconf 82' lang='lat'>551),</span> <span class='ocrx_word' id='word_1_395' title='bbox 2033 2184 2152 2235; x_wconf 82' lang='lat' dir='ltr'>non</span> <span class='ocrx_word' id='word_1_396' title='bbox 2172 2166 2501 2242; x_wconf 83' lang='lat' dir='ltr'>episcopua,</span> <span class='ocrx_word' id='word_1_397' title='bbox 2529 2170 2601 2225; x_wconf 91' lang='lat' dir='ltr'>ut</span> <span class='ocrx_word' id='word_1_398' title='bbox 2620 2168 2823 2242; x_wconf 89' lang='lat' dir='ltr'>plures</span> <span class='ocrx_word' id='word_1_399' title='bbox 2843 2170 3104 2237; x_wconf 89' lang='lat' dir='ltr'>censent,</span> 
     </span>
     <span class='ocr_line' id='line_1_60' title="bbox 1826 2255 3103 2331; baseline 0.001 -19"><span class='ocrx_word' id='word_1_400' title='bbox 1826 2256 1926 2313; x_wconf 88' lang='lat' dir='ltr'>sed</span> <span class='ocrx_word' id='word_1_401' title='bbox 1981 2264 2261 2331; x_wconf 84' lang='lat' dir='ltr'>quaestor</span> <span class='ocrx_word' id='word_1_402' title='bbox 2312 2255 2462 2313; x_wconf 90' lang='lat' dir='ltr'>sacri</span> <span class='ocrx_word' id='word_1_403' title='bbox 2513 2255 2735 2329; x_wconf 89' lang='lat' dir='ltr'>palatii,</span> <span class='ocrx_word' id='word_1_404' title='bbox 2800 2259 2860 2314; x_wconf 87' lang='lat' dir='ltr'>et</span> <span class='ocrx_word' id='word_1_405' title='bbox 2910 2274 3103 2314; x_wconf 89' lang='lat' dir='ltr'>comes</span> 
     </span>
     <span class='ocr_line' id='line_1_61' title="bbox 1824 2343 3104 2413; baseline 0.002 -12"><span class='ocrx_word' id='word_1_406' title='bbox 1824 2343 2290 2404; x_wconf 86' lang='lat' dir='ltr'>consistorianus</span> <span class='ocrx_word' id='word_1_407' title='bbox 2323 2344 2600 2413; x_wconf 88' lang='lat' dir='ltr'>illustris,</span> <span class='ocrx_word' id='word_1_408' title='bbox 2651 2345 2823 2403; x_wconf 87' lang='lat' dir='ltr'>bonis</span> <span class='ocrx_word' id='word_1_409' title='bbox 2876 2345 3104 2403; x_wconf 88' lang='lat' dir='ltr'>artibus</span> 
     </span>
     <span class='ocr_line' id='line_1_62' title="bbox 1824 2432 3104 2510; baseline 0.002 -20"><span class='ocrx_word' id='word_1_410' title='bbox 1824 2432 1888 2491; x_wconf 91' lang='lat' dir='ltr'>in</span> <span class='ocrx_word' id='word_1_411' title='bbox 1928 2432 2127 2491; x_wconf 82' lang='lat' dir='ltr'>seculo</span> <span class='ocrx_word' id='word_1_412' title='bbox 2159 2432 2433 2491; x_wconf 85' lang='lat' dir='ltr'>eruditus</span> <span class='ocrx_word' id='word_1_413' title='bbox 2481 2437 2542 2492; x_wconf 90' lang='lat' dir='ltr'>et</span> <span class='ocrx_word' id='word_1_414' title='bbox 2586 2435 2650 2491; x_wconf 89' lang='lat' dir='ltr'>in</span> <span class='ocrx_word' id='word_1_415' title='bbox 2697 2452 2742 2495; x_wconf 83' lang='lat' dir='ltr'>s,</span> <span class='ocrx_word' id='word_1_416' title='bbox 2776 2434 3104 2510; x_wconf 86' lang='lat' dir='ltr'>Scripturis</span> 
     </span>
     <span class='ocr_line' id='line_1_63' title="bbox 1826 2522 3106 2597; baseline 0.004 -17"><span class='ocrx_word' id='word_1_417' title='bbox 1826 2522 2252 2597; x_wconf 74' lang='lat' dir='ltr'>peritissimae,</span> <span class='ocrx_word' id='word_1_418' title='bbox 2328 2522 2487 2582; x_wconf 87' lang='lat' dir='ltr'>inter</span> <span class='ocrx_word' id='word_1_419' title='bbox 2560 2523 2996 2583; x_wconf 82' lang='lat' dir='ltr'>introductores</span> <span class='ocrx_word' id='word_1_420' title='bbox 3061 2541 3106 2586; x_wconf 84' lang='lat' dir='ltr'>s,</span> 
     </span>
     <span class='ocr_line' id='line_1_64' title="bbox 1827 2611 3107 2687; baseline 0.002 -18"><span class='ocrx_word' id='word_1_421' title='bbox 1827 2611 2167 2687; x_wconf 86' lang='lat' dir='ltr'>Scripturae</span> <span class='ocrx_word' id='word_1_422' title='bbox 2197 2614 2539 2670; x_wconf 88' lang='lat' dir='ltr'>recensetur</span> <span class='ocrx_word' id='word_1_423' title='bbox 2570 2632 2604 2670; x_wconf 90' lang='lat' dir='ltr'>a</span> <span class='ocrx_word' id='word_1_424' title='bbox 2635 2612 3001 2671; x_wconf 86' lang='lat' dir='ltr'>Cassiodorio</span> <span class='ocrx_word' id='word_1_425' title='bbox 3035 2613 3107 2671; x_wconf 90' lang='lat' dir='ltr'>de</span> 
     </span>
     <span class='ocr_line' id='line_1_65' title="bbox 1827 2700 3106 2776; baseline 0.002 -19"><span class='ocrx_word' id='word_1_426' title='bbox 1827 2701 2016 2763; x_wconf 88' lang='lat' dir='ltr'>instit.</span> <span class='ocrx_word' id='word_1_427' title='bbox 2066 2701 2186 2763; x_wconf 84' lang='lat' dir='ltr'>div.</span> <span class='ocrx_word' id='word_1_428' title='bbox 2237 2700 2325 2759; x_wconf 92' lang='lat' dir='ltr'>lit.</span> <span class='ocrx_word' id='word_1_429' title='bbox 2376 2719 2422 2759; x_wconf 91' lang='lat' dir='ltr'>c.</span> <span class='ocrx_word' id='word_1_430' title='bbox 2482 2712 2575 2763; x_wconf 90' lang='grc'>10.</span> <span class='ocrx_word' id='word_1_431' title='bbox 2650 2701 2897 2776; x_wconf 85' lang='lat' dir='ltr'>Scripsit</span> <span class='ocrx_word' id='word_1_432' title='bbox 2949 2703 3106 2760; x_wconf 88' lang='lat' dir='ltr'>enim</span> 
     </span>
     <span class='ocr_line' id='line_1_66' title="bbox 1825 2788 3105 2865; baseline 0 -17"><span class='ocrx_word' id='word_1_433' title='bbox 1825 2791 2102 2848; x_wconf 84' lang='lat' dir='ltr'>hortante</span> <span class='ocrx_word' id='word_1_434' title='bbox 2134 2788 2420 2847; x_wconf 86' lang='lat' dir='ltr'>Primasio</span> <span class='ocrx_word' id='word_1_435' title='bbox 2453 2790 2526 2848; x_wconf 91' lang='lat' dir='ltr'>de</span> <span class='ocrx_word' id='word_1_436' title='bbox 2563 2790 2837 2865; x_wconf 85' lang='lat' dir='ltr'>partibus</span> <span class='ocrx_word' id='word_1_437' title='bbox 2870 2790 3105 2848; x_wconf 87' lang='lat' dir='ltr'>divinae</span> 
     </span>
     <span class='ocr_line' id='line_1_67' title="bbox 1826 2878 3108 2956; baseline 0.001 -20"><span class='ocrx_word' id='word_1_438' title='bbox 1826 2879 1976 2955; x_wconf 88' lang='lat' dir='ltr'>legis</span> <span class='ocrx_word' id='word_1_439' title='bbox 2039 2897 2146 2936; x_wconf 90' lang='lat' dir='ltr'>seu</span> <span class='ocrx_word' id='word_1_440' title='bbox 2207 2878 2417 2936; x_wconf 89' lang='lat' dir='ltr'>melius</span> <span class='ocrx_word' id='word_1_441' title='bbox 2481 2878 2756 2936; x_wconf 74' lang='lat' dir='ltr'>Instituta</span> <span class='ocrx_word' id='word_1_442' title='bbox 2807 2881 3108 2956; x_wconf 62' lang='lat' dir='ltr'>reqularia</span> 
     </span>
     <span class='ocr_line' id='line_1_68' title="bbox 1825 2966 3109 3043; baseline 0.001 -18"><span class='ocrx_word' id='word_1_443' title='bbox 1825 2968 2053 3032; x_wconf 77' lang='lat' dir='ltr'>divinae</span> <span class='ocrx_word' id='word_1_444' title='bbox 2082 2968 2219 3043; x_wconf 74' lang='lat' dir='ltr'>leyis</span> <span class='ocrx_word' id='word_1_445' title='bbox 2268 2967 2327 3025; x_wconf 87' lang='lat' dir='ltr'>ll.</span> <span class='ocrx_word' id='word_1_446' title='bbox 2373 2966 2446 3037; x_wconf 90' lang='lat'>11,</span> <span class='ocrx_word' id='word_1_447' title='bbox 2495 2968 2556 3025; x_wconf 91' lang='lat' dir='ltr'>in</span> <span class='ocrx_word' id='word_1_448' title='bbox 2603 2968 2823 3042; x_wconf 88' lang='lat' dir='ltr'>quibus</span> <span class='ocrx_word' id='word_1_449' title='bbox 2870 2968 3109 3026; x_wconf 88' lang='lat' dir='ltr'>disserit</span> 
     </span>
     <span class='ocr_line' id='line_1_69' title="bbox 1827 3055 3107 3133; baseline 0.001 -20"><span class='ocrx_word' id='word_1_450' title='bbox 1827 3057 1898 3114; x_wconf 90' lang='lat' dir='ltr'>de</span> <span class='ocrx_word' id='word_1_451' title='bbox 1943 3075 2157 3133; x_wconf 89' lang='lat' dir='ltr'>genere</span> <span class='ocrx_word' id='word_1_452' title='bbox 2203 3055 2485 3130; x_wconf 90' lang='lat' dir='ltr'>loquendi</span> <span class='ocrx_word' id='word_1_453' title='bbox 2534 3075 2579 3114; x_wconf 88' lang='lat' dir='ltr'>s.</span> <span class='ocrx_word' id='word_1_454' title='bbox 2627 3056 2982 3132; x_wconf 87' lang='lat' dir='ltr'>Scripturae,</span> <span class='ocrx_word' id='word_1_455' title='bbox 3035 3057 3107 3114; x_wconf 90' lang='lat' dir='ltr'>de</span> 
     </span>
     <span class='ocr_line' id='line_1_70' title="bbox 1827 3145 3106 3215; baseline 0.001 -12"><span class='ocrx_word' id='word_1_456' title='bbox 1827 3163 2062 3215; x_wconf 84' lang='lat' dir='ltr'>canone,</span> <span class='ocrx_word' id='word_1_457' title='bbox 2103 3145 2396 3204; x_wconf 89' lang='lat' dir='ltr'>librorum</span> <span class='ocrx_word' id='word_1_458' title='bbox 2425 3145 2788 3213; x_wconf 89' lang='lat' dir='ltr'>auctoribus,</span> <span class='ocrx_word' id='word_1_459' title='bbox 2836 3146 2972 3204; x_wconf 90' lang='lat' dir='ltr'>dein</span> <span class='ocrx_word' id='word_1_460' title='bbox 3016 3165 3106 3204; x_wconf 89' lang='lat' dir='ltr'>re-</span> 
     </span>
     <span class='ocr_line' id='line_1_71' title="bbox 1826 3233 3106 3310; baseline 0 -19"><span class='ocrx_word' id='word_1_461' title='bbox 1826 3235 1999 3310; x_wconf 87' lang='lat' dir='ltr'>gulas</span> <span class='ocrx_word' id='word_1_462' title='bbox 2034 3234 2103 3292; x_wconf 90' lang='lat' dir='ltr'>ad</span> <span class='ocrx_word' id='word_1_463' title='bbox 2144 3251 2220 3291; x_wconf 90' lang='lat' dir='ltr'>ss.</span> <span class='ocrx_word' id='word_1_464' title='bbox 2267 3233 2471 3291; x_wconf 86' lang='lat' dir='ltr'>literas</span> <span class='ocrx_word' id='word_1_465' title='bbox 2504 3234 2851 3293; x_wconf 86' lang='lat' dir='ltr'>ediscendas</span> <span class='ocrx_word' id='word_1_466' title='bbox 2883 3235 3106 3293; x_wconf 89' lang='lat' dir='ltr'>intelli-</span> 
     </span>
     <span class='ocr_line' id='line_1_72' title="bbox 1826 3322 3107 3400; baseline -0.002 -18"><span class='ocrx_word' id='word_1_467' title='bbox 1826 3322 2171 3399; x_wconf 88' lang='lat' dir='ltr'>gendasque</span> <span class='ocrx_word' id='word_1_468' title='bbox 2190 3323 2478 3400; x_wconf 86' lang='lat' dir='ltr'>perutiles</span> <span class='ocrx_word' id='word_1_469' title='bbox 2499 3323 2702 3392; x_wconf 85' lang='lat' dir='ltr'>tradit,</span> <span class='ocrx_word' id='word_1_470' title='bbox 2739 3342 2885 3397; x_wconf 88' lang='lat' dir='ltr'>quas</span> <span class='ocrx_word' id='word_1_471' title='bbox 2920 3342 2981 3382; x_wconf 88' lang='lat' dir='ltr'>se</span> <span class='ocrx_word' id='word_1_472' title='bbox 3014 3343 3107 3381; x_wconf 87' lang='lat' dir='ltr'>ac-</span> 
     </span>
     <span class='ocr_line' id='line_1_73' title="bbox 1827 3408 3108 3492; baseline 0.001 -22"><span class='ocrx_word' id='word_1_473' title='bbox 1827 3412 2051 3488; x_wconf 79' lang='lat' dir='ltr'>cepisse</span> <span class='ocrx_word' id='word_1_474' title='bbox 2084 3414 2342 3470; x_wconf 84' lang='lat' dir='ltr'>testatur</span> <span class='ocrx_word' id='word_1_475' title='bbox 2375 3408 2464 3492; x_wconf 89' lang='lat' dir='ltr'>(in</span> <span class='ocrx_word' id='word_1_476' title='bbox 2496 3408 2701 3492; x_wconf 85' lang='lat' dir='ltr'>praef.)</span> <span class='ocrx_word' id='word_1_477' title='bbox 2750 3431 2820 3471; x_wconf 85' lang='lat' dir='ltr'>ex</span> <span class='ocrx_word' id='word_1_478' title='bbox 2853 3412 3108 3487; x_wconf 88' lang='lat' dir='ltr'>quodam</span> 
     </span>
     <span class='ocr_line' id='line_1_74' title="bbox 1830 3497 3109 3582; baseline 0.001 -24"><span class='ocrx_word' id='word_1_479' title='bbox 1830 3502 2009 3559; x_wconf 87' lang='lat' dir='ltr'>Persa</span> <span class='ocrx_word' id='word_1_480' title='bbox 2039 3519 2253 3578; x_wconf 86' lang='lat' dir='ltr'>genere</span> <span class='ocrx_word' id='word_1_481' title='bbox 2287 3497 2551 3582; x_wconf 90' lang='lat' dir='ltr'>(nomine</span> <span class='ocrx_word' id='word_1_482' title='bbox 2585 3501 2768 3559; x_wconf 88' lang='lat' dir='ltr'>Paulo</span> <span class='ocrx_word' id='word_1_483' title='bbox 2816 3501 2886 3562; x_wconf 90' lang='lat' dir='ltr'>cf.</span> <span class='ocrx_word' id='word_1_484' title='bbox 2929 3520 3109 3577; x_wconf 86' lang='lat' dir='ltr'>supra</span> 
     </span>
     <span class='ocr_line' id='line_1_75' title="bbox 1827 3584 3108 3670; baseline 0.001 -23"><span class='ocrx_word' id='word_1_485' title='bbox 1827 3610 1885 3665; x_wconf 89' lang='lat' dir='ltr'>p.</span> <span class='ocrx_word' id='word_1_486' title='bbox 1928 3584 2103 3670; x_wconf 82' lang='lat'>468),</span> <span class='ocrx_word' id='word_1_487' title='bbox 2141 3590 2244 3664; x_wconf 89' lang='lat' dir='ltr'>qui</span> <span class='ocrx_word' id='word_1_488' title='bbox 2277 3592 2560 3665; x_wconf 80' lang='lat' dir='ltr'>Syrorum</span> <span class='ocrx_word' id='word_1_489' title='bbox 2599 3591 2659 3648; x_wconf 87' lang='lat' dir='ltr'>in</span> <span class='ocrx_word' id='word_1_490' title='bbox 2701 3591 2901 3649; x_wconf 88' lang='lat' dir='ltr'>schola</span> <span class='ocrx_word' id='word_1_491' title='bbox 2937 3591 3108 3650; x_wconf 87' lang='lat' dir='ltr'>urbis</span> 
     </span>
     <span class='ocr_line' id='line_1_76' title="bbox 1828 3678 3111 3756; baseline 0.001 -20"><span class='ocrx_word' id='word_1_492' title='bbox 1828 3679 2134 3738; x_wconf 87' lang='lat' dir='ltr'>nisibenae</span> <span class='ocrx_word' id='word_1_493' title='bbox 2156 3678 2350 3737; x_wconf 84' lang='lat' dir='ltr'>fuerat</span> <span class='ocrx_word' id='word_1_494' title='bbox 2370 3678 2625 3738; x_wconf 87' lang='lat' dir='ltr'>edoctus.</span> <span class='ocrx_word' id='word_1_495' title='bbox 2680 3680 2822 3756; x_wconf 83' lang='lat' dir='ltr'>Agit</span> <span class='ocrx_word' id='word_1_496' title='bbox 2840 3681 2904 3737; x_wconf 91' lang='lat' dir='ltr'>in</span> <span class='ocrx_word' id='word_1_497' title='bbox 2927 3682 3111 3738; x_wconf 88' lang='lat' dir='ltr'>altera</span> 
     </span>
     <span class='ocr_line' id='line_1_77' title="bbox 1828 3767 3111 3843; baseline 0.001 -18"><span class='ocrx_word' id='word_1_498' title='bbox 1828 3767 2144 3843; x_wconf 89' lang='lat' dir='ltr'>prolixiore</span> <span class='ocrx_word' id='word_1_499' title='bbox 2177 3768 2370 3843; x_wconf 88' lang='lat' dir='ltr'>operis</span> <span class='ocrx_word' id='word_1_500' title='bbox 2403 3771 2570 3842; x_wconf 89' lang='lat' dir='ltr'>parte</span> <span class='ocrx_word' id='word_1_501' title='bbox 2604 3769 2675 3827; x_wconf 91' lang='lat' dir='ltr'>de</span> <span class='ocrx_word' id='word_1_502' title='bbox 2720 3769 2916 3839; x_wconf 78' lang='lat' dir='ltr'>rebu8‚</span> <span class='ocrx_word' id='word_1_503' title='bbox 2965 3788 3111 3843; x_wconf 89' lang='lat' dir='ltr'>quas</span> 
     </span>
     <span class='ocr_line' id='line_1_78' title="bbox 1830 3855 3107 3931; baseline 0.002 -17"><span class='ocrx_word' id='word_1_504' title='bbox 1830 3875 1875 3914; x_wconf 81' lang='lat' dir='ltr'>a.</span> <span class='ocrx_word' id='word_1_505' title='bbox 1909 3856 2219 3931; x_wconf 85' lang='lat' dir='ltr'>Scriptura</span> <span class='ocrx_word' id='word_1_506' title='bbox 2262 3874 2372 3914; x_wconf 89' lang='lat' dir='ltr'>nos</span> <span class='ocrx_word' id='word_1_507' title='bbox 2410 3855 2633 3926; x_wconf 89' lang='lat' dir='ltr'>edocet,</span> <span class='ocrx_word' id='word_1_508' title='bbox 2683 3857 2807 3915; x_wconf 88' lang='lat' dir='ltr'>scil.</span> <span class='ocrx_word' id='word_1_509' title='bbox 2854 3857 2925 3916; x_wconf 89' lang='lat' dir='ltr'>de</span> <span class='ocrx_word' id='word_1_510' title='bbox 2972 3858 3107 3927; x_wconf 86' lang='lat' dir='ltr'>Dec,</span> 
     </span>
     <span class='ocr_line' id='line_1_79' title="bbox 1829 3946 3109 4019; baseline 0.001 -16"><span class='ocrx_word' id='word_1_511' title='bbox 1829 3946 1902 4004; x_wconf 92' lang='lat' dir='ltr'>de</span> <span class='ocrx_word' id='word_1_512' title='bbox 1922 3946 2143 4003; x_wconf 90' lang='lat' dir='ltr'>mundo</span> <span class='ocrx_word' id='word_1_513' title='bbox 2166 3946 2464 4019; x_wconf 81' lang='lat' dir='ltr'>praesenti</span> <span class='ocrx_word' id='word_1_514' title='bbox 2497 3949 2559 4004; x_wconf 89' lang='lat' dir='ltr'>et</span> <span class='ocrx_word' id='word_1_515' title='bbox 2590 3947 2810 4016; x_wconf 84' lang='lat' dir='ltr'>future,</span> <span class='ocrx_word' id='word_1_516' title='bbox 2845 3947 2982 4005; x_wconf 83' lang='lat' dir='ltr'>hinc</span> <span class='ocrx_word' id='word_1_517' title='bbox 3010 3965 3109 4004; x_wconf 83' lang='lat' dir='ltr'>ex·</span> 
     </span>
     <span class='ocr_line' id='line_1_80' title="bbox 1830 4033 3111 4110; baseline 0.001 -18"><span class='ocrx_word' id='word_1_518' title='bbox 1830 4034 1998 4092; x_wconf 87' lang='lat' dir='ltr'>hibet</span> <span class='ocrx_word' id='word_1_519' title='bbox 2042 4034 2403 4110; x_wconf 83' lang='lat' dir='ltr'>theologiam</span> <span class='ocrx_word' id='word_1_520' title='bbox 2441 4033 2737 4094; x_wconf 89' lang='lat' dir='ltr'>biblicam.</span> <span class='ocrx_word' id='word_1_521' title='bbox 2811 4035 3111 4110; x_wconf 85' lang='lat' dir='ltr'>Scriptum</span> 
     </span>
     <span class='ocr_line' id='line_1_81' title="bbox 1830 4122 3109 4199; baseline 0.001 -18"><span class='ocrx_word' id='word_1_522' title='bbox 1830 4124 1948 4181; x_wconf 90' lang='lat' dir='ltr'>fuit</span> <span class='ocrx_word' id='word_1_523' title='bbox 1978 4141 2130 4197; x_wconf 88' lang='lat' dir='ltr'>opus</span> <span class='ocrx_word' id='word_1_524' title='bbox 2163 4124 2423 4198; x_wconf 86' lang='lat' dir='ltr'>primum</span> <span class='ocrx_word' id='word_1_525' title='bbox 2460 4122 2666 4199; x_wconf 88' lang='lat' dir='ltr'>lingua</span> <span class='ocrx_word' id='word_1_526' title='bbox 2698 4123 2943 4199; x_wconf 82' lang='lat' dir='ltr'>syriaca,</span> <span class='ocrx_word' id='word_1_527' title='bbox 2981 4143 3109 4182; x_wconf 89' lang='lat' dir='ltr'>ver-</span> 
     </span>
    </p>
   </div>
   <div class='ocr_carea' id='block_1_8' title="bbox 1832 4263 2149 4271">
    <p class='ocr_par' dir='ltr' id='par_1_8' title="bbox 1832 4263 2149 4271">
     <span class='ocr_line' id='line_1_82' title="bbox 1832 4263 2149 4271; baseline 0 890"><span class='ocrx_word' id='word_1_528' title='bbox 1832 4263 2149 4271; x_wconf 95' lang='lat' dir='ltr'> </span> 
     </span>
    </p>
   </div>
   <div class='ocr_carea' id='block_1_9' title="bbox 1830 4328 3114 4828">
    <p class='ocr_par' dir='ltr' id='par_1_9' title="bbox 1830 4328 3112 4607">
     <span class='ocr_line' id='line_1_83' title="bbox 1911 4328 3102 4401; baseline 0.001 -18"><span class='ocrx_word' id='word_1_529' title='bbox 1911 4332 1947 4401; x_wconf 79' lang='lat'>¹)</span> <span class='ocrx_word' id='word_1_530' title='bbox 1976 4328 2056 4383; x_wconf 85' lang='lat' dir='ltr'>Cf.</span> <span class='ocrx_word' id='word_1_531' title='bbox 2087 4330 2402 4384; x_wconf 89' lang='lat' dir='ltr'>Nirschl</span> <span class='ocrx_word' id='word_1_532' title='bbox 2431 4330 2526 4392; x_wconf 84' lang='lat' dir='ltr'>III,</span> <span class='ocrx_word' id='word_1_533' title='bbox 2553 4339 2579 4396; x_wconf 66' lang='grc' dir='ltr'>ξ</span> <span class='ocrx_word' id='word_1_534' title='bbox 2606 4337 2727 4391; x_wconf 86' lang='lat'>301,</span> <span class='ocrx_word' id='word_1_535' title='bbox 2756 4329 2985 4383; x_wconf 88' lang='lat' dir='ltr'>Ebert</span> <span class='ocrx_word' id='word_1_536' title='bbox 3011 4333 3050 4382; x_wconf 88' lang='lat' dir='ltr'>t.</span> <span class='ocrx_word' id='word_1_537' title='bbox 3086 4340 3102 4384; x_wconf 89' lang='lat' dir='ltr'>l</span> 
     </span>
     <span class='ocr_line' id='line_1_84' title="bbox 1830 4400 3112 4470; baseline -0.001 -16"><span class='ocrx_word' id='word_1_538' title='bbox 1830 4401 1865 4454; x_wconf 91' lang='lat' dir='ltr'>l.</span> <span class='ocrx_word' id='word_1_539' title='bbox 1895 4409 1944 4458; x_wconf 89' lang='lat'>3.</span> <span class='ocrx_word' id='word_1_540' title='bbox 1975 4418 2020 4457; x_wconf 91' lang='lat' dir='ltr'>c.</span> <span class='ocrx_word' id='word_1_541' title='bbox 2049 4407 2148 4461; x_wconf 83' lang='lat'>24;</span> <span class='ocrx_word' id='word_1_542' title='bbox 2177 4401 2218 4454; x_wconf 93' lang='lat' dir='ltr'>L</span> <span class='ocrx_word' id='word_1_543' title='bbox 2238 4419 2267 4455; x_wconf 91' lang='lat' dir='ltr'>e</span> <span class='ocrx_word' id='word_1_544' title='bbox 2286 4400 2377 4454; x_wconf 89' lang='lat' dir='ltr'>im</span> <span class='ocrx_word' id='word_1_545' title='bbox 2396 4402 2581 4456; x_wconf 86' lang='lat' dir='ltr'>bach</span> <span class='ocrx_word' id='word_1_546' title='bbox 2611 4401 2869 4455; x_wconf 82' lang='lat' dir='ltr'>Realenc.</span> <span class='ocrx_word' id='word_1_547' title='bbox 2899 4401 2938 4456; x_wconf 84' lang='lat' dir='ltr'>f.</span> <span class='ocrx_word' id='word_1_548' title='bbox 2964 4404 3112 4470; x_wconf 86' lang='lat' dir='ltr'>prot.</span> 
     </span>
     <span class='ocr_line' id='line_1_85' title="bbox 1831 4471 3112 4536; baseline -0.002 -11"><span class='ocrx_word' id='word_1_549' title='bbox 1831 4473 2027 4527; x_wconf 88' lang='lat' dir='ltr'>Theol.</span> <span class='ocrx_word' id='word_1_550' title='bbox 2079 4473 2145 4536; x_wconf 81' lang='lat'>1⁸,</span> <span class='ocrx_word' id='word_1_551' title='bbox 2195 4480 2229 4530; x_wconf 81' lang='lat'><strong>7</strong></span> <span class='ocrx_word' id='word_1_552' title='bbox 2232 4479 2265 4530; x_wconf 85' lang='lat'>7</span> <span class='ocrx_word' id='word_1_553' title='bbox 2269 4483 2318 4535; x_wconf 86' lang='lat'>5,</span> <span class='ocrx_word' id='word_1_554' title='bbox 2368 4475 2427 4526; x_wconf 89' lang='lat' dir='ltr'>et</span> <span class='ocrx_word' id='word_1_555' title='bbox 2475 4472 2648 4528; x_wconf 89' lang='lat' dir='ltr'>theol.</span> <span class='ocrx_word' id='word_1_556' title='bbox 2700 4471 2939 4526; x_wconf 88' lang='lat' dir='ltr'>Studien</span> <span class='ocrx_word' id='word_1_557' title='bbox 2993 4473 3112 4524; x_wconf 90' lang='lat' dir='ltr'>und</span> 
     </span>
     <span class='ocr_line' id='line_1_86' title="bbox 1832 4543 2814 4607; baseline 0 -11"><span class='ocrx_word' id='word_1_558' title='bbox 1832 4543 2098 4597; x_wconf 84' lang='lat' dir='ltr'>Kritiken</span> <span class='ocrx_word' id='word_1_559' title='bbox 2133 4548 2268 4601; x_wconf 85' lang='lat'>1873</span> <span class='ocrx_word' id='word_1_560' title='bbox 2295 4543 2486 4607; x_wconf 81' lang='lat' dir='ltr'>XLVI,</span> <span class='ocrx_word' id='word_1_561' title='bbox 2515 4547 2814 4600; x_wconf 74' lang='lat'><strong>226—270.</strong></span> 
     </span>
    </p>

    <p class='ocr_par' dir='ltr' id='par_1_10' title="bbox 1831 4613 3114 4828">
     <span class='ocr_line' id='line_1_87' title="bbox 1908 4613 3113 4687; baseline -0.002 -18"><span class='ocrx_word' id='word_1_562' title='bbox 1908 4623 1946 4687; x_wconf 75' lang='lat'>²)</span> <span class='ocrx_word' id='word_1_563' title='bbox 1976 4615 2058 4669; x_wconf 87' lang='lat' dir='ltr'>Cf.</span> <span class='ocrx_word' id='word_1_564' title='bbox 2086 4615 2239 4669; x_wconf 84' lang='lat' dir='ltr'>Hau</span> <span class='ocrx_word' id='word_1_565' title='bbox 2259 4615 2531 4670; x_wconf 88' lang='lat' dir='ltr'>sleiter</span> <span class='ocrx_word' id='word_1_566' title='bbox 2570 4616 2756 4669; x_wconf 90' lang='lat' dir='ltr'>Leben</span> <span class='ocrx_word' id='word_1_567' title='bbox 2786 4632 2842 4667; x_wconf 89' lang='lat' dir='ltr'>u.</span> <span class='ocrx_word' id='word_1_568' title='bbox 2870 4613 3113 4667; x_wconf 85' lang='lat' dir='ltr'>Wirken</span> 
     </span>
     <span class='ocr_line' id='line_1_88' title="bbox 1833 4684 3114 4747; baseline -0.002 -8"><span class='ocrx_word' id='word_1_569' title='bbox 1833 4687 1931 4740; x_wconf 83' lang='lat' dir='ltr'>des</span> <span class='ocrx_word' id='word_1_570' title='bbox 1971 4687 2033 4740; x_wconf 90' lang='lat' dir='ltr'>B.</span> <span class='ocrx_word' id='word_1_571' title='bbox 2061 4687 2373 4741; x_wconf 85' lang='lat' dir='ltr'>Primaaius</span> <span class='ocrx_word' id='word_1_572' title='bbox 2401 4705 2513 4741; x_wconf 82' lang='lat' dir='ltr'>von</span> <span class='ocrx_word' id='word_1_573' title='bbox 2540 4687 2975 4747; x_wconf 85' lang='lat' dir='ltr'>Hadrumetum,</span> <span class='ocrx_word' id='word_1_574' title='bbox 3018 4684 3114 4738; x_wconf 90' lang='lat' dir='ltr'>Er·</span> 
     </span>
     <span class='ocr_line' id='line_1_89' title="bbox 1831 4759 2223 4828; baseline 0.015 -16"><span class='ocrx_word' id='word_1_575' title='bbox 1831 4759 2041 4828; x_wconf 87' lang='lat' dir='ltr'>langen</span> <span class='ocrx_word' id='word_1_576' title='bbox 2072 4761 2223 4818; x_wconf 82' lang='lat'>1887.</span> 
     </span>
    </p>
   </div>
  </div>
 </body>
</html>
