3505 5161
362 254 485 307 353
1283 238 1337 291 S.
1366 237 1612 306 Cyrillus
1640 235 2064 291 alexandrinus.
2855 259 2977 312 354

360 443 486 499 pOS‚
522 424 628 500 qui
662 425 738 483 ad
772 424 1032 482 Orientis
1067 424 1386 482 dioecesim
1419 425 1645 498 specta-
1702 425 1821 483 duo
1853 442 2066 501 magna
2096 443 2276 499 opera
2291 423 2335 499 1)
2369 443 2560 482 unum
2592 425 2979 501 inscriptum:

359 515 506 572 bant
537 514 689 572 duce
708 513 937 573 Joanne
969 513 1341 572 antiochen0.
1394 513 1643 570 Demum
1699 511 1977 599 ἡβίβλος
1999 522 2111 575 τῶν
2132 514 2465 595 θησαυρῶν
2497 515 2629 596 περὶ
2667 525 2772 602 τῆς
2804 512 2982 594 ἁγίας

362 602 725 679 infatigabili
759 602 1017 671 solertia,
1065 602 1358 678 patientia
1389 604 1448 659 et
1478 620 1643 658 man·
1700 624 1805 665 και
1851 596 2179 685 ὁμοουσίου
2227 599 2466 683 τρέάδος
2534 604 2867 663 Thesaurus
2914 608 2983 664 de

361 692 684 751 suetudine
762 710 807 749 e.
872 691 1105 767 cyrilli,
1185 689 1643 766 cooperantibus
1700 698 1908 750 sancta
1938 698 1988 748 et
2019 691 2492 750 consubstantiali
2530 693 2813 751 Trinitate
2844 712 2980 753 con-

361 781 526 840 Sixto
547 780 634 839 ΙΙΙ
667 799 709 838 s,
731 781 1048 839 coelestini
1069 798 1421 849 successore,
1455 779 1642 837 Theo·
1698 783 1863 839 stans
1912 780 2343 838 assertionibus
2409 799 2514 839 seu
2575 781 2846 842 thesibus
2899 794 2976 847 35

361 870 527 929 dosio
559 871 702 946 imp.
736 870 990 945 aliisque
1035 869 1292 947 egregiis
1331 867 1641 943 episcopie,
1700 870 1982 929 adversus
2005 869 2257 928 Arianos
2293 864 2398 949 (ib.
2418 869 2636 940 LXXV,
2674 869 2980 955 9—656),

359 979 471 1035 pax
506 959 746 1017 tandem
778 959 896 1017 fuit
914 959 1240 1034 composita
1259 977 1394 1016 cum
1414 958 1644 1016 Joanne
1700 977 1850 1034 quos
1883 958 2077 1016 valide
2103 959 2436 1035 impugnat.
2491 958 2769 1028 ,Etenim
2801 963 2862 1019 et
2892 963 2981 1020 lo-

361 1044 565 1130 (433).
628 1047 837 1124 Neque
867 1051 1065 1106 tamen
1109 1066 1177 1106 ea
1215 1047 1493 1106 omnibus
1526 1046 1646 1105 fuit
1700 1048 1848 1124 gicis
1881 1047 2272 1123 argumentis,
2313 1050 2384 1105 ut
2415 1048 2623 1106 scribit
2655 1050 2982 1110 Photius

362 1137 623 1213 probata,
676 1137 782 1213 qui
831 1137 927 1195 vel
958 1136 1176 1195 Joanni
1210 1135 1646 1211 exprobrabant
1700 1137 1825 1199 cod.
1861 1146 1976 1199 136
2003 1132 2283 1218 (Migne
2303 1137 2450 1206 0111,
2488 1137 2657 1213 415),
2690 1140 2985 1215 sapienter

359 1228 456 1285 vel
506 1225 746 1303 Cyrillm
811 1226 974 1301 ipsos
1023 1227 1208 1284 nimia
1256 1225 1644 1300 obsequentia
1699 1226 1938 1284 illorum
1959 1225 2220 1284 destruit
2235 1226 2573 1294 amentiam,
2597 1227 2820 1302 quibus
2841 1230 2984 1288 dum

360 1316 691 1391 prodidisse
723 1314 916 1373 fidem.
964 1315 1153 1384 Quare
1185 1333 1304 1374 non
1338 1315 1644 1373 cessarunt
1699 1333 1747 1377 s,
1782 1315 2119 1390 Scripturae
2149 1315 2415 1373 annectit
2445 1315 2779 1389 attexitque
2809 1319 2982 1377 testi·-

358 1423 535 1463 curae
567 1407 630 1462 et
668 1404 1011 1462 sollicitudo
1044 1423 1088 1464 s.
1122 1404 1329 1481 Cyrilli
1360 1421 1469 1478 pro
1502 1421 1643 1478 pace
1700 1403 1915 1473 monia,
1979 1422 2156 1477 quam
2203 1403 2283 1461 sit
2327 1402 2432 1461 illa
2476 1404 2745 1463 doctrina
2788 1407 2982 1466 futilis

358 1496 421 1552 et
441 1512 584 1552 sana
601 1493 731 1562 fide,
754 1493 938 1552 donec
958 1497 1234 1551 evocatus
1254 1492 1373 1551 fuit
1392 1493 1462 1550 ad
1480 1493 1642 1550 labo·
1699 1492 1863 1552 omni
1896 1512 1965 1551 ex
1996 1495 2165 1567 parte
2198 1492 2472 1568 divulgat
2502 1538 2515 1550 .
2551 1537 2563 1550 .
2599 1536 2611 1548 .
2642 1493 2751 1552 Est
2782 1499 2983 1553 autem

357 1603 494 1642 rum
541 1582 1009 1657 meritorumque
1053 1582 1401 1658 praemium.
1479 1581 1644 1639 Obiit
1699 1582 1857 1639 inter
1887 1580 2087 1641 omnia
2117 1582 2248 1657 ejus
2283 1582 2504 1655 scripta
2534 1581 2690 1639 liber
2729 1583 2821 1641 hic
2859 1604 2983 1643 ma-

364 1682 440 1734 27
493 1672 637 1733 Jun.
684 1680 810 1732 444
857 1690 905 1730 a.
960 1681 1058 1733 32.
1107 1671 1203 1729 sui
1249 1671 1642 1746 episcopatus
1698 1670 1854 1730 xime
1886 1670 2257 1746 perspicuae,
2304 1669 2379 1727 iis
2425 1670 2826 1743 potissimum,
2876 1674 2982 1748 qui

358 1761 605 1819 Nullius
624 1761 834 1837 patris,
869 1760 919 1818 si
940 1760 1352 1837 Augustinum
1372 1760 1522 1819 forte
1544 1778 1640 1817 ex·
1699 1760 2025 1836 logicorum
2066 1762 2554 1835 argumentorum
2602 1777 2843 1819 sensum
2890 1782 2983 1820 ca-

358 1851 560 1925 cipias,
597 1849 818 1925 scripta
845 1852 1072 1908 tantam
1092 1849 1307 1924 adepta
1327 1852 1473 1907 sunt
1503 1865 1640 1906 auc·
1699 1867 1836 1924 pere
1883 1851 2198 1924 possunt.‘
2252 1881 2326 1890 —
2377 1848 2650 1906 Alterum
2697 1870 2982 1927 magnum

357 1939 685 2008 toritatem,
717 1941 790 1997 ut
822 1956 997 2013 opera
1029 1957 1074 1999 s.
1108 1937 1335 2014 Cyrilli,
1389 1956 1540 2012 quae
1572 1938 1644 1994 ut
1699 1957 1851 2013 opus
1886 1941 2033 1995 sunt
2066 1938 2281 2015 dialoyi
2312 1944 2523 2010 septem
2571 1955 2705 1996 cum
2745 1939 2985 1998 Hermia

361 2046 566 2087 norma
596 2027 734 2087 fidei
766 2027 861 2085 vel
892 2047 927 2085 a
958 2027 1224 2086 conciliis
1245 2025 1642 2085 oecumenicis
1700 2027 1773 2085 de
1806 2027 2009 2085 eodem
2031 2030 2401 2103 argumente,
2438 2025 2564 2089 sciL
2586 2027 2659 2085 de
2692 2031 2895 2087 sancta
2923 2032 2983 2087 et

358 2117 525 2176 fuere
556 2115 936 2193 comprobata
979 2116 1291 2193 magisque
1323 2114 1644 2190 inspiravit
1698 2115 2200 2174 consubstantiali
2261 2115 2550 2173 Trinitate
2612 2112 2715 2198 (ib.
2767 2127 2983 2180 957-—

359 2206 496 2265 fidei
529 2206 903 2265 definitiones
949 2209 1130 2281 atque
1171 2205 1405 2263 decreta
1434 2204 1566 2279 ipso
1598 2222 1642 2264 s.
1708 2200 1921 2285 1124).
2002 2204 2236 2273 Quibus
2297 2204 2575 2262 nonnulli
2637 2206 2985 2281 adjecerunt

359 2296 700 2354 Athanasio.
1697 2295 1991 2370 dialoyum
2023 2292 2212 2368 VIII„
2247 2293 2353 2368 qui
2384 2310 2505 2351 non
2536 2298 2629 2352 est
2658 2295 2777 2353 nisi
2808 2297 2844 2359 1.
2869 2296 2980 2372 Cy-

1697 2383 1823 2441 rilli
1855 2384 1925 2441 de
1956 2389 2114 2440 recta
2144 2383 2256 2455 fide
2309 2381 2381 2439 ad
2414 2381 2809 2442 Theodosium
2841 2384 2982 2461 imp.

455 2483 598 2535 194.
632 2472 788 2529 Haec
808 2471 1076 2547 ejusdem
1093 2490 1286 2546 opera,
1321 2474 1382 2530 et
1401 2471 1641 2546 quidem
1698 2471 1923 2548 dialogi
1956 2472 2143 2529 forma
2175 2466 2441 2529 adhibita
2472 2474 2534 2529 et
2564 2472 2741 2531 initio
2772 2475 2981 2549 paucis

357 2561 894 2637 apologetica:
959 2555 1143 2643 Ὑπὲρ
1194 2571 1302 2648 τῆς
1348 2571 1460 2624 τῶν
1504 2580 1638 2644 χρι·
1697 2561 1948 2620 mutatis
1996 2560 2190 2619 verbis
2227 2556 2334 2640 (ib.
2375 2558 2868 2643 1189—1‘254);
2922 2566 2981 2622 et

361 2662 608 2714 orta-nin)
640 2645 893 2729 εὖαγοῦς
917 2653 1260 2735 θρησκείας
1291 2654 1442 2730 πρὸς
1474 2652 1548 2712 τὰ
1580 2645 1642 2710 ἐν
1697 2652 1987 2727 dialoyum
2008 2650 2140 2725 IX„
2176 2650 2281 2724 qui
2314 2649 2443 2725 agit
2476 2651 2545 2709 de
2577 2651 2982 2711 incarnatione

361 2738 578 2809 ἀθέοις
610 2734 966 2810 Ἱουλιανοῦ,
1013 2742 1081 2797 de
1111 2741 1337 2797 sincera
1370 2740 1643 2818 reliyione
1698 2742 1759 2797 et
1808 2757 1943 2797 cum
1994 2738 2483 2813 praecedentibus
2531 2759 2651 2798 non
2696 2742 2982 2804 cohaeret.

356 2830 807 2886 christianorum
840 2829 1116 2888 adversos
1150 2829 1334 2886 libros
1356 2823 1448 2907 (3)
1480 2827 1641 2885 athei
1697 2862 1785 2870 —
1807 2827 2175 2902 Opusculum
2208 2828 2278 2885 de
2307 2835 2509 2885 sancta
2531 2836 2581 2885 et
2600 2831 2818 2902 vivifica
2851 2830 2980 2887 Tri-

357 2919 606 2986 Juliani,
652 2918 758 2992 qui
790 2917 941 2976 forte
972 2921 1118 2976 tunc
1149 2917 1212 2975 in
1246 2917 1439 2992 pretio
1472 2919 1641 2975 erant
1695 2919 1875 2974 nitate
1906 2917 1969 2974 in
1996 2934 2074 2978 cc.
2100 2925 2179 2978 28
2207 2916 2552 2974 distinctum
2573 2917 2646 2975 ab
2666 2919 2818 2993 Ang.
2840 2920 2981 2976 Mai

356 3007 516 3083 apud
592 3006 901 3082 religionis
987 3007 1341 3065 christianae
1419 3006 1639 3064 hostes,
1697 3010 2001 3081 repertum
2049 3006 2110 3062 et
2155 3004 2416 3078 primum
2462 3005 2691 3063 editum
2735 3007 2798 3064 in
2829 3025 2984 3065 nova

357 3096 556 3173 Magni
628 3094 809 3171 hujus
880 3096 1075 3171 operis
1157 3098 1394 3153 exstant
1486 3094 1639 3168 prio·
1697 3095 1806 3152 PP.
1840 3094 1984 3155 bibl.
2016 3093 2092 3162 11,
2146 3104 2171 3154 1
2212 3111 2285 3150 ss.
2322 3093 2572 3170 Migne
2605 3094 2682 3152 ib.
2730 3104 2981 3156 1147—

356 3204 449 3243 res
520 3186 718 3245 decem
771 3184 912 3242 libri
959 3184 1208 3260 integri3
1261 3185 1323 3245 ll.
1385 3192 1636 3246 11--20
1706 3195 1890 3252 1190,
1944 3181 2104 3256 quod
2152 3185 2243 3239 est
2297 3180 2488 3239 instar
2525 3183 2742 3258 prioris
2791 3185 2981 3258 partis

357 3274 692 3350 fragmenta
724 3291 931 3349 graeca
975 3274 1068 3331 vel
1101 3273 1326 3348 syriaca
1359 3269 1639 3354 (Migne
1698 3291 1791 3348 op.
1824 3275 2087 3357 περὶτῆς
2107 3278 2211 3332 τοῦ
2231 3271 2443 3351 ’κυρίου
2461 3268 2739 3355 ἐνανθρω
2829 3293 2981 3345 σεως

356 3362 608 3433 LXXVI,
636 3361 1363 3438 503—1064);ali0rum
1390 3362 1464 3432 11.,
1489 3379 1639 3435 quos
1695 3361 1921 3437 pariter
1973 3382 2005 3419 a
2056 3359 2172 3417 Mai
2223 3360 2443 3434 reperti
2494 3365 2555 3419 et
2599 3278 2981 3443 edit1721›ud

356 3452 583 3528 pariter
628 3451 829 3509 decem
873 3452 1023 3509 sorte
1069 3451 1254 3509 fuisse
1293 3449 1636 3508 Barden·
1695 3451 1952 3526 Migne
1984 3449 2061 3508 ib.
2094 3446 2569 3532 1419—1478),
2602 3469 2725 3509 non
2745 3451 2984 3510 videtur

357 3542 614 3599 hewer
659 3535 691 3605 ἓ
728 3550 805 3602 77
857 3559 913 3598 n.
951 3550 985 3603 3
1022 3541 1381 3616 suspicatur,
1437 3539 1488 3597 si
1539 3556 1638 3597 eos
1695 3558 1825 3598 esse
1859 3538 2082 3615 Cyrilli,
2118 3536 2218 3594 sed
2253 3537 2725 3599 Theodoreti
2749 3537 2820 3620 2).

357 3636 556 3687 tamen
588 3629 1006 3698 elaboraverat,
1059 3628 1211 3687 nihil
1243 3631 1454 3691 exstat.
1517 3627 1638 3685 Ad-

358 3719 689 3777 versarium
722 3737 753 3775 e
800 3718 1050 3794 vestigio
1083 3717 1359 3793 sequitur
1390 3719 1639 3793 ejusque
1822 3727 1961 3779 195.
2015 3718 2305 3794 Operibus
2373 3718 2584 3776 chris
2603 3717 2981 3794 tologicis

356 3808 576 3884 allegat
595 3807 793 3876 verba,
828 3806 988 3864 unde
1021 3826 1053 3864 e
1073 3806 1278 3883 cyrilli
1306 3825 1482 3882 opere
1502 3823 1638 3865 con·
1695 3806 1906 3864 merito
1976 3808 2455 3882 praemittuntur
2531 3806 2712 3865 clavis
2792 3808 2983 3866 instar

356 3896 508 3955 strui
543 3895 975 3972 quadamtenus
1008 3898 1206 3971 potest
1226 3894 1266 3952 J
1270 3895 1456 3954 uliani
1489 3912 1638 3969 opus
1695 3895 1932 3953 Scholia
2021 3898 2089 3953 de
2194 3899 2596 3955 incarnatione
2696 3895 2982 3972 Uniqem'ti

356 3986 624 4061 alioquin
656 3984 1034 4060 deperditum
1050 3979 1116 4065 1).
1157 4018 1244 4027 —-
1293 3985 1641 4059 Sequuntur

1774 4083 2583 4152 ¹)Barde11hewer§77
2635 4101 2691 4134 n.
2743 4091 2804 4136 4:
2859 4081 2979 4133 Den

1697 4157 1959 4225 spitteren
1999 4154 2508 4222 christologischen
2553 4154 2835 4206 Schriften
2880 4152 2978 4219 Cy-

437 4233 469 4290 ·)
500 4225 582 4281 Cf.
612 4229 670 4280 O.
697 4225 748 4279 J.
776 4226 829 4279 N
847 4243 875 4279 e
894 4244 930 4278 u
949 4243 1055 4278 ma
1073 4245 1108 4278 n
1127 4245 1163 4278 n
1209 4226 1268 4278 in
1300 4244 1390 4294 op.
1420 4225 1641 4280 Juliani
1696 4226 1822 4279 rills
1849 4227 2175 4296 gegenilber
2204 4224 2509 4278 bekunden
2538 4224 2825 4278 dieselben
2853 4223 2980 4276 eine

355 4297 494 4367 imp.
522 4298 584 4352 ll.
626 4301 824 4352 contra.
866 4296 1218 4351 Christianos
1264 4315 1411 4364 quae
1452 4314 1640 4368 super·
1697 4298 1933 4366 gewisse
1979 4294 2585 4350 Unvollkommenheit
2630 4295 2749 4347 und
2799 4293 2980 4346 [Inbe-

355 4371 508 4431 sunt‚
560 4369 809 4438 collegit,
870 4367 1169 4431 recensuit,
1221 4368 1642 4438 prolegomenis
1697 4368 2039 4422 stimmtheit
2077 4368 2138 4421 in
2179 4368 2277 4420 der
2306 4367 2659 4432 Austassuug
2699 4365 2818 4418 und
2846 4364 2980 4416 Dar-

356 4440 648 4495 instruxit.
699 4442 904 4494 Insunt
953 4439 1160 4506 cyril
1179 4439 1232 4492 li
1298 4440 1441 4492 alex.
1494 4440 1640 4509 frag·
1699 4439 1957 4510 stellung
1984 4441 2081 4492 des
2108 4439 2436 4492 Lehrsatzes
2463 4454 2575 4490 von
2603 4437 2702 4490 der
2728 4436 2980 4489 Vereini·

357 4515 549 4564 menta
576 4510 796 4580 syriaca
823 4512 895 4565 ab
923 4511 982 4564 E.
1012 4511 1064 4563 N
1081 4529 1110 4565 e
1128 4529 1152 4563 s
1170 4512 1274 4564 tle
1301 4511 1472 4573 edita,
1517 4511 1639 4580 Lip-
1697 4530 1861 4580 gung
1890 4512 1988 4564 der
2015 4511 2151 4563 zwei
2182 4510 2441 4563 Naturen
2470 4509 2530 4561 in
2561 4508 2836 4562 Christus.

355 4583 471 4635 siae
505 4590 658 4639 1880.
712 4581 791 4636 De
820 4602 860 4636 s.
889 4581 1090 4649 cyrilli
1130 4599 1220 4651 op.
1264 4583 1386 4636 fuse
1413 4581 1644 4636 disserit
1775 4586 1813 4654 ς)
1844 4583 1928 4634 [ta
1955 4587 2146 4635 censet
2173 4582 2216 4633 Ε
2235 4582 2369 4634 hrh
2387 4597 2419 4632 a
2437 4581 2516 4632 rd
2544 4580 2605 4632 in
2633 4582 2666 4634 1.
2690 4578 2780 4632 die
2804 4576 2981 4646 Cyrill

356 4653 426 4705 W
445 4670 474 4706 e
491 4672 521 4707 r
536 4673 574 4707 n
592 4670 621 4706 e
637 4672 666 4706 r
692 4653 891 4707 Gesch.
909 4654 1008 4707 der
1028 4655 1178 4724 apol.
1200 4654 1319 4706 und
1341 4654 1457 4724 pol.
1475 4654 1584 4707 Lit.
1603 4654 1640 4715 l,
1698 4671 1812 4707 von
1824 4656 1891 4706 A.
1909 4653 2385 4723 augeschriebene
2412 4651 2629 4706 Schrift
2652 4673 2710 4705 πε
2744 4661 2871 4718 ’.τῆς
2891 4659 2978 4703 τοῦ

355 4730 673 4784 ‘zm—³255:
724 4725 794 4777 de
843 4726 904 4780 ll.
954 4729 1152 4779 contra,
1197 4724 1525 4778 Nestorium
1575 4725 1641 4788 II,
1683 4727 1886 4798 ,Κυρίου
1914 4728 2341 4790 ἕνανθρωπὴσεως
2368 4723 2461 4776 ein
2486 4722 2664 4775 VV'erk
2731 4740 2787 4776 es
2805 4722 2980 4775 Theo-

356 4801 663 4853 219—240.
1698 4797 1889 4850 dorets
1914 4812 2026 4848 von
2055 4796 2250 4863 Cyrus,
2278 4795 2581 4863 Ti‘ibingeu
2616 4802 2768 4850 1888.

573 4894 764 4952 Hortor,
791 4894 1121 4940 Nomenclator
1149 4894 1164 4938 1
1193 4894 1267 4938 ed.
1297 4893 1377 4938 ΙΙΙ.
2596 4890 2659 4938 12
