<?xml version="1.0" encoding="UTF-8"?>
<!DOCTYPE html PUBLIC "-//W3C//DTD XHTML 1.0 Transitional//EN"
    "http://www.w3.org/TR/xhtml1/DTD/xhtml1-transitional.dtd">
<html xmlns="http://www.w3.org/1999/xhtml" xml:lang="en" lang="en">
 <head>
  <title>
</title>
<meta http-equiv="Content-Type" content="text/html;charset=utf-8" />
  <meta name='ocr-system' content='tesseract 3.04.00' />
  <meta name='ocr-capabilities' content='ocr_page ocr_carea ocr_par ocr_line ocrx_word'/>
</head>
<body>
  <div class='ocr_page' id='page_1' title='image "./nomenclatorlite09hurtgoog/nomenclatorlite09hurtgoog_0118.png"; bbox 0 0 3505 5161; ppageno 0'>
   <div class='ocr_carea' id='block_1_1' title="bbox 514 130 3125 225">
    <p class='ocr_par' dir='ltr' id='par_1_1' title="bbox 514 130 3125 225">
     <span class='ocr_line' id='line_1_1' title="bbox 514 130 3125 225; baseline -0.014 0"><span class='ocrx_word' id='word_1_1' title='bbox 514 173 627 225; x_wconf 77' lang='lat'><strong>195</strong></span> <span class='ocrx_word' id='word_1_2' title='bbox 1388 159 1545 209; x_wconf 84' lang='lat'><strong>326—·</strong></span> <span class='ocrx_word' id='word_1_3' title='bbox 1566 158 1685 208; x_wconf 80' lang='lat'><strong>400.</strong></span> <span class='ocrx_word' id='word_1_4' title='bbox 1711 152 1763 207; x_wconf 76' lang='lat' dir='ltr'><strong>S.</strong></span> <span class='ocrx_word' id='word_1_5' title='bbox 1792 150 2073 221; x_wconf 82' lang='lat' dir='ltr'><strong>Ephraem</strong></span> <span class='ocrx_word' id='word_1_6' title='bbox 2102 130 2275 218; x_wconf 77' lang='lat' dir='ltr'><strong>Syrus</strong></span> <span class='ocrx_word' id='word_1_7' title='bbox 3011 168 3125 219; x_wconf 65' lang='lat' dir='ltr'><strong>19ss</strong></span> 
     </span>
    </p>
   </div>
   <div class='ocr_carea' id='block_1_2' title="bbox 492 337 3128 3883">
    <p class='ocr_par' dir='ltr' id='par_1_2' title="bbox 492 337 3128 3875">
     <span class='ocr_line' id='line_1_2' title="bbox 502 337 3126 417; baseline -0.001 -18"><span class='ocrx_word' id='word_1_8' title='bbox 502 342 771 416; x_wconf 85' lang='lat' dir='ltr'><strong>ejusdem</strong></span> <span class='ocrx_word' id='word_1_9' title='bbox 832 340 1025 409; x_wconf 88' lang='lat' dir='ltr'><strong>molis,</strong></span> <span class='ocrx_word' id='word_1_10' title='bbox 1090 340 1195 399; x_wconf 86' lang='lat' dir='ltr'><strong>sed</strong></span> <span class='ocrx_word' id='word_1_11' title='bbox 1256 340 1432 417; x_wconf 86' lang='lat' dir='ltr'><strong>longe</strong></span> <span class='ocrx_word' id='word_1_12' title='bbox 1492 337 1785 415; x_wconf 83' lang='lat' dir='ltr'><strong>prolixius</strong></span> <span class='ocrx_word' id='word_1_13' title='bbox 1843 338 1916 396; x_wconf 86' lang='lat' dir='ltr'><strong>ad</strong></span> <span class='ocrx_word' id='word_1_14' title='bbox 1954 339 2274 398; x_wconf 88' lang='lat' dir='ltr'><strong>concilium</strong></span> <span class='ocrx_word' id='word_1_15' title='bbox 2306 339 2621 397; x_wconf 88' lang='lat' dir='ltr'><strong>nicaenum</strong></span> <span class='ocrx_word' id='word_1_16' title='bbox 2655 355 2854 399; x_wconf 88' lang='lat' dir='ltr'><strong>secum</strong></span> <span class='ocrx_word' id='word_1_17' title='bbox 2888 339 3126 398; x_wconf 84' lang='lat' dir='ltr'><strong>duxisse</strong></span> 
     </span>
     <span class='ocr_line' id='line_1_3' title="bbox 504 427 3124 508; baseline -0 -19"><span class='ocrx_word' id='word_1_18' title='bbox 504 428 699 508; x_wconf 88' lang='lat' dir='ltr'><strong>opus),</strong></span> <span class='ocrx_word' id='word_1_19' title='bbox 746 430 905 505; x_wconf 88' lang='lat' dir='ltr'><strong>quod</strong></span> <span class='ocrx_word' id='word_1_20' title='bbox 943 431 1037 488; x_wconf 89' lang='lat' dir='ltr'><strong>tot</strong></span> <span class='ocrx_word' id='word_1_21' title='bbox 1064 433 1129 488; x_wconf 84' lang='lat' dir='ltr'><strong>et</strong></span> <span class='ocrx_word' id='word_1_22' title='bbox 1159 431 1330 488; x_wconf 86' lang='lat' dir='ltr'><strong>tanta</strong></span> <span class='ocrx_word' id='word_1_23' title='bbox 1362 428 1693 488; x_wconf 87' lang='lat' dir='ltr'><strong>doctrinam</strong></span> <span class='ocrx_word' id='word_1_24' title='bbox 1724 429 1787 485; x_wconf 89' lang='lat' dir='ltr'><strong>et</strong></span> <span class='ocrx_word' id='word_1_25' title='bbox 1843 446 1909 486; x_wconf 89' lang='lat' dir='ltr'><strong>ac</strong></span> <span class='ocrx_word' id='word_1_26' title='bbox 1925 432 2066 505; x_wconf 87' lang='lat' dir='ltr'><strong>post</strong></span> <span class='ocrx_word' id='word_1_27' title='bbox 2084 446 2305 488; x_wconf 90' lang='lat' dir='ltr'><strong>munus</strong></span> <span class='ocrx_word' id='word_1_28' title='bbox 2337 427 2672 487; x_wconf 70' lang='lat' dir='ltr'><strong>ei&#39;docendi</strong></span> <span class='ocrx_word' id='word_1_29' title='bbox 2703 429 2768 487; x_wconf 92' lang='lat' dir='ltr'><strong>in</strong></span> <span class='ocrx_word' id='word_1_30' title='bbox 2802 429 3002 488; x_wconf 87' lang='lat' dir='ltr'><strong>schola</strong></span> <span class='ocrx_word' id='word_1_31' title='bbox 3020 429 3124 488; x_wconf 86' lang='lat' dir='ltr'><strong>Ni-</strong></span> 
     </span>
     <span class='ocr_line' id='line_1_4' title="bbox 502 517 3124 596; baseline 0 -19"><span class='ocrx_word' id='word_1_32' title='bbox 502 519 1275 596; x_wconf 82' lang='lat' dir='ltr'><strong>disciplinamchn&#39;stianam</strong></span> <span class='ocrx_word' id='word_1_33' title='bbox 1286 517 1786 593; x_wconf 86' lang='lat' dir='ltr'><strong>pertinentiatam</strong></span> <span class='ocrx_word' id='word_1_34' title='bbox 1842 517 1959 576; x_wconf 91' lang='lat' dir='ltr'><strong>sibi</strong></span> <span class='ocrx_word' id='word_1_35' title='bbox 1989 519 2137 576; x_wconf 89' lang='lat' dir='ltr'><strong>tunc</strong></span> <span class='ocrx_word' id='word_1_36' title='bbox 2164 517 2399 577; x_wconf 88' lang='lat' dir='ltr'><strong>florenti</strong></span> <span class='ocrx_word' id='word_1_37' title='bbox 2423 518 2787 577; x_wconf 75' lang='lat' dir='ltr'>commisisse</span> <span class='ocrx_word' id='word_1_38' title='bbox 2817 518 2881 576; x_wconf 91' lang='lat' dir='ltr'><strong>in</strong></span> <span class='ocrx_word' id='word_1_39' title='bbox 2909 536 3124 577; x_wconf 89' lang='lat' dir='ltr'><strong>monu-</strong></span> 
     </span>
     <span class='ocr_line' id='line_1_5' title="bbox 501 606 3125 684; baseline -0.001 -18"><span class='ocrx_word' id='word_1_40' title='bbox 501 611 704 684; x_wconf 83' lang='lat' dir='ltr'><strong>aperte</strong></span> <span class='ocrx_word' id='word_1_41' title='bbox 724 608 1024 668; x_wconf 88' lang='lat' dir='ltr'><strong>contineat</strong></span> <span class='ocrx_word' id='word_1_42' title='bbox 1055 653 1068 666; x_wconf 95' lang='lat'><strong>.</strong></span> <span class='ocrx_word' id='word_1_43' title='bbox 1102 653 1115 666; x_wconf 92' lang='lat'><strong>.</strong></span> <span class='ocrx_word' id='word_1_44' title='bbox 1151 653 1162 666; x_wconf 91' lang='lat'><strong>.</strong></span> <span class='ocrx_word' id='word_1_45' title='bbox 1195 606 1520 682; x_wconf 73' lang='lat' dir='ltr'>Praecipua</span> <span class='ocrx_word' id='word_1_46' title='bbox 1538 606 1674 665; x_wconf 84' lang='lat' dir='ltr'><strong>fidei</strong></span> <span class='ocrx_word' id='word_1_47' title='bbox 1692 624 1785 665; x_wconf 90' lang='lat' dir='ltr'><strong>ca-</strong></span> <span class='ocrx_word' id='word_1_48' title='bbox 1843 607 2061 666; x_wconf 88' lang='lat' dir='ltr'><strong>mentis</strong></span> <span class='ocrx_word' id='word_1_49' title='bbox 2101 606 2494 666; x_wconf 73' lang='lat' dir='ltr'><strong>orientalibus</strong></span> <span class='ocrx_word' id='word_1_50' title='bbox 2538 606 2904 683; x_wconf 85' lang='lat' dir='ltr'><strong>perhibetur.</strong></span> <span class='ocrx_word' id='word_1_51' title='bbox 2971 607 3125 666; x_wconf 81' lang='lat' dir='ltr'><strong>civi-</strong></span> 
     </span>
     <span class='ocr_line' id='line_1_6' title="bbox 500 695 3127 774; baseline 0 -19"><span class='ocrx_word' id='word_1_52' title='bbox 500 698 629 774; x_wconf 86' lang='lat' dir='ltr'><strong>pita</strong></span> <span class='ocrx_word' id='word_1_53' title='bbox 646 698 925 768; x_wconf 82' lang='lat' dir='ltr'><strong>breviter,</strong></span> <span class='ocrx_word' id='word_1_54' title='bbox 960 696 1217 756; x_wconf 88' lang='lat' dir='ltr'><strong>dilucide</strong></span> <span class='ocrx_word' id='word_1_55' title='bbox 1248 695 1654 765; x_wconf 86' lang='lat' dir='ltr'><strong>acorthodoxe</strong></span> <span class='ocrx_word' id='word_1_56' title='bbox 1688 714 1784 755; x_wconf 77' lang='lat' dir='ltr'><strong>ex·</strong></span> <span class='ocrx_word' id='word_1_57' title='bbox 1841 698 1964 755; x_wconf 86' lang='lat' dir='ltr'><strong>tate</strong></span> <span class='ocrx_word' id='word_1_58' title='bbox 2009 695 2280 755; x_wconf 87' lang='lat' dir='ltr'><strong>nisibena</strong></span> <span class='ocrx_word' id='word_1_59' title='bbox 2338 715 2372 753; x_wconf 83' lang='lat' dir='ltr'><strong>a</strong></span> <span class='ocrx_word' id='word_1_60' title='bbox 2416 696 2611 755; x_wconf 87' lang='lat' dir='ltr'><strong>Persis</strong></span> <span class='ocrx_word' id='word_1_61' title='bbox 2669 700 2954 772; x_wconf 89' lang='lat' dir='ltr'><strong>occupata</strong></span> <span class='ocrx_word' id='word_1_62' title='bbox 2998 696 3127 773; x_wconf 91' lang='lat' dir='ltr'><strong>ipse</strong></span> 
     </span>
     <span class='ocr_line' id='line_1_7' title="bbox 500 784 3128 862; baseline -0.001 -17"><span class='ocrx_word' id='word_1_63' title='bbox 500 787 675 862; x_wconf 88' lang='lat' dir='ltr'><strong>ponit</strong></span> <span class='ocrx_word' id='word_1_64' title='bbox 695 832 707 844; x_wconf 85' lang='lat'><strong>.</strong></span> <span class='ocrx_word' id='word_1_65' title='bbox 730 830 744 845; x_wconf 93' lang='lat'><strong>.</strong></span> <span class='ocrx_word' id='word_1_66' title='bbox 764 830 777 844; x_wconf 92' lang='lat'><strong>.</strong></span> <span class='ocrx_word' id='word_1_67' title='bbox 810 786 979 856; x_wconf 83' lang='lat' dir='ltr'><strong>Quod</strong></span> <span class='ocrx_word' id='word_1_68' title='bbox 1009 787 1082 845; x_wconf 85' lang='lat' dir='ltr'><strong>ad</strong></span> <span class='ocrx_word' id='word_1_69' title='bbox 1108 786 1326 845; x_wconf 86' lang='lat' dir='ltr'><strong>stilum</strong></span> <span class='ocrx_word' id='word_1_70' title='bbox 1354 786 1482 861; x_wconf 88' lang='lat' dir='ltr'><strong>ejus</strong></span> <span class='ocrx_word' id='word_1_71' title='bbox 1503 785 1784 861; x_wconf 75' lang='lat' dir='ltr'><strong>pertinet,</strong></span> <span class='ocrx_word' id='word_1_72' title='bbox 1843 787 2083 846; x_wconf 81' lang='lat' dir='ltr'><strong>secessit</strong></span> <span class='ocrx_word' id='word_1_73' title='bbox 2131 788 2311 860; x_wconf 89' lang='lat' dir='ltr'><strong>atque</strong></span> <span class='ocrx_word' id='word_1_74' title='bbox 2365 784 2620 845; x_wconf 76' lang='lat' dir='ltr'><strong>Edessae</strong></span> <span class='ocrx_word' id='word_1_75' title='bbox 2676 785 2950 845; x_wconf 87' lang='lat' dir='ltr'><strong>stabilem</strong></span> <span class='ocrx_word' id='word_1_76' title='bbox 3000 785 3128 844; x_wconf 80' lang='lat' dir='ltr'><strong>fixit</strong></span> 
     </span>
     <span class='ocr_line' id='line_1_8' title="bbox 502 875 3126 953; baseline -0.001 -20"><span class='ocrx_word' id='word_1_77' title='bbox 502 875 854 953; x_wconf 86' lang='lat' dir='ltr'><strong>magnificus</strong></span> <span class='ocrx_word' id='word_1_78' title='bbox 893 880 1002 944; x_wconf 86' lang='lat' dir='ltr'><strong>est,</strong></span> <span class='ocrx_word' id='word_1_79' title='bbox 1049 876 1366 934; x_wconf 82' lang='lat' dir='ltr'><strong>vehemens</strong></span> <span class='ocrx_word' id='word_1_80' title='bbox 1412 878 1474 933; x_wconf 88' lang='lat' dir='ltr'><strong>et</strong></span> <span class='ocrx_word' id='word_1_81' title='bbox 1517 892 1783 951; x_wconf 75' lang='lat' dir='ltr'><strong>pressae,</strong></span> <span class='ocrx_word' id='word_1_82' title='bbox 1844 893 2069 933; x_wconf 90' lang='lat' dir='ltr'><strong>moram</strong></span> <span class='ocrx_word' id='word_1_83' title='bbox 2115 875 2298 932; x_wconf 78' lang='lat' dir='ltr'><strong>vitam</strong></span> <span class='ocrx_word' id='word_1_84' title='bbox 2350 875 2570 952; x_wconf 90' lang='lat' dir='ltr'><strong>degens</strong></span> <span class='ocrx_word' id='word_1_85' title='bbox 2621 876 2902 933; x_wconf 87' lang='lat' dir='ltr'><strong>eremitae</strong></span> <span class='ocrx_word' id='word_1_86' title='bbox 2954 877 3024 949; x_wconf 89' lang='lat' dir='ltr'><strong>(c.</strong></span> <span class='ocrx_word' id='word_1_87' title='bbox 3076 894 3126 932; x_wconf 89' lang='lat' dir='ltr'><strong>a.</strong></span> 
     </span>
     <span class='ocr_line' id='line_1_9' title="bbox 504 961 3122 1045; baseline 0.001 -22"><span class='ocrx_word' id='word_1_88' title='bbox 504 964 607 1023; x_wconf 89' lang='lat' dir='ltr'><strong>sed</strong></span> <span class='ocrx_word' id='word_1_89' title='bbox 626 965 828 1023; x_wconf 88' lang='lat' dir='ltr'><strong>minus</strong></span> <span class='ocrx_word' id='word_1_90' title='bbox 849 963 1080 1023; x_wconf 83' lang='lat' dir='ltr'><strong>nitidus</strong></span> <span class='ocrx_word' id='word_1_91' title='bbox 1113 968 1207 1023; x_wconf 86' lang='lat' dir='ltr'><strong>est</strong></span> <span class='ocrx_word' id='word_1_92' title='bbox 1236 982 1303 1023; x_wconf 92' lang='lat' dir='ltr'><strong>ac</strong></span> <span class='ocrx_word' id='word_1_93' title='bbox 1334 963 1579 1039; x_wconf 76' lang='lat' dir='ltr'><strong>polituS.</strong></span> <span class='ocrx_word' id='word_1_94' title='bbox 1625 963 1785 1032; x_wconf 82' lang='lat' dir='ltr'><strong>Quos</strong></span> <span class='ocrx_word' id='word_1_95' title='bbox 1846 972 1971 1027; x_wconf 78' lang='lat'><strong>364</strong></span> <span class='ocrx_word' id='word_1_96' title='bbox 2019 964 2115 1023; x_wconf 79' lang='lat' dir='ltr'><strong>vel</strong></span> <span class='ocrx_word' id='word_1_97' title='bbox 2166 961 2338 1045; x_wconf 84' lang='lat'><strong>365).</strong></span> <span class='ocrx_word' id='word_1_98' title='bbox 2402 964 2457 1022; x_wconf 89' lang='lat' dir='ltr'><strong>S.</strong></span> <span class='ocrx_word' id='word_1_99' title='bbox 2505 965 2790 1023; x_wconf 75' lang='lat' dir='ltr'><strong>Basiliam</strong></span> <span class='ocrx_word' id='word_1_100' title='bbox 2832 981 2878 1022; x_wconf 91' lang='lat' dir='ltr'><strong>c.</strong></span> <span class='ocrx_word' id='word_1_101' title='bbox 2912 983 2961 1023; x_wconf 89' lang='lat' dir='ltr'><strong>a.</strong></span> <span class='ocrx_word' id='word_1_102' title='bbox 2998 972 3122 1026; x_wconf 87' lang='grc'><strong>370</strong></span> 
     </span>
     <span class='ocr_line' id='line_1_10' title="bbox 501 1051 3126 1131; baseline -0 -19"><span class='ocrx_word' id='word_1_103' title='bbox 501 1058 805 1131; x_wconf 79' lang='lat' dir='ltr'><strong>expugnat</strong></span> <span class='ocrx_word' id='word_1_104' title='bbox 833 1053 1047 1114; x_wconf 86' lang='lat' dir='ltr'><strong>acriter</strong></span> <span class='ocrx_word' id='word_1_105' title='bbox 1075 1057 1256 1131; x_wconf 87' lang='lat' dir='ltr'><strong>urget</strong></span> <span class='ocrx_word' id='word_1_106' title='bbox 1288 1097 1300 1110; x_wconf 91' lang='lat'><strong>.</strong></span> <span class='ocrx_word' id='word_1_107' title='bbox 1336 1097 1348 1110; x_wconf 95' lang='lat'><strong>.</strong></span> <span class='ocrx_word' id='word_1_108' title='bbox 1385 1096 1397 1109; x_wconf 92' lang='lat'><strong>.</strong></span> <span class='ocrx_word' id='word_1_109' title='bbox 1430 1053 1557 1112; x_wconf 89' lang='lat' dir='ltr'><strong>Uno</strong></span> <span class='ocrx_word' id='word_1_110' title='bbox 1593 1051 1787 1123; x_wconf 82' lang='lat' dir='ltr'><strong>verb0,</strong></span> <span class='ocrx_word' id='word_1_111' title='bbox 1842 1053 2053 1112; x_wconf 82' lang='lat' dir='ltr'><strong>invisit</strong></span> <span class='ocrx_word' id='word_1_112' title='bbox 2066 1054 2196 1128; x_wconf 77' lang='lat' dir='ltr'><strong>eJus</strong></span> <span class='ocrx_word' id='word_1_113' title='bbox 2211 1052 2513 1112; x_wconf 88' lang='lat' dir='ltr'><strong>doctrinae</strong></span> <span class='ocrx_word' id='word_1_114' title='bbox 2534 1055 2595 1112; x_wconf 90' lang='lat' dir='ltr'><strong>et</strong></span> <span class='ocrx_word' id='word_1_115' title='bbox 2616 1053 2951 1112; x_wconf 77' lang='lat' dir='ltr'><strong>sanctitatis</strong></span> <span class='ocrx_word' id='word_1_116' title='bbox 2970 1053 3126 1112; x_wconf 87' lang='lat' dir='ltr'><strong>fama</strong></span> 
     </span>
     <span class='ocr_line' id='line_1_11' title="bbox 502 1142 3126 1219; baseline 0 -18"><span class='ocrx_word' id='word_1_117' title='bbox 502 1143 662 1218; x_wconf 89' lang='lat' dir='ltr'><strong>quod</strong></span> <span class='ocrx_word' id='word_1_118' title='bbox 691 1147 899 1203; x_wconf 86' lang='lat' dir='ltr'><strong>auctor</strong></span> <span class='ocrx_word' id='word_1_119' title='bbox 929 1142 1110 1218; x_wconf 88' lang='lat' dir='ltr'><strong>hujus</strong></span> <span class='ocrx_word' id='word_1_120' title='bbox 1142 1142 1337 1218; x_wconf 90' lang='lat' dir='ltr'><strong>operis</strong></span> <span class='ocrx_word' id='word_1_121' title='bbox 1369 1160 1618 1218; x_wconf 89' lang='lat' dir='ltr'><strong>magnae</strong></span> <span class='ocrx_word' id='word_1_122' title='bbox 1649 1160 1786 1200; x_wconf 90' lang='lat' dir='ltr'><strong>eru-</strong></span> <span class='ocrx_word' id='word_1_123' title='bbox 1841 1142 2113 1218; x_wconf 84' lang='lat' dir='ltr'><strong>allectus,</strong></span> <span class='ocrx_word' id='word_1_124' title='bbox 2179 1142 2253 1200; x_wconf 87' lang='lat' dir='ltr'><strong>ab</strong></span> <span class='ocrx_word' id='word_1_125' title='bbox 2316 1160 2506 1219; x_wconf 88' lang='lat' dir='ltr'><strong>eoque</strong></span> <span class='ocrx_word' id='word_1_126' title='bbox 2567 1142 2790 1201; x_wconf 86' lang='lat' dir='ltr'><strong>dicitur</strong></span> <span class='ocrx_word' id='word_1_127' title='bbox 2843 1142 3126 1202; x_wconf 86' lang='lat' dir='ltr'><strong>diaconus</strong></span> 
     </span>
     <span class='ocr_line' id='line_1_12' title="bbox 500 1230 3127 1308; baseline 0 -18"><span class='ocrx_word' id='word_1_128' title='bbox 500 1231 750 1291; x_wconf 86' lang='lat' dir='ltr'><strong>ditionis</strong></span> <span class='ocrx_word' id='word_1_129' title='bbox 801 1236 863 1292; x_wconf 92' lang='lat' dir='ltr'><strong>et</strong></span> <span class='ocrx_word' id='word_1_130' title='bbox 912 1231 1255 1291; x_wconf 84' lang='lat' dir='ltr'><strong>excellentis</strong></span> <span class='ocrx_word' id='word_1_131' title='bbox 1312 1230 1535 1308; x_wconf 89' lang='lat' dir='ltr'><strong>ingenii</strong></span> <span class='ocrx_word' id='word_1_132' title='bbox 1581 1230 1784 1300; x_wconf 85' lang='lat' dir='ltr'><strong>fuerit,</strong></span> <span class='ocrx_word' id='word_1_133' title='bbox 1843 1230 2170 1290; x_wconf 86' lang='lat' dir='ltr'><strong>ordinatus.</strong></span> <span class='ocrx_word' id='word_1_134' title='bbox 2193 1231 2514 1307; x_wconf 80' lang='lat' dir='ltr'><strong>Presbyter</strong></span> <span class='ocrx_word' id='word_1_135' title='bbox 2528 1250 2648 1291; x_wconf 89' lang='lat' dir='ltr'><strong>non</strong></span> <span class='ocrx_word' id='word_1_136' title='bbox 2665 1232 2904 1290; x_wconf 85' lang='lat' dir='ltr'><strong>videtur</strong></span> <span class='ocrx_word' id='word_1_137' title='bbox 2927 1231 3127 1291; x_wconf 86' lang='lat' dir='ltr'><strong>fuisse.</strong></span> 
     </span>
     <span class='ocr_line' id='line_1_13' title="bbox 501 1319 3124 1396; baseline 0 -17"><span class='ocrx_word' id='word_1_138' title='bbox 501 1340 675 1381; x_wconf 91' lang='lat' dir='ltr'><strong>nemo</strong></span> <span class='ocrx_word' id='word_1_139' title='bbox 707 1341 907 1381; x_wconf 89' lang='lat' dir='ltr'><strong>rerum</strong></span> <span class='ocrx_word' id='word_1_140' title='bbox 939 1322 1191 1381; x_wconf 86' lang='lat' dir='ltr'><strong>istarum</strong></span> <span class='ocrx_word' id='word_1_141' title='bbox 1223 1320 1454 1396; x_wconf 87' lang='lat' dir='ltr'><strong>peritus</strong></span> <span class='ocrx_word' id='word_1_142' title='bbox 1479 1319 1784 1396; x_wconf 79' lang='lat' dir='ltr'><strong>negabit.‘</strong></span> <span class='ocrx_word' id='word_1_143' title='bbox 1841 1320 2169 1380; x_wconf 86' lang='lat' dir='ltr'><strong>Edessenae</strong></span> <span class='ocrx_word' id='word_1_144' title='bbox 2259 1320 2540 1380; x_wconf 86' lang='lat' dir='ltr'><strong>ecclesiae</strong></span> <span class='ocrx_word' id='word_1_145' title='bbox 2634 1320 2839 1380; x_wconf 84' lang='lat' dir='ltr'><strong>fideles</strong></span> <span class='ocrx_word' id='word_1_146' title='bbox 2881 1350 2884 1353; x_wconf 96' lang='lat'>·</span> <span class='ocrx_word' id='word_1_147' title='bbox 2930 1340 3124 1380; x_wconf 86' lang='lat' dir='ltr'><strong>exem-</strong></span> 
     </span>
     <span class='ocr_line' id='line_1_14' title="bbox 501 1409 3125 1488; baseline 0 -20"><span class='ocrx_word' id='word_1_148' title='bbox 501 1411 713 1470; x_wconf 86' lang='lat' dir='ltr'><strong>Merito</strong></span> <span class='ocrx_word' id='word_1_149' title='bbox 765 1411 902 1470; x_wconf 88' lang='lat' dir='ltr'><strong>hinc</strong></span> <span class='ocrx_word' id='word_1_150' title='bbox 951 1410 1450 1488; x_wconf 81' lang='lat' dir='ltr'><strong>Augustinus</strong></span> <span class='ocrx_word' id='word_1_151' title='bbox 1498 1409 1787 1485; x_wconf 82' lang='lat' dir='ltr'><strong>Optatum</strong></span> <span class='ocrx_word' id='word_1_152' title='bbox 1841 1410 1940 1484; x_wconf 89' lang='lat' dir='ltr'><strong>plo</strong></span> <span class='ocrx_word' id='word_1_153' title='bbox 1974 1410 2383 1469; x_wconf 86' lang='lat' dir='ltr'><strong>sanctissimae</strong></span> <span class='ocrx_word' id='word_1_154' title='bbox 2413 1410 2572 1468; x_wconf 83' lang='lat' dir='ltr'><strong>vitae</strong></span> <span class='ocrx_word' id='word_1_155' title='bbox 2600 1410 2951 1480; x_wconf 84' lang='lat' dir='ltr'><strong>aedificavit,</strong></span> <span class='ocrx_word' id='word_1_156' title='bbox 2990 1411 3125 1469; x_wconf 90' lang='lat' dir='ltr'><strong>hae-</strong></span> 
     </span>
     <span class='ocr_line' id='line_1_15' title="bbox 500 1498 3127 1577; baseline 0 -19"><span class='ocrx_word' id='word_1_157' title='bbox 500 1500 660 1558; x_wconf 87' lang='lat' dir='ltr'><strong>inter</strong></span> <span class='ocrx_word' id='word_1_158' title='bbox 701 1500 968 1559; x_wconf 89' lang='lat' dir='ltr'><strong>illustres</strong></span> <span class='ocrx_word' id='word_1_159' title='bbox 1000 1499 1291 1559; x_wconf 73' lang='lat' dir='ltr'><strong>Ecclesiae</strong></span> <span class='ocrx_word' id='word_1_160' title='bbox 1336 1498 1648 1575; x_wconf 84' lang='lat' dir='ltr'><strong>scriptores</strong></span> <span class='ocrx_word' id='word_1_161' title='bbox 1693 1517 1786 1557; x_wconf 88' lang='lat' dir='ltr'><strong>re·</strong></span> <span class='ocrx_word' id='word_1_162' title='bbox 1841 1517 2000 1557; x_wconf 90' lang='lat' dir='ltr'><strong>reses</strong></span> <span class='ocrx_word' id='word_1_163' title='bbox 2034 1503 2276 1558; x_wconf 91' lang='lat' dir='ltr'><strong>strenue</strong></span> <span class='ocrx_word' id='word_1_164' title='bbox 2308 1499 2704 1577; x_wconf 83' lang='lat' dir='ltr'><strong>impugnavit,</strong></span> <span class='ocrx_word' id='word_1_165' title='bbox 2745 1500 2817 1557; x_wconf 89' lang='lat' dir='ltr'><strong>de</strong></span> <span class='ocrx_word' id='word_1_166' title='bbox 2851 1501 3127 1574; x_wconf 89' lang='lat' dir='ltr'><strong>pauperi-</strong></span> 
     </span>
     <span class='ocr_line' id='line_1_16' title="bbox 499 1587 3123 1666; baseline 0.001 -21"><span class='ocrx_word' id='word_1_167' title='bbox 499 1588 633 1659; x_wconf 87' lang='lat' dir='ltr'><strong>fert‚</strong></span> <span class='ocrx_word' id='word_1_168' title='bbox 665 1590 916 1665; x_wconf 89' lang='lat' dir='ltr'><strong>ejusque</strong></span> <span class='ocrx_word' id='word_1_169' title='bbox 936 1589 1256 1648; x_wconf 87' lang='lat' dir='ltr'><strong>auctoritas</strong></span> <span class='ocrx_word' id='word_1_170' title='bbox 1276 1587 1475 1665; x_wconf 82' lang='lat' dir='ltr'><strong>gravis</strong></span> <span class='ocrx_word' id='word_1_171' title='bbox 1505 1590 1634 1645; x_wconf 86' lang='lat' dir='ltr'><strong>erat</strong></span> <span class='ocrx_word' id='word_1_172' title='bbox 1666 1605 1786 1646; x_wconf 90' lang='lat' dir='ltr'><strong>non</strong></span> <span class='ocrx_word' id='word_1_173' title='bbox 1840 1587 1972 1659; x_wconf 90' lang='lat' dir='ltr'><strong>bus,</strong></span> <span class='ocrx_word' id='word_1_174' title='bbox 2033 1591 2340 1666; x_wconf 89' lang='lat' dir='ltr'><strong>grassante</strong></span> <span class='ocrx_word' id='word_1_175' title='bbox 2387 1590 2738 1665; x_wconf 85' lang='lat' dir='ltr'><strong>praesertim</strong></span> <span class='ocrx_word' id='word_1_176' title='bbox 2788 1588 2940 1647; x_wconf 83' lang='lat' dir='ltr'><strong>fame</strong></span> <span class='ocrx_word' id='word_1_177' title='bbox 2988 1609 3123 1665; x_wconf 89' lang='lat' dir='ltr'><strong>gra-</strong></span> 
     </span>
     <span class='ocr_line' id='line_1_17' title="bbox 501 1675 3126 1755; baseline 0 -19"><span class='ocrx_word' id='word_1_178' title='bbox 501 1678 697 1736; x_wconf 91' lang='lat' dir='ltr'><strong>solum</strong></span> <span class='ocrx_word' id='word_1_179' title='bbox 727 1680 883 1754; x_wconf 89' lang='lat' dir='ltr'><strong>apud</strong></span> <span class='ocrx_word' id='word_1_180' title='bbox 913 1678 1247 1747; x_wconf 88' lang='lat' dir='ltr'><strong>catholicos,</strong></span> <span class='ocrx_word' id='word_1_181' title='bbox 1281 1675 1383 1736; x_wconf 86' lang='lat' dir='ltr'><strong>sed</strong></span> <span class='ocrx_word' id='word_1_182' title='bbox 1414 1675 1595 1736; x_wconf 90' lang='lat' dir='ltr'><strong>etiam</strong></span> <span class='ocrx_word' id='word_1_183' title='bbox 1625 1675 1785 1751; x_wconf 86' lang='lat' dir='ltr'><strong>apud</strong></span> <span class='ocrx_word' id='word_1_184' title='bbox 1842 1677 2097 1748; x_wconf 83' lang='lat' dir='ltr'><strong>vissima,</strong></span> <span class='ocrx_word' id='word_1_185' title='bbox 2167 1677 2658 1737; x_wconf 87' lang='lat' dir='ltr'><strong>sollicitissimam</strong></span> <span class='ocrx_word' id='word_1_186' title='bbox 2720 1695 2921 1737; x_wconf 89' lang='lat' dir='ltr'><strong>curam</strong></span> <span class='ocrx_word' id='word_1_187' title='bbox 2983 1678 3126 1755; x_wconf 86' lang='lat' dir='ltr'><strong>egit.</strong></span> 
     </span>
     <span class='ocr_line' id='line_1_18' title="bbox 501 1765 3124 1844; baseline 0 -19"><span class='ocrx_word' id='word_1_188' title='bbox 501 1766 845 1825; x_wconf 88' lang='lat' dir='ltr'><strong>Donatistas</strong></span> <span class='ocrx_word' id='word_1_189' title='bbox 875 1766 983 1825; x_wconf 90' lang='lat' dir='ltr'><strong>illo</strong></span> <span class='ocrx_word' id='word_1_190' title='bbox 1013 1770 1298 1842; x_wconf 88' lang='lat' dir='ltr'><strong>tempore.</strong></span> <span class='ocrx_word' id='word_1_191' title='bbox 1364 1765 1613 1840; x_wconf 90' lang='lat' dir='ltr'><strong>Saepius</strong></span> <span class='ocrx_word' id='word_1_192' title='bbox 1645 1783 1784 1839; x_wconf 90' lang='lat' dir='ltr'><strong>pro·</strong></span> <span class='ocrx_word' id='word_1_193' title='bbox 1843 1766 2072 1825; x_wconf 82' lang='lat' dir='ltr'><strong>Meritis</strong></span> <span class='ocrx_word' id='word_1_194' title='bbox 2103 1768 2318 1843; x_wconf 89' lang='lat' dir='ltr'><strong>plenus</strong></span> <span class='ocrx_word' id='word_1_195' title='bbox 2348 1786 2381 1825; x_wconf 95' lang='lat' dir='ltr'><strong>e</strong></span> <span class='ocrx_word' id='word_1_196' title='bbox 2413 1767 2538 1826; x_wconf 88' lang='lat' dir='ltr'><strong>vita</strong></span> <span class='ocrx_word' id='word_1_197' title='bbox 2569 1766 2850 1844; x_wconf 87' lang='lat' dir='ltr'><strong>migravit</strong></span> <span class='ocrx_word' id='word_1_198' title='bbox 2885 1777 2919 1829; x_wconf 85' lang='lat'>9</span> <span class='ocrx_word' id='word_1_199' title='bbox 2955 1766 3124 1826; x_wconf 85' lang='lat' dir='ltr'><strong>Junii</strong></span> 
     </span>
     <span class='ocr_line' id='line_1_19' title="bbox 501 1853 2916 1932; baseline 0 -19"><span class='ocrx_word' id='word_1_200' title='bbox 501 1854 615 1914; x_wconf 89' lang='lat' dir='ltr'><strong>diit</strong></span> <span class='ocrx_word' id='word_1_201' title='bbox 657 1857 768 1916; x_wconf 89' lang='lat' dir='ltr'><strong>hoc</strong></span> <span class='ocrx_word' id='word_1_202' title='bbox 811 1874 992 1931; x_wconf 89' lang='lat' dir='ltr'><strong>opus:</strong></span> <span class='ocrx_word' id='word_1_203' title='bbox 1042 1855 1223 1914; x_wconf 86' lang='lat' dir='ltr'><strong>editio</strong></span> <span class='ocrx_word' id='word_1_204' title='bbox 1270 1853 1787 1930; x_wconf 85' lang='lat' dir='ltr'><strong>praestantissima</strong></span> <span class='ocrx_word' id='word_1_205' title='bbox 1840 1875 1890 1913; x_wconf 90' lang='lat' dir='ltr'><strong>a.</strong></span> <span class='ocrx_word' id='word_1_206' title='bbox 1926 1865 2070 1926; x_wconf 86' lang='grc'><strong>373,</strong></span> <span class='ocrx_word' id='word_1_207' title='bbox 2095 1857 2271 1932; x_wconf 85' lang='lat' dir='ltr'><strong>juxta</strong></span> <span class='ocrx_word' id='word_1_208' title='bbox 2303 1855 2447 1914; x_wconf 90' lang='lat' dir='ltr'><strong>alios</strong></span> <span class='ocrx_word' id='word_1_209' title='bbox 2483 1864 2607 1920; x_wconf 83' lang='grc'><strong>378</strong></span> <span class='ocrx_word' id='word_1_210' title='bbox 2644 1856 2737 1914; x_wconf 83' lang='lat' dir='ltr'><strong>vel</strong></span> <span class='ocrx_word' id='word_1_211' title='bbox 2773 1865 2916 1919; x_wconf 87' lang='lat'><strong>379.</strong></span> 
     </span>
     <span class='ocr_line' id='line_1_20' title="bbox 501 1943 2052 2021; baseline 0.001 -19"><span class='ocrx_word' id='word_1_212' title='bbox 501 1947 609 2015; x_wconf 89' lang='lat' dir='ltr'><strong>est,</strong></span> <span class='ocrx_word' id='word_1_213' title='bbox 660 1965 839 2021; x_wconf 88' lang='lat' dir='ltr'><strong>quam</strong></span> <span class='ocrx_word' id='word_1_214' title='bbox 876 1944 1112 2004; x_wconf 80' lang='lat' dir='ltr'><strong>curavit</strong></span> <span class='ocrx_word' id='word_1_215' title='bbox 1142 1946 1191 2002; x_wconf 92' lang='lat' dir='ltr'>D</span> <span class='ocrx_word' id='word_1_216' title='bbox 1209 1962 1251 2001; x_wconf 91' lang='lat' dir='ltr'><strong>u</strong></span> <span class='ocrx_word' id='word_1_217' title='bbox 1283 1943 1422 2002; x_wconf 91' lang='lat' dir='ltr'><strong>Pin</strong></span> <span class='ocrx_word' id='word_1_218' title='bbox 1452 1943 1785 2019; x_wconf 89' lang='lat' dir='ltr'><strong>multisque</strong></span> <span class='ocrx_word' id='word_1_219' title='bbox 2049 1974 2052 1977; x_wconf 40' lang='lat'>*</span> 
     </span>
     <span class='ocr_line' id='line_1_21' title="bbox 492 2032 3127 2110; baseline 0.001 -19"><span class='ocrx_word' id='word_1_220' title='bbox 492 2032 903 2093; x_wconf 64' lang='lat' dir='ltr'><strong>‘monumentis</strong></span> <span class='ocrx_word' id='word_1_221' title='bbox 922 2032 1090 2092; x_wconf 85' lang='lat' dir='ltr'><strong>auxit</strong></span> <span class='ocrx_word' id='word_1_222' title='bbox 1120 2035 1183 2091; x_wconf 90' lang='lat' dir='ltr'><strong>et</strong></span> <span class='ocrx_word' id='word_1_223' title='bbox 1210 2032 1462 2091; x_wconf 87' lang='lat' dir='ltr'><strong>historia</strong></span> <span class='ocrx_word' id='word_1_224' title='bbox 1479 2032 1784 2092; x_wconf 89' lang='lat' dir='ltr'><strong>donatiani</strong></span> <span class='ocrx_word' id='word_1_225' title='bbox 1938 2043 2078 2097; x_wconf 87' lang='grc'><strong>107.</strong></span> <span class='ocrx_word' id='word_1_226' title='bbox 2113 2034 2379 2092; x_wconf 87' lang='lat' dir='ltr'><strong>Plurima</strong></span> <span class='ocrx_word' id='word_1_227' title='bbox 2408 2034 2744 2109; x_wconf 88' lang='lat' dir='ltr'><strong>composuit</strong></span> <span class='ocrx_word' id='word_1_228' title='bbox 2781 2053 2960 2110; x_wconf 88' lang='lat' dir='ltr'><strong>opera</strong></span> <span class='ocrx_word' id='word_1_229' title='bbox 3004 2037 3127 2094; x_wconf 87' lang='lat' dir='ltr'><strong>tam</strong></span> 
     </span>
     <span class='ocr_line' id='line_1_22' title="bbox 502 2121 3123 2201; baseline 0.001 -22"><span class='ocrx_word' id='word_1_230' title='bbox 502 2121 840 2181; x_wconf 86' lang='lat' dir='ltr'><strong>schismatis</strong></span> <span class='ocrx_word' id='word_1_231' title='bbox 891 2122 1238 2192; x_wconf 79' lang='lat' dir='ltr'><strong>illustravit,</strong></span> <span class='ocrx_word' id='word_1_232' title='bbox 1299 2121 1537 2180; x_wconf 88' lang='lat' dir='ltr'><strong>Parisiis</strong></span> <span class='ocrx_word' id='word_1_233' title='bbox 1596 2132 1781 2191; x_wconf 89' lang='grc'><strong>1700,</strong></span> <span class='ocrx_word' id='word_1_234' title='bbox 1842 2123 2037 2182; x_wconf 89' lang='lat' dir='ltr'><strong>soluto</strong></span> <span class='ocrx_word' id='word_1_235' title='bbox 2077 2142 2255 2199; x_wconf 85' lang='lat' dir='ltr'><strong>quam</strong></span> <span class='ocrx_word' id='word_1_236' title='bbox 2297 2124 2649 2198; x_wconf 87' lang='lat' dir='ltr'><strong>praesertim</strong></span> <span class='ocrx_word' id='word_1_237' title='bbox 2682 2123 2867 2201; x_wconf 89' lang='lat' dir='ltr'><strong>ligato</strong></span> <span class='ocrx_word' id='word_1_238' title='bbox 2901 2142 3123 2182; x_wconf 86' lang='lat' dir='ltr'><strong>sermo-</strong></span> 
     </span>
     <span class='ocr_line' id='line_1_23' title="bbox 501 2207 3126 2291; baseline 0.001 -22"><span class='ocrx_word' id='word_1_239' title='bbox 501 2230 655 2286; x_wconf 90' lang='lat' dir='ltr'><strong>quae</strong></span> <span class='ocrx_word' id='word_1_240' title='bbox 687 2229 893 2270; x_wconf 90' lang='lat' dir='ltr'><strong>recusa</strong></span> <span class='ocrx_word' id='word_1_241' title='bbox 912 2211 1139 2286; x_wconf 88' lang='lat' dir='ltr'><strong>prodiit</strong></span> <span class='ocrx_word' id='word_1_242' title='bbox 1168 2211 1232 2269; x_wconf 93' lang='lat' dir='ltr'><strong>in</strong></span> <span class='ocrx_word' id='word_1_243' title='bbox 1266 2210 1605 2270; x_wconf 82' lang='lat' dir='ltr'><strong>Gallandi</strong></span> <span class='ocrx_word' id='word_1_244' title='bbox 1635 2211 1783 2270; x_wconf 89' lang='lat' dir='ltr'><strong>bibl.</strong></span> <span class='ocrx_word' id='word_1_245' title='bbox 1841 2231 1914 2272; x_wconf 89' lang='lat' dir='ltr'><strong>ne</strong></span> <span class='ocrx_word' id='word_1_246' title='bbox 1932 2207 1996 2291; x_wconf 88' lang='lat'><strong>¹),</strong></span> <span class='ocrx_word' id='word_1_247' title='bbox 2034 2230 2183 2286; x_wconf 90' lang='lat' dir='ltr'><strong>quae</strong></span> <span class='ocrx_word' id='word_1_248' title='bbox 2202 2212 2357 2271; x_wconf 89' lang='lat' dir='ltr'><strong>tanti</strong></span> <span class='ocrx_word' id='word_1_249' title='bbox 2375 2212 2529 2271; x_wconf 87' lang='lat' dir='ltr'><strong>sacta</strong></span> <span class='ocrx_word' id='word_1_250' title='bbox 2551 2215 2712 2284; x_wconf 89' lang='lat' dir='ltr'><strong>sunt,</strong></span> <span class='ocrx_word' id='word_1_251' title='bbox 2747 2214 2820 2271; x_wconf 88' lang='lat' dir='ltr'><strong>ut</strong></span> <span class='ocrx_word' id='word_1_252' title='bbox 2850 2214 2955 2272; x_wconf 87' lang='lat' dir='ltr'><strong>illa</strong></span> <span class='ocrx_word' id='word_1_253' title='bbox 2984 2216 3126 2289; x_wconf 86' lang='lat' dir='ltr'><strong>post</strong></span> 
     </span>
     <span class='ocr_line' id='line_1_24' title="bbox 499 2300 3122 2378; baseline 0.001 -22"><span class='ocrx_word' id='word_1_254' title='bbox 499 2300 611 2359; x_wconf 92' lang='lat' dir='ltr'><strong>PP.</strong></span> <span class='ocrx_word' id='word_1_255' title='bbox 643 2301 711 2371; x_wconf 88' lang='lat' dir='ltr'><strong>V,</strong></span> <span class='ocrx_word' id='word_1_256' title='bbox 762 2309 885 2363; x_wconf 81' lang='lat'><strong>457</strong></span> <span class='ocrx_word' id='word_1_257' title='bbox 904 2309 1145 2371; x_wconf 78' lang='lat'>—675;</span> <span class='ocrx_word' id='word_1_258' title='bbox 1194 2300 1447 2377; x_wconf 84' lang='lat' dir='ltr'><strong>Migne</strong></span> <span class='ocrx_word' id='word_1_259' title='bbox 1481 2300 1541 2359; x_wconf 89' lang='lat' dir='ltr'><strong>P.</strong></span> <span class='ocrx_word' id='word_1_260' title='bbox 1572 2300 1636 2359; x_wconf 91' lang='lat' dir='ltr'><strong>L.</strong></span> <span class='ocrx_word' id='word_1_261' title='bbox 1671 2300 1782 2370; x_wconf 85' lang='lat' dir='ltr'><strong>XI;</strong></span> <span class='ocrx_word' id='word_1_262' title='bbox 1841 2301 2149 2360; x_wconf 89' lang='lat' dir='ltr'><strong>lectionem</strong></span> <span class='ocrx_word' id='word_1_263' title='bbox 2172 2301 2615 2378; x_wconf 87' lang='lat' dir='ltr'><strong>Scripturarum</strong></span> <span class='ocrx_word' id='word_1_264' title='bbox 2636 2302 2874 2378; x_wconf 88' lang='lat' dir='ltr'><strong>publice</strong></span> <span class='ocrx_word' id='word_1_265' title='bbox 2904 2303 2969 2360; x_wconf 91' lang='lat' dir='ltr'><strong>in</strong></span> <span class='ocrx_word' id='word_1_266' title='bbox 2988 2302 3122 2377; x_wconf 89' lang='lat' dir='ltr'><strong>qui-</strong></span> 
     </span>
     <span class='ocr_line' id='line_1_25' title="bbox 500 2389 3124 2467; baseline 0.001 -21"><span class='ocrx_word' id='word_1_267' title='bbox 500 2390 660 2449; x_wconf 90' lang='lat' dir='ltr'><strong>inter</strong></span> <span class='ocrx_word' id='word_1_268' title='bbox 689 2389 976 2465; x_wconf 89' lang='lat' dir='ltr'><strong>opuscula</strong></span> <span class='ocrx_word' id='word_1_269' title='bbox 1007 2390 1225 2449; x_wconf 88' lang='lat' dir='ltr'><strong>selecta</strong></span> <span class='ocrx_word' id='word_1_270' title='bbox 1256 2389 1353 2448; x_wconf 89' lang='lat' dir='ltr'><strong>SS.</strong></span> <span class='ocrx_word' id='word_1_271' title='bbox 1387 2389 1499 2447; x_wconf 89' lang='lat' dir='ltr'><strong>PP.</strong></span> <span class='ocrx_word' id='word_1_272' title='bbox 1544 2409 1579 2448; x_wconf 93' lang='lat' dir='ltr'><strong>a</strong></span> <span class='ocrx_word' id='word_1_273' title='bbox 1616 2390 1785 2448; x_wconf 90' lang='lat' dir='ltr'><strong>nobis</strong></span> <span class='ocrx_word' id='word_1_274' title='bbox 1842 2390 2089 2448; x_wconf 87' lang='lat' dir='ltr'><strong>busdam</strong></span> <span class='ocrx_word' id='word_1_275' title='bbox 2122 2390 2387 2449; x_wconf 87' lang='lat' dir='ltr'><strong>ecclesiis</strong></span> <span class='ocrx_word' id='word_1_276' title='bbox 2424 2391 2837 2462; x_wconf 87' lang='lat' dir='ltr'><strong>recitarentur,</strong></span> <span class='ocrx_word' id='word_1_277' title='bbox 2886 2392 3124 2467; x_wconf 87' lang='lat' dir='ltr'><strong>hymni-</strong></span> 
     </span>
     <span class='ocr_line' id='line_1_26' title="bbox 500 2477 3124 2556; baseline 0 -20"><span class='ocrx_word' id='word_1_278' title='bbox 500 2478 659 2537; x_wconf 87' lang='lat' dir='ltr'><strong>edita</strong></span> <span class='ocrx_word' id='word_1_279' title='bbox 705 2481 746 2539; x_wconf 95' lang='lat' dir='ltr'><strong>t.</strong></span> <span class='ocrx_word' id='word_1_280' title='bbox 791 2479 860 2548; x_wconf 85' lang='lat' dir='ltr'><strong>X,</strong></span> <span class='ocrx_word' id='word_1_281' title='bbox 914 2477 1246 2556; x_wconf 86' lang='lat' dir='ltr'><strong>Oeniponte</strong></span> <span class='ocrx_word' id='word_1_282' title='bbox 1291 2487 1492 2547; x_wconf 82' lang='grc' dir='ltr'><strong>187ος</strong></span> <span class='ocrx_word' id='word_1_283' title='bbox 1543 2478 1783 2537; x_wconf 89' lang='lat' dir='ltr'><strong>demum</strong></span> <span class='ocrx_word' id='word_1_284' title='bbox 1840 2498 1955 2553; x_wconf 91' lang='lat' dir='ltr'><strong>que</strong></span> <span class='ocrx_word' id='word_1_285' title='bbox 1989 2480 2050 2537; x_wconf 92' lang='lat' dir='ltr'><strong>in</strong></span> <span class='ocrx_word' id='word_1_286' title='bbox 2085 2497 2131 2539; x_wconf 90' lang='lat' dir='ltr'><strong>s.</strong></span> <span class='ocrx_word' id='word_1_287' title='bbox 2163 2480 2470 2556; x_wconf 88' lang='lat' dir='ltr'><strong>liturgiam</strong></span> <span class='ocrx_word' id='word_1_288' title='bbox 2513 2483 2576 2538; x_wconf 93' lang='lat' dir='ltr'><strong>et</strong></span> <span class='ocrx_word' id='word_1_289' title='bbox 2606 2481 3000 2540; x_wconf 84' lang='lat' dir='ltr'><strong>ecclesiastica</strong></span> <span class='ocrx_word' id='word_1_290' title='bbox 3030 2498 3124 2538; x_wconf 90' lang='lat' dir='ltr'><strong>re-</strong></span> 
     </span>
     <span class='ocr_line' id='line_1_27' title="bbox 500 2567 3120 2645; baseline 0 -18"><span class='ocrx_word' id='word_1_291' title='bbox 500 2568 939 2628; x_wconf 87' lang='lat' dir='ltr'><strong>accuratissime</strong></span> <span class='ocrx_word' id='word_1_292' title='bbox 987 2571 1232 2629; x_wconf 84' lang='lat' dir='ltr'><strong>curante</strong></span> <span class='ocrx_word' id='word_1_293' title='bbox 1264 2567 1469 2638; x_wconf 83' lang='lat' dir='ltr'><strong>Ziwsa,</strong></span> <span class='ocrx_word' id='word_1_294' title='bbox 1521 2567 1783 2628; x_wconf 86' lang='lat' dir='ltr'><strong>Viennae</strong></span> <span class='ocrx_word' id='word_1_295' title='bbox 1837 2568 2178 2645; x_wconf 88' lang='lat' dir='ltr'><strong>ciperentur</strong></span> <span class='ocrx_word' id='word_1_296' title='bbox 2197 2568 2405 2629; x_wconf 88' lang='lat' dir='ltr'><strong>officia.</strong></span> <span class='ocrx_word' id='word_1_297' title='bbox 2440 2569 2769 2629; x_wconf 90' lang='lat' dir='ltr'><strong>Dolendum</strong></span> <span class='ocrx_word' id='word_1_298' title='bbox 2792 2572 2989 2630; x_wconf 86' lang='lat' dir='ltr'><strong>tamen</strong></span> <span class='ocrx_word' id='word_1_299' title='bbox 3011 2573 3120 2640; x_wconf 89' lang='lat' dir='ltr'><strong>est,</strong></span> 
     </span>
     <span class='ocr_line' id='line_1_28' title="bbox 509 2657 3124 2734; baseline -0 -15"><span class='ocrx_word' id='word_1_300' title='bbox 509 2667 694 2728; x_wconf 81' lang='lat'><strong>1893,</strong></span> <span class='ocrx_word' id='word_1_301' title='bbox 729 2658 795 2716; x_wconf 91' lang='lat' dir='ltr'><strong>in</strong></span> <span class='ocrx_word' id='word_1_302' title='bbox 825 2676 980 2733; x_wconf 89' lang='lat' dir='ltr'><strong>corp.</strong></span> <span class='ocrx_word' id='word_1_303' title='bbox 1015 2677 1124 2717; x_wconf 89' lang='lat' dir='ltr'><strong>scr.</strong></span> <span class='ocrx_word' id='word_1_304' title='bbox 1158 2662 1202 2717; x_wconf 86' lang='lat' dir='ltr'><strong>t.</strong></span> <span class='ocrx_word' id='word_1_305' title='bbox 1235 2657 1437 2716; x_wconf 83' lang='lat' dir='ltr'>XXVI.</span> <span class='ocrx_word' id='word_1_306' title='bbox 1838 2676 1908 2716; x_wconf 86' lang='lat' dir='ltr'><strong>ex</strong></span> <span class='ocrx_word' id='word_1_307' title='bbox 1955 2659 2084 2733; x_wconf 86' lang='lat' dir='ltr'><strong>ejus</strong></span> <span class='ocrx_word' id='word_1_308' title='bbox 2124 2658 2403 2734; x_wconf 84' lang='lat' dir='ltr'><strong>operibus</strong></span> <span class='ocrx_word' id='word_1_309' title='bbox 2436 2677 2555 2717; x_wconf 88' lang='lat' dir='ltr'><strong>non</strong></span> <span class='ocrx_word' id='word_1_310' title='bbox 2587 2660 2779 2718; x_wconf 90' lang='lat' dir='ltr'><strong>multa</strong></span> <span class='ocrx_word' id='word_1_311' title='bbox 2809 2659 3013 2718; x_wconf 88' lang='lat' dir='ltr'><strong>baberi</strong></span> <span class='ocrx_word' id='word_1_312' title='bbox 3057 2659 3124 2718; x_wconf 91' lang='lat' dir='ltr'><strong>in</strong></span> 
     </span>
     <span class='ocr_line' id='line_1_29' title="bbox 1840 2747 3123 2824; baseline 0.002 -20"><span class='ocrx_word' id='word_1_313' title='bbox 1840 2747 2046 2823; x_wconf 83' lang='lat' dir='ltr'><strong>lingua</strong></span> <span class='ocrx_word' id='word_1_314' title='bbox 2077 2747 2372 2824; x_wconf 87' lang='lat' dir='ltr'><strong>originali,</strong></span> <span class='ocrx_word' id='word_1_315' title='bbox 2423 2748 2526 2806; x_wconf 86' lang='lat' dir='ltr'><strong>sed</strong></span> <span class='ocrx_word' id='word_1_316' title='bbox 2572 2748 2634 2806; x_wconf 90' lang='lat' dir='ltr'><strong>in</strong></span> <span class='ocrx_word' id='word_1_317' title='bbox 2685 2748 2957 2807; x_wconf 85' lang='lat' dir='ltr'><strong>versione</strong></span> <span class='ocrx_word' id='word_1_318' title='bbox 2989 2750 3123 2806; x_wconf 89' lang='lat' dir='ltr'><strong>tan-</strong></span> 
     </span>
     <span class='ocr_line' id='line_1_30' title="bbox 598 2835 3125 2912; baseline -0.001 -14"><span class='ocrx_word' id='word_1_319' title='bbox 598 2847 734 2900; x_wconf 86' lang='lat'><strong>106.</strong></span> <span class='ocrx_word' id='word_1_320' title='bbox 766 2835 1058 2895; x_wconf 87' lang='lat' dir='ltr'><strong>Inclaruit</strong></span> <span class='ocrx_word' id='word_1_321' title='bbox 1089 2835 1199 2895; x_wconf 89' lang='lat' dir='ltr'><strong>hoc</strong></span> <span class='ocrx_word' id='word_1_322' title='bbox 1231 2835 1430 2895; x_wconf 89' lang='lat' dir='ltr'><strong>seculo</strong></span> <span class='ocrx_word' id='word_1_323' title='bbox 1458 2855 1637 2911; x_wconf 84' lang='lat' dir='ltr'><strong>quam</strong></span> <span class='ocrx_word' id='word_1_324' title='bbox 1656 2855 1781 2894; x_wconf 89' lang='lat' dir='ltr'><strong>ma·</strong></span> <span class='ocrx_word' id='word_1_325' title='bbox 1837 2838 1997 2893; x_wconf 88' lang='lat' dir='ltr'><strong>tum:</strong></span> <span class='ocrx_word' id='word_1_326' title='bbox 2044 2855 2181 2894; x_wconf 88' lang='lat' dir='ltr'><strong>nam</strong></span> <span class='ocrx_word' id='word_1_327' title='bbox 2227 2836 2371 2895; x_wconf 88' lang='lat' dir='ltr'><strong>olim</strong></span> <span class='ocrx_word' id='word_1_328' title='bbox 2412 2838 2535 2912; x_wconf 89' lang='lat' dir='ltr'><strong>jam</strong></span> <span class='ocrx_word' id='word_1_329' title='bbox 2579 2855 2752 2896; x_wconf 82' lang='lat' dir='ltr'><strong>versa</strong></span> <span class='ocrx_word' id='word_1_330' title='bbox 2782 2838 3031 2897; x_wconf 86' lang='lat' dir='ltr'><strong>fuerunt</strong></span> <span class='ocrx_word' id='word_1_331' title='bbox 3063 2837 3125 2895; x_wconf 92' lang='lat' dir='ltr'><strong>in</strong></span> 
     </span>
     <span class='ocr_line' id='line_1_31' title="bbox 498 2924 3124 3002; baseline 0.001 -19"><span class='ocrx_word' id='word_1_332' title='bbox 498 2925 653 2983; x_wconf 86' lang='lat' dir='ltr'><strong>xime</strong></span> <span class='ocrx_word' id='word_1_333' title='bbox 685 2926 947 2984; x_wconf 86' lang='lat' dir='ltr'><strong>Ecclesia</strong></span> <span class='ocrx_word' id='word_1_334' title='bbox 976 2926 1041 2983; x_wconf 89' lang='lat' dir='ltr'><strong>in</strong></span> <span class='ocrx_word' id='word_1_335' title='bbox 1073 2925 1344 3000; x_wconf 86' lang='lat' dir='ltr'><strong>partibus</strong></span> <span class='ocrx_word' id='word_1_336' title='bbox 1379 2924 1598 3000; x_wconf 77' lang='lat' dir='ltr'><strong>Syriae,</strong></span> <span class='ocrx_word' id='word_1_337' title='bbox 1638 2925 1782 2983; x_wconf 88' lang='lat' dir='ltr'><strong>adeo</strong></span> <span class='ocrx_word' id='word_1_338' title='bbox 1838 2925 2106 3000; x_wconf 88' lang='lat' dir='ltr'><strong>linguam</strong></span> <span class='ocrx_word' id='word_1_339' title='bbox 2139 2944 2455 2996; x_wconf 88' lang='lat' dir='ltr'><strong>armenam,</strong></span> <span class='ocrx_word' id='word_1_340' title='bbox 2490 2926 2797 3001; x_wconf 85' lang='lat' dir='ltr'><strong>copticam,</strong></span> <span class='ocrx_word' id='word_1_341' title='bbox 2833 2927 3124 3002; x_wconf 85' lang='lat' dir='ltr'><strong>aethiopi·</strong></span> 
     </span>
     <span class='ocr_line' id='line_1_32' title="bbox 499 3014 3122 3092; baseline 0.001 -21"><span class='ocrx_word' id='word_1_342' title='bbox 499 3016 569 3071; x_wconf 90' lang='lat' dir='ltr'><strong>ut</strong></span> <span class='ocrx_word' id='word_1_343' title='bbox 602 3033 781 3073; x_wconf 88' lang='lat' dir='ltr'><strong>aurea</strong></span> <span class='ocrx_word' id='word_1_344' title='bbox 812 3015 1074 3090; x_wconf 86' lang='lat' dir='ltr'><strong>coeperit</strong></span> <span class='ocrx_word' id='word_1_345' title='bbox 1094 3014 1400 3072; x_wconf 90' lang='lat' dir='ltr'><strong>literarum</strong></span> <span class='ocrx_word' id='word_1_346' title='bbox 1422 3014 1783 3090; x_wconf 84' lang='lat' dir='ltr'><strong>syriacarum</strong></span> <span class='ocrx_word' id='word_1_347' title='bbox 1839 3031 1982 3084; x_wconf 87' lang='lat' dir='ltr'><strong>cam,</strong></span> <span class='ocrx_word' id='word_1_348' title='bbox 2031 3014 2320 3072; x_wconf 88' lang='lat' dir='ltr'><strong>arabicam</strong></span> <span class='ocrx_word' id='word_1_349' title='bbox 2359 3017 2420 3072; x_wconf 89' lang='lat' dir='ltr'><strong>et</strong></span> <span class='ocrx_word' id='word_1_350' title='bbox 2450 3015 2800 3091; x_wconf 86' lang='lat' dir='ltr'><strong>praesertim</strong></span> <span class='ocrx_word' id='word_1_351' title='bbox 2831 3033 3122 3092; x_wconf 86' lang='lat' dir='ltr'><strong>graecam.</strong></span> 
     </span>
     <span class='ocr_line' id='line_1_33' title="bbox 501 3101 3123 3180; baseline 0 -18"><span class='ocrx_word' id='word_1_352' title='bbox 501 3106 681 3161; x_wconf 80' lang='lat' dir='ltr'><strong>aetas.</strong></span> <span class='ocrx_word' id='word_1_353' title='bbox 747 3104 893 3162; x_wconf 88' lang='lat' dir='ltr'><strong>Prae</strong></span> <span class='ocrx_word' id='word_1_354' title='bbox 932 3103 1207 3161; x_wconf 90' lang='lat' dir='ltr'><strong>omnibus</strong></span> <span class='ocrx_word' id='word_1_355' title='bbox 1238 3105 1437 3161; x_wconf 85' lang='lat' dir='ltr'><strong>autem</strong></span> <span class='ocrx_word' id='word_1_356' title='bbox 1470 3102 1782 3161; x_wconf 88' lang='lat' dir='ltr'><strong>nominan-</strong></span> <span class='ocrx_word' id='word_1_357' title='bbox 1838 3101 2006 3171; x_wconf 83' lang='lat' dir='ltr'><strong>Quod</strong></span> <span class='ocrx_word' id='word_1_358' title='bbox 2051 3121 2192 3161; x_wconf 82' lang='lat' dir='ltr'><strong>vero</strong></span> <span class='ocrx_word' id='word_1_359' title='bbox 2238 3121 2283 3160; x_wconf 80' lang='lat' dir='ltr'><strong>s,</strong></span> <span class='ocrx_word' id='word_1_360' title='bbox 2315 3104 2838 3180; x_wconf 80' lang='lat' dir='ltr'><strong>Hieronymus</strong></span> <span class='ocrx_word' id='word_1_361' title='bbox 2870 3104 2943 3162; x_wconf 88' lang='lat' dir='ltr'><strong>de</strong></span> <span class='ocrx_word' id='word_1_362' title='bbox 2975 3104 3123 3163; x_wconf 83' lang='lat' dir='ltr'><strong>viris</strong></span> 
     </span>
     <span class='ocr_line' id='line_1_34' title="bbox 500 3189 3126 3269; baseline 0.001 -20"><span class='ocrx_word' id='word_1_363' title='bbox 500 3189 613 3249; x_wconf 87' lang='lat' dir='ltr'><strong>dus</strong></span> <span class='ocrx_word' id='word_1_364' title='bbox 663 3194 756 3251; x_wconf 88' lang='lat' dir='ltr'><strong>est</strong></span> <span class='ocrx_word' id='word_1_365' title='bbox 815 3211 861 3256; x_wconf 85' lang='lat' dir='ltr'><strong>s.</strong></span> <span class='ocrx_word' id='word_1_366' title='bbox 922 3192 1325 3267; x_wconf 89' lang='lat' dir='ltr'><strong>Ephraem‚</strong></span> <span class='ocrx_word' id='word_1_367' title='bbox 1390 3195 1781 3268; x_wconf 85' lang='lat' dir='ltr'><strong>cognomento</strong></span> <span class='ocrx_word' id='word_1_368' title='bbox 1839 3192 1922 3249; x_wconf 90' lang='lat' dir='ltr'><strong>ill.</strong></span> <span class='ocrx_word' id='word_1_369' title='bbox 1956 3210 2002 3250; x_wconf 87' lang='lat' dir='ltr'><strong>c.</strong></span> <span class='ocrx_word' id='word_1_370' title='bbox 2031 3202 2151 3254; x_wconf 89' lang='lat'><strong>115</strong></span> <span class='ocrx_word' id='word_1_371' title='bbox 2186 3193 2479 3252; x_wconf 86' lang='lat' dir='ltr'><strong>testatur:</strong></span> <span class='ocrx_word' id='word_1_372' title='bbox 2516 3193 2703 3269; x_wconf 82' lang='lat' dir='ltr'><strong>,Legi</strong></span> <span class='ocrx_word' id='word_1_373' title='bbox 2738 3194 2868 3268; x_wconf 90' lang='lat' dir='ltr'><strong>ejus</strong></span> <span class='ocrx_word' id='word_1_374' title='bbox 2899 3194 2970 3251; x_wconf 76' lang='lat' dir='ltr'><strong>de</strong></span> <span class='ocrx_word' id='word_1_375' title='bbox 2991 3193 3126 3268; x_wconf 83' lang='lat' dir='ltr'><strong>Spi-</strong></span> 
     </span>
     <span class='ocr_line' id='line_1_35' title="bbox 500 3280 1782 3356; baseline -0.001 -17"><span class='ocrx_word' id='word_1_376' title='bbox 500 3280 702 3356; x_wconf 88' lang='lat' dir='ltr'><strong>Syrus‚</strong></span> <span class='ocrx_word' id='word_1_377' title='bbox 750 3282 854 3356; x_wconf 93' lang='lat' dir='ltr'><strong>qui</strong></span> <span class='ocrx_word' id='word_1_378' title='bbox 900 3283 1129 3338; x_wconf 82' lang='lat' dir='ltr'><strong>tantam</strong></span> <span class='ocrx_word' id='word_1_379' title='bbox 1174 3280 1331 3356; x_wconf 86' lang='lat' dir='ltr'><strong>apud</strong></span> <span class='ocrx_word' id='word_1_380' title='bbox 1378 3298 1516 3339; x_wconf 90' lang='lat' dir='ltr'><strong>suos</strong></span> <span class='ocrx_word' id='word_1_381' title='bbox 1564 3281 1782 3339; x_wconf 89' lang='lat' dir='ltr'><strong>sancti-</strong></span> 
     </span>
     <span class='ocr_line' id='line_1_36' title="bbox 498 3368 1778 3445; baseline 0.001 -19"><span class='ocrx_word' id='word_1_382' title='bbox 498 3369 729 3428; x_wconf 89' lang='lat' dir='ltr'><strong>moniae</strong></span> <span class='ocrx_word' id='word_1_383' title='bbox 760 3373 821 3428; x_wconf 93' lang='lat' dir='ltr'><strong>et</strong></span> <span class='ocrx_word' id='word_1_384' title='bbox 838 3370 1142 3428; x_wconf 87' lang='lat' dir='ltr'><strong>doctrinae</strong></span> <span class='ocrx_word' id='word_1_385' title='bbox 1163 3368 1375 3427; x_wconf 87' lang='lat' dir='ltr'><strong>famam</strong></span> <span class='ocrx_word' id='word_1_386' title='bbox 1398 3369 1648 3445; x_wconf 86' lang='lat' dir='ltr'><strong>adeptus</strong></span> <span class='ocrx_word' id='word_1_387' title='bbox 1669 3371 1778 3437; x_wconf 87' lang='lat' dir='ltr'><strong>est,</strong></span> 
     </span>
     <span class='ocr_line' id='line_1_37' title="bbox 499 3433 3127 3566; baseline 0 -51"><span class='ocrx_word' id='word_1_388' title='bbox 499 3462 571 3515; x_wconf 90' lang='lat' dir='ltr'><strong>ut</strong></span> <span class='ocrx_word' id='word_1_389' title='bbox 602 3457 879 3532; x_wconf 88' lang='lat' dir='ltr'><strong>,Spiritus</strong></span> <span class='ocrx_word' id='word_1_390' title='bbox 913 3476 959 3520; x_wconf 91' lang='lat' dir='ltr'><strong>s.</strong></span> <span class='ocrx_word' id='word_1_391' title='bbox 992 3458 1232 3526; x_wconf 87' lang='lat' dir='ltr'><strong>cithara,</strong></span> <span class='ocrx_word' id='word_1_392' title='bbox 1266 3464 1327 3515; x_wconf 89' lang='lat' dir='ltr'><strong>et</strong></span> <span class='ocrx_word' id='word_1_393' title='bbox 1357 3457 1652 3516; x_wconf 87' lang='lat' dir='ltr'><strong>Ecclesiae</strong></span> <span class='ocrx_word' id='word_1_394' title='bbox 1685 3475 1780 3516; x_wconf 88' lang='lat' dir='ltr'><strong>co·</strong></span> <span class='ocrx_word' id='word_1_395' title='bbox 1837 3433 2085 3557; x_wconf 40' lang='lat' dir='ltr'>&amp;11¹2ng</span> <span class='ocrx_word' id='word_1_396' title='bbox 2102 3433 2622 3566; x_wconf 48' lang='grc' dir='ltr'><strong>Ῑθχέᾝζῖηῗῖέὲῗέθ</strong></span> <span class='ocrx_word' id='word_1_397' title='bbox 2656 3432 3127 3561; x_wconf 50' lang='grc' dir='ltr'><strong>ἳξέδὸῑξῖθιὲῗξῗ</strong></span> 
     </span>
     <span class='ocr_line' id='line_1_38' title="bbox 498 3545 3127 3640; baseline 0.003 -18"><span class='ocrx_word' id='word_1_398' title='bbox 498 3545 721 3617; x_wconf 71' lang='lat' dir='ltr'><strong>lamna,</strong></span> <span class='ocrx_word' id='word_1_399' title='bbox 751 3547 941 3605; x_wconf 74' lang='lat' dir='ltr'><strong>totius</strong></span> <span class='ocrx_word' id='word_1_400' title='bbox 974 3546 1134 3604; x_wconf 83' lang='lat' dir='ltr'><strong>orbis</strong></span> <span class='ocrx_word' id='word_1_401' title='bbox 1168 3545 1373 3604; x_wconf 60' lang='lat' dir='ltr'><strong>&lt;100ssOE</strong></span> <span class='ocrx_word' id='word_1_402' title='bbox 1403 3549 1465 3604; x_wconf 74' lang='lat'><strong>0¹⁵</strong></span> <span class='ocrx_word' id='word_1_403' title='bbox 1496 3546 1782 3622; x_wconf 83' lang='lat' dir='ltr'><strong>Syrorum</strong></span> <span class='ocrx_word' id='word_1_404' title='bbox 1838 3576 2049 3629; x_wconf 80' lang='lat' dir='ltr'><strong>laudi</strong></span> <span class='ocrx_word' id='word_1_405' title='bbox 2094 3575 2233 3629; x_wconf 85' lang='lat' dir='ltr'><strong>bibl.</strong></span> <span class='ocrx_word' id='word_1_406' title='bbox 2279 3576 2346 3640; x_wconf 87' lang='lat' dir='ltr'><strong>V,</strong></span> <span class='ocrx_word' id='word_1_407' title='bbox 2403 3577 2488 3628; x_wconf 90' lang='lat'><em>1</em></span> <span class='ocrx_word' id='word_1_408' title='bbox 2501 3576 2750 3631; x_wconf 67' lang='lat' dir='ltr'><strong>[an-</strong></span> <span class='ocrx_word' id='word_1_409' title='bbox 2795 3592 2991 3630; x_wconf 70' lang='lat' dir='ltr'><strong>verum</strong></span> <span class='ocrx_word' id='word_1_410' title='bbox 3035 3578 3127 3631; x_wconf 87' lang='lat' dir='ltr'><strong>w</strong></span> 
     </span>
     <span class='ocr_line' id='line_1_39' title="bbox 499 3635 3127 3719; baseline 0.004 -27"><span class='ocrx_word' id='word_1_411' title='bbox 499 3636 805 3710; x_wconf 86' lang='lat' dir='ltr'><strong>propheta‘</strong></span> <span class='ocrx_word' id='word_1_412' title='bbox 838 3635 1044 3693; x_wconf 88' lang='lat' dir='ltr'><strong>audire</strong></span> <span class='ocrx_word' id='word_1_413' title='bbox 1074 3636 1362 3693; x_wconf 88' lang='lat' dir='ltr'><strong>meruerit</strong></span> <span class='ocrx_word' id='word_1_414' title='bbox 1374 3635 1440 3710; x_wconf 83' lang='lat'><strong>²).</strong></span> <span class='ocrx_word' id='word_1_415' title='bbox 1501 3636 1585 3692; x_wconf 93' lang='lat' dir='ltr'><strong>De</strong></span> <span class='ocrx_word' id='word_1_416' title='bbox 1623 3636 1782 3694; x_wconf 85' lang='lat' dir='ltr'><strong>vitae</strong></span> <span class='ocrx_word' id='word_1_417' title='bbox 1839 3646 2046 3719; x_wconf 87' lang='lat' dir='ltr'><strong>Wrig</strong></span> <span class='ocrx_word' id='word_1_418' title='bbox 2060 3648 2143 3700; x_wconf 86' lang='lat' dir='ltr'><strong>ht</strong></span> <span class='ocrx_word' id='word_1_419' title='bbox 2205 3647 2484 3711; x_wconf 84' lang='lat' dir='ltr'><strong>ostendit,</strong></span> <span class='ocrx_word' id='word_1_420' title='bbox 2561 3664 2656 3701; x_wconf 85' lang='lat' dir='ltr'><strong>eos</strong></span> <span class='ocrx_word' id='word_1_421' title='bbox 2732 3664 2849 3701; x_wconf 82' lang='lat' dir='ltr'><strong>esse</strong></span> <span class='ocrx_word' id='word_1_422' title='bbox 2925 3647 3127 3703; x_wconf 81' lang='lat' dir='ltr'><strong>Jacobi</strong></span> 
     </span>
     <span class='ocr_line' id='line_1_40' title="bbox 499 3718 3128 3844; baseline 0.002 -62"><span class='ocrx_word' id='word_1_423' title='bbox 499 3724 627 3798; x_wconf 90' lang='lat' dir='ltr'><strong>ejus</strong></span> <span class='ocrx_word' id='word_1_424' title='bbox 674 3723 813 3782; x_wconf 83' lang='lat' dir='ltr'><strong>fatis</strong></span> <span class='ocrx_word' id='word_1_425' title='bbox 860 3743 1071 3799; x_wconf 87' lang='lat' dir='ltr'><strong>parum</strong></span> <span class='ocrx_word' id='word_1_426' title='bbox 1109 3724 1254 3783; x_wconf 90' lang='lat' dir='ltr'><strong>certi</strong></span> <span class='ocrx_word' id='word_1_427' title='bbox 1288 3723 1522 3782; x_wconf 74' lang='lat' dir='ltr'><strong>scimuS.</strong></span> <span class='ocrx_word' id='word_1_428' title='bbox 1585 3724 1780 3782; x_wconf 85' lang='lat' dir='ltr'><strong>Natus</strong></span> <span class='ocrx_word' id='word_1_429' title='bbox 1837 3719 2276 3844; x_wconf 54' lang='lat' dir='ltr'><strong>Aighraasslss</strong></span> <span class='ocrx_word' id='word_1_430' title='bbox 2306 3719 2375 3772; x_wconf 72' lang='grc' dir='ltr'><strong>(Ῑθ</strong></span> <span class='ocrx_word' id='word_1_431' title='bbox 2403 3737 2516 3787; x_wconf 87' lang='lat' dir='ltr'><strong>quo</strong></span> <span class='ocrx_word' id='word_1_432' title='bbox 2537 3734 2686 3773; x_wconf 81' lang='lat' dir='ltr'><strong>mox.</strong></span> <span class='ocrx_word' id='word_1_433' title='bbox 2708 3718 2896 3788; x_wconf 65' lang='lat' dir='ltr'><strong>Hujus</strong></span> <span class='ocrx_word' id='word_1_434' title='bbox 2921 3719 3128 3774; x_wconf 61' lang='lat' dir='ltr'><strong>Jacol‘l</strong></span> 
     </span>
     <span class='ocr_line' id='line_1_41' title="bbox 499 3789 3127 3883; baseline 0 -39"><span class='ocrx_word' id='word_1_435' title='bbox 499 3811 740 3871; x_wconf 63' lang='lat' dir='ltr'><strong>videtur</strong></span> <span class='ocrx_word' id='word_1_436' title='bbox 786 3813 938 3872; x_wconf 61' lang='lat' dir='ltr'><strong>cirea</strong></span> <span class='ocrx_word' id='word_1_437' title='bbox 982 3833 1031 3872; x_wconf 60' lang='lat' dir='ltr'>a</span> <span class='ocrx_word' id='word_1_438' title='bbox 1068 3822 1213 3883; x_wconf 71' lang='lat'><strong>306</strong></span> <span class='ocrx_word' id='word_1_439' title='bbox 1261 3832 1381 3871; x_wconf 72' lang='lat' dir='ltr'><strong>non</strong></span> <span class='ocrx_word' id='word_1_440' title='bbox 1428 3815 1616 3871; x_wconf 58' lang='lat' dir='ltr'><strong>antea</strong></span> <span class='ocrx_word' id='word_1_441' title='bbox 1680 3814 1780 3871; x_wconf 69' lang='lat' dir='ltr'><strong>Pie</strong></span> <span class='ocrx_word' id='word_1_442' title='bbox 1944 3791 1986 3844; x_wconf 90' lang='lat' dir='ltr'><strong>il</strong></span> <span class='ocrx_word' id='word_1_443' title='bbox 2013 3790 2244 3844; x_wconf 83' lang='lat' dir='ltr'><strong>videtur</strong></span> <span class='ocrx_word' id='word_1_444' title='bbox 2270 3808 2335 3842; x_wconf 88' lang='lat' dir='ltr'><strong>su</strong></span> <span class='ocrx_word' id='word_1_445' title='bbox 2339 3807 2576 3860; x_wconf 86' lang='lat' dir='ltr'><strong>p.eresse</strong></span> <span class='ocrx_word' id='word_1_446' title='bbox 2604 3789 2822 3843; x_wconf 80' lang='lat' dir='ltr'><strong>Tantae</strong></span> <span class='ocrx_word' id='word_1_447' title='bbox 2840 3790 3127 3860; x_wconf 86' lang='lat' dir='ltr'><strong>fuitapud</strong></span> 
     </span>
    </p>
   </div>
   <div class='ocr_carea' id='block_1_3' title="bbox 499 3861 3129 4003">
    <p class='ocr_par' dir='ltr' id='par_1_3' title="bbox 499 3861 3129 4003">
     <span class='ocr_line' id='line_1_42' title="bbox 499 3861 3129 4003; baseline 0.011 -45"><span class='ocrx_word' id='word_1_448' title='bbox 499 3900 785 3960; x_wconf 86' lang='lat' dir='ltr'><strong>educatus</strong></span> <span class='ocrx_word' id='word_1_449' title='bbox 813 3922 862 3965; x_wconf 87' lang='lat' dir='ltr'><strong>a.</strong></span> <span class='ocrx_word' id='word_1_450' title='bbox 884 3902 1096 3961; x_wconf 86' lang='lat' dir='ltr'><strong>aetatis</strong></span> <span class='ocrx_word' id='word_1_451' title='bbox 1124 3912 1218 3964; x_wconf 83' lang='lat'><strong>18.</strong></span> <span class='ocrx_word' id='word_1_452' title='bbox 1249 3902 1585 3977; x_wconf 89' lang='lat' dir='ltr'><strong>baptizatus</strong></span> <span class='ocrx_word' id='word_1_453' title='bbox 1615 3902 1779 3960; x_wconf 83' lang='lat' dir='ltr'><strong>vide·</strong></span> <span class='ocrx_word' id='word_1_454' title='bbox 1837 3861 2914 4002; x_wconf 46' lang='grc' dir='ltr'><strong>Ξέἑίζὲᾟὲθρέὲὶῃέξῗῇἒωζθιρξεῖ</strong></span> <span class='ocrx_word' id='word_1_455' title='bbox 2908 3862 3129 4003; x_wconf 42' lang='lat'><strong>{3138</strong></span> 
     </span>
    </p>
   </div>
   <div class='ocr_carea' id='block_1_4' title="bbox 498 3990 3127 4229">
    <p class='ocr_par' dir='ltr' id='par_1_4' title="bbox 498 3990 3127 4229">
     <span class='ocr_line' id='line_1_43' title="bbox 500 3990 3127 4067; baseline 0.003 -20"><span class='ocrx_word' id='word_1_456' title='bbox 500 3993 617 4048; x_wconf 88' lang='lat' dir='ltr'><strong>tur.</strong></span> <span class='ocrx_word' id='word_1_457' title='bbox 668 3995 717 4048; x_wconf 87' lang='lat' dir='ltr'>A</span> <span class='ocrx_word' id='word_1_458' title='bbox 744 3992 1064 4067; x_wconf 68' lang='lat' dir='ltr'><strong>Juventute</strong></span> <span class='ocrx_word' id='word_1_459' title='bbox 1095 3991 1281 4049; x_wconf 85' lang='lat' dir='ltr'><strong>vitam</strong></span> <span class='ocrx_word' id='word_1_460' title='bbox 1301 3990 1557 4059; x_wconf 86' lang='lat' dir='ltr'><strong>lectioni,</strong></span> <span class='ocrx_word' id='word_1_461' title='bbox 1592 3992 1779 4050; x_wconf 87' lang='lat' dir='ltr'><strong>medi·</strong></span> <span class='ocrx_word' id='word_1_462' title='bbox 1836 4005 1899 4057; x_wconf 74' lang='lat' dir='ltr'><strong>in</strong></span> <span class='ocrx_word' id='word_1_463' title='bbox 1927 4006 2230 4059; x_wconf 67' lang='lat' dir='ltr'><strong>comment</strong></span> <span class='ocrx_word' id='word_1_464' title='bbox 2260 4004 2332 4056; x_wconf 77' lang='lat' dir='ltr'><strong>ad</strong></span> <span class='ocrx_word' id='word_1_465' title='bbox 2362 4002 2410 4057; x_wconf 87' lang='lat' dir='ltr'>G</span> <span class='ocrx_word' id='word_1_466' title='bbox 2429 4021 2457 4057; x_wconf 78' lang='lat' dir='ltr'><strong>e</strong></span> <span class='ocrx_word' id='word_1_467' title='bbox 2475 4023 2512 4057; x_wconf 82' lang='lat' dir='ltr'><strong>n</strong></span> <span class='ocrx_word' id='word_1_468' title='bbox 2532 4023 2568 4057; x_wconf 83' lang='lat' dir='ltr'><strong>n</strong></span> <span class='ocrx_word' id='word_1_469' title='bbox 2585 4021 2616 4057; x_wconf 78' lang='lat' dir='ltr'><strong>a</strong></span> <span class='ocrx_word' id='word_1_470' title='bbox 2635 4003 2745 4057; x_wconf 83' lang='lat' dir='ltr'><strong>dii</strong></span> <span class='ocrx_word' id='word_1_471' title='bbox 2773 4004 2843 4057; x_wconf 79' lang='lat' dir='ltr'><strong>de</strong></span> <span class='ocrx_word' id='word_1_472' title='bbox 2870 4005 3012 4059; x_wconf 76' lang='lat' dir='ltr'><strong>viris</strong></span> <span class='ocrx_word' id='word_1_473' title='bbox 3039 4004 3127 4058; x_wconf 83' lang='lat' dir='ltr'><strong>ill.</strong></span> 
     </span>
     <span class='ocr_line' id='line_1_44' title="bbox 498 4075 2743 4156; baseline 0 -21"><span class='ocrx_word' id='word_1_474' title='bbox 498 4079 712 4139; x_wconf 87' lang='lat' dir='ltr'><strong>tationi</strong></span> <span class='ocrx_word' id='word_1_475' title='bbox 746 4098 791 4142; x_wconf 87' lang='lat' dir='ltr'><strong>s</strong></span> <span class='ocrx_word' id='word_1_476' title='bbox 824 4081 1163 4156; x_wconf 77' lang='lat' dir='ltr'><strong>Scripturas</strong></span> <span class='ocrx_word' id='word_1_477' title='bbox 1195 4080 1555 4155; x_wconf 86' lang='lat' dir='ltr'><strong>pietatisque</strong></span> <span class='ocrx_word' id='word_1_478' title='bbox 1588 4081 1780 4156; x_wconf 90' lang='lat' dir='ltr'><strong>operi·</strong></span> <span class='ocrx_word' id='word_1_479' title='bbox 1838 4075 2297 4135; x_wconf 72' lang='lat' dir='ltr'><strong>0-1·Kaulen</strong></span> <span class='ocrx_word' id='word_1_480' title='bbox 2322 4075 2435 4128; x_wconf 86' lang='lat' dir='ltr'><strong>KL</strong></span> <span class='ocrx_word' id='word_1_481' title='bbox 2464 4075 2558 4136; x_wconf 91' lang='lat' dir='ltr'><strong>VI</strong></span> <span class='ocrx_word' id='word_1_482' title='bbox 2592 4078 2743 4132; x_wconf 82' lang='grc'><strong>1172-</strong></span> 
     </span>
     <span class='ocr_line' id='line_1_45' title="bbox 498 4146 3127 4229; baseline -0.001 -28"><span class='ocrx_word' id='word_1_483' title='bbox 498 4167 612 4227; x_wconf 68' lang='lat' dir='ltr'><strong>bus</strong></span> <span class='ocrx_word' id='word_1_484' title='bbox 633 4169 897 4229; x_wconf 58' lang='lat' dir='ltr'><strong>deditam</strong></span> <span class='ocrx_word' id='word_1_485' title='bbox 916 4169 1104 4228; x_wconf 61' lang='lat' dir='ltr'><strong>duxit</strong></span> <span class='ocrx_word' id='word_1_486' title='bbox 1138 4169 1318 4226; x_wconf 64' lang='lat' dir='ltr'><strong>carus</strong></span> <span class='ocrx_word' id='word_1_487' title='bbox 1339 4171 1468 4227; x_wconf 61' lang='lat' dir='ltr'>erat</span> <span class='ocrx_word' id='word_1_488' title='bbox 1499 4187 1543 4226; x_wconf 71' lang='lat'><strong>3</strong></span> <span class='ocrx_word' id='word_1_489' title='bbox 1563 4168 1782 4227; x_wconf 64' lang='lat' dir='ltr'>Jacobo</span> <span class='ocrx_word' id='word_1_490' title='bbox 1917 4149 1952 4217; x_wconf 86' lang='lat'><strong>¹)</strong></span> <span class='ocrx_word' id='word_1_491' title='bbox 1981 4146 2209 4198; x_wconf 87' lang='lat' dir='ltr'><strong>Dicitur</strong></span> <span class='ocrx_word' id='word_1_492' title='bbox 2234 4162 2402 4216; x_wconf 90' lang='lat' dir='ltr'><strong>porro</strong></span> <span class='ocrx_word' id='word_1_493' title='bbox 2424 4147 2557 4200; x_wconf 88' lang='lat' dir='ltr'><strong>circ</strong></span> <span class='ocrx_word' id='word_1_494' title='bbox 2547 4149 2651 4200; x_wconf 87' lang='lat' dir='ltr'><strong>ter</strong></span> <span class='ocrx_word' id='word_1_495' title='bbox 2671 4146 2865 4201; x_wconf 88' lang='lat' dir='ltr'><strong>tricies</strong></span> <span class='ocrx_word' id='word_1_496' title='bbox 2886 4149 3127 4200; x_wconf 83' lang='lat' dir='ltr'><strong>centena</strong></span> 
     </span>
    </p>
   </div>
   <div class='ocr_carea' id='block_1_5' title="bbox 498 4217 3132 4344">
    <p class='ocr_par' dir='ltr' id='par_1_5' title="bbox 498 4217 3132 4343">
     <span class='ocr_line' id='line_1_46' title="bbox 498 4217 3132 4338; baseline -0.01 -41"><span class='ocrx_word' id='word_1_497' title='bbox 498 4258 769 4317; x_wconf 65' lang='lat' dir='ltr'><strong>nisibeno</strong></span> <span class='ocrx_word' id='word_1_498' title='bbox 802 4254 1158 4338; x_wconf 74' lang='lat' dir='ltr'><strong>episcopo‘2),</strong></span> <span class='ocrx_word' id='word_1_499' title='bbox 1200 4258 1304 4332; x_wconf 65' lang='lat' dir='ltr'><strong>qui</strong></span> <span class='ocrx_word' id='word_1_500' title='bbox 1338 4276 1473 4316; x_wconf 68' lang='lat' dir='ltr'><strong>eum</strong></span> <span class='ocrx_word' id='word_1_501' title='bbox 1506 4259 1780 4316; x_wconf 61' lang='lat' dir='ltr'><strong>comitem</strong></span> <span class='ocrx_word' id='word_1_502' title='bbox 1838 4234 2107 4270; x_wconf 79' lang='lat' dir='ltr'><strong>versuum</strong></span> <span class='ocrx_word' id='word_1_503' title='bbox 2148 4220 2296 4287; x_wconf 76' lang='grc' dir='ltr'>(ἐπῶν</span> <span class='ocrx_word' id='word_1_504' title='bbox 2338 4218 2644 4288; x_wconf 76' lang='lat' dir='ltr'><strong>linearum)</strong></span> <span class='ocrx_word' id='word_1_505' title='bbox 2685 4217 2853 4271; x_wconf 81' lang='lat' dir='ltr'><strong>milia</strong></span> <span class='ocrx_word' id='word_1_506' title='bbox 2893 4218 2955 4269; x_wconf 87' lang='lat' dir='ltr'><strong>in</strong></span> <span class='ocrx_word' id='word_1_507' title='bbox 3001 4219 3132 4304; x_wconf 51' lang='lat' dir='ltr'><strong>uni-¹</strong></span> 
     </span>
     <span class='ocr_line' id='line_1_47' title="bbox 1838 4288 3126 4344; baseline -0.011 -3"><span class='ocrx_word' id='word_1_508' title='bbox 1838 4305 2064 4341; x_wconf 79' lang='lat' dir='ltr'><strong>versum</strong></span> <span class='ocrx_word' id='word_1_509' title='bbox 2093 4288 2200 4342; x_wconf 78' lang='lat' dir='ltr'><strong>scri</strong></span> <span class='ocrx_word' id='word_1_510' title='bbox 2245 4307 2269 4339; x_wconf 88' lang='lat' dir='ltr'><strong>s</strong></span> <span class='ocrx_word' id='word_1_511' title='bbox 2298 4291 2937 4343; x_wconf 73' lang='lat' dir='ltr'><strong>sse.“Sozome11ug</strong></span> <span class='ocrx_word' id='word_1_512' title='bbox 2965 4289 3033 4344; x_wconf 82' lang='lat' dir='ltr'><strong>H</strong></span> <span class='ocrx_word' id='word_1_513' title='bbox 3062 4289 3126 4342; x_wconf 82' lang='grc' dir='ltr'>Ε</span> 
     </span>
    </p>
   </div>
   <div class='ocr_carea' id='block_1_6' title="bbox 500 4359 3127 4784">
    <p class='ocr_par' dir='ltr' id='par_1_6' title="bbox 500 4359 3126 4784">
     <span class='ocr_line' id='line_1_48' title="bbox 1838 4359 3126 4442; baseline 0.002 -31"><span class='ocrx_word' id='word_1_514' title='bbox 1838 4359 1934 4424; x_wconf 95' lang='grc' dir='ltr'><strong>ΙΙΙ,</strong></span> <span class='ocrx_word' id='word_1_515' title='bbox 1969 4367 2049 4416; x_wconf 87' lang='grc'><strong>16.</strong></span> <span class='ocrx_word' id='word_1_516' title='bbox 2100 4359 2198 4412; x_wconf 84' lang='grc' dir='ltr'><strong>Μιι</strong></span> <span class='ocrx_word' id='word_1_517' title='bbox 2228 4365 2285 4411; x_wconf 68' lang='lat' dir='ltr'><strong>tn.</strong></span> <span class='ocrx_word' id='word_1_518' title='bbox 2313 4365 2504 4413; x_wconf 80' lang='lat' dir='ltr'><strong>tamen</strong></span> <span class='ocrx_word' id='word_1_519' title='bbox 2531 4360 2689 4412; x_wconf 82' lang='lat' dir='ltr'><strong>fuere</strong></span> <span class='ocrx_word' id='word_1_520' title='bbox 2725 4360 2778 4413; x_wconf 89' lang='lat' dir='ltr'><strong>ei</strong></span> <span class='ocrx_word' id='word_1_521' title='bbox 2797 4378 2914 4442; x_wconf 86' lang='lat' dir='ltr'><strong>sup</strong></span> <span class='ocrx_word' id='word_1_522' title='bbox 2960 4360 3126 4425; x_wconf 82' lang='lat' dir='ltr'><strong>osita‚</strong></span> 
     </span>
     <span class='ocr_line' id='line_1_49' title="bbox 1839 4430 3127 4498; baseline 0.002 -15"><span class='ocrx_word' id='word_1_523' title='bbox 1839 4448 1986 4498; x_wconf 84' lang='lat' dir='ltr'><strong>quae</strong></span> <span class='ocrx_word' id='word_1_524' title='bbox 2014 4435 2149 4484; x_wconf 88' lang='lat' dir='ltr'><strong>suut</strong></span> <span class='ocrx_word' id='word_1_525' title='bbox 2164 4430 2305 4484; x_wconf 79' lang='lat' dir='ltr'><strong>disci</strong></span> <span class='ocrx_word' id='word_1_526' title='bbox 2354 4431 2596 4492; x_wconf 84' lang='lat' dir='ltr'><strong>ulorum,</strong></span> <span class='ocrx_word' id='word_1_527' title='bbox 2622 4431 2713 4484; x_wconf 88' lang='lat' dir='ltr'><strong>vel</strong></span> <span class='ocrx_word' id='word_1_528' title='bbox 2732 4432 2908 4485; x_wconf 80' lang='lat' dir='ltr'><strong>etiam</strong></span> <span class='ocrx_word' id='word_1_529' title='bbox 2982 4436 3127 4486; x_wconf 88' lang='lat' dir='ltr'><strong>esto-</strong></span> 
     </span>
     <span class='ocr_line' id='line_1_50' title="bbox 577 4499 3126 4585; baseline 0.001 -31"><span class='ocrx_word' id='word_1_530' title='bbox 577 4503 614 4570; x_wconf 65' lang='lat'><strong>¹)</strong></span> <span class='ocrx_word' id='word_1_531' title='bbox 644 4499 684 4551; x_wconf 88' lang='lat' dir='ltr'>F</span> <span class='ocrx_word' id='word_1_532' title='bbox 703 4515 733 4553; x_wconf 89' lang='lat' dir='ltr'><strong>e</strong></span> <span class='ocrx_word' id='word_1_533' title='bbox 750 4519 774 4553; x_wconf 91' lang='lat' dir='ltr'><strong>s</strong></span> <span class='ocrx_word' id='word_1_534' title='bbox 790 4500 851 4553; x_wconf 94' lang='lat' dir='ltr'><strong>sl</strong></span> <span class='ocrx_word' id='word_1_535' title='bbox 868 4516 896 4552; x_wconf 89' lang='lat' dir='ltr'><strong>e</strong></span> <span class='ocrx_word' id='word_1_536' title='bbox 914 4518 975 4552; x_wconf 90' lang='lat' dir='ltr'><strong>r·</strong></span> <span class='ocrx_word' id='word_1_537' title='bbox 990 4499 1021 4551; x_wconf 86' lang='lat' dir='ltr'>J</span> <span class='ocrx_word' id='word_1_538' title='bbox 1042 4518 1079 4553; x_wconf 92' lang='grc' dir='ltr'><strong>ιι</strong></span> <span class='ocrx_word' id='word_1_539' title='bbox 1097 4519 1135 4552; x_wconf 88' lang='lat' dir='ltr'><strong>n</strong></span> <span class='ocrx_word' id='word_1_540' title='bbox 1152 4521 1189 4569; x_wconf 78' lang='lat' dir='ltr'><strong>g</strong></span> <span class='ocrx_word' id='word_1_541' title='bbox 1208 4518 1261 4552; x_wconf 88' lang='grc' dir='ltr'><strong>ιιι</strong></span> <span class='ocrx_word' id='word_1_542' title='bbox 1279 4517 1311 4551; x_wconf 84' lang='lat' dir='ltr'><strong>a</strong></span> <span class='ocrx_word' id='word_1_543' title='bbox 1330 4519 1366 4552; x_wconf 90' lang='grc' dir='ltr'><strong>ιι</strong></span> <span class='ocrx_word' id='word_1_544' title='bbox 1385 4519 1422 4552; x_wconf 88' lang='grc' dir='ltr'><strong>ιι</strong></span> <span class='ocrx_word' id='word_1_545' title='bbox 1451 4501 1500 4553; x_wconf 85' lang='grc' dir='ltr'><strong>ΙΙ</strong></span> <span class='ocrx_word' id='word_1_546' title='bbox 1527 4511 1553 4566; x_wconf 59' lang='grc' dir='ltr'><strong>ς</strong></span> <span class='ocrx_word' id='word_1_547' title='bbox 1585 4505 1701 4556; x_wconf 86' lang='grc'><strong>132.</strong></span> <span class='ocrx_word' id='word_1_548' title='bbox 1837 4502 2151 4566; x_wconf 86' lang='lat' dir='ltr'><strong>rianorum,</strong></span> <span class='ocrx_word' id='word_1_549' title='bbox 2180 4505 2246 4556; x_wconf 89' lang='lat' dir='ltr'><strong>ut</strong></span> <span class='ocrx_word' id='word_1_550' title='bbox 2327 4503 2545 4557; x_wconf 80' lang='lat' dir='ltr'><strong>arsetis.</strong></span> <span class='ocrx_word' id='word_1_551' title='bbox 2576 4503 2656 4556; x_wconf 89' lang='lat' dir='ltr'><strong>De</strong></span> <span class='ocrx_word' id='word_1_552' title='bbox 2673 4504 2958 4585; x_wconf 80' lang='lat' dir='ltr'><strong>operibus,</strong></span> <span class='ocrx_word' id='word_1_553' title='bbox 2977 4519 3126 4572; x_wconf 76' lang='lat' dir='ltr'><strong>quae</strong></span> 
     </span>
     <span class='ocr_line' id='line_1_51' title="bbox 576 4564 3124 4641; baseline 0.001 -15"><span class='ocrx_word' id='word_1_554' title='bbox 576 4564 614 4640; x_wconf 74' lang='lat' dir='ltr'><strong>²J</strong></span> <span class='ocrx_word' id='word_1_555' title='bbox 641 4569 675 4623; x_wconf 89' lang='lat' dir='ltr'>J</span> <span class='ocrx_word' id='word_1_556' title='bbox 692 4587 725 4623; x_wconf 84' lang='lat' dir='ltr'><strong>a</strong></span> <span class='ocrx_word' id='word_1_557' title='bbox 742 4591 771 4626; x_wconf 89' lang='lat' dir='ltr'><strong>c</strong></span> <span class='ocrx_word' id='word_1_558' title='bbox 788 4588 822 4625; x_wconf 90' lang='lat' dir='ltr'><strong>o</strong></span> <span class='ocrx_word' id='word_1_559' title='bbox 838 4571 874 4623; x_wconf 89' lang='lat' dir='ltr'><strong>b</strong></span> <span class='ocrx_word' id='word_1_560' title='bbox 893 4588 924 4624; x_wconf 94' lang='lat' dir='ltr'><strong>o</strong></span> <span class='ocrx_word' id='word_1_561' title='bbox 951 4571 1213 4626; x_wconf 83' lang='lat' dir='ltr'><strong>nisibeno</strong></span> <span class='ocrx_word' id='word_1_562' title='bbox 1242 4572 1511 4640; x_wconf 86' lang='lat' dir='ltr'><strong>episcopo</strong></span> <span class='ocrx_word' id='word_1_563' title='bbox 1538 4588 1691 4641; x_wconf 70' lang='lat' dir='ltr'><strong>maga</strong></span> <span class='ocrx_word' id='word_1_564' title='bbox 1681 4588 1782 4624; x_wconf 81' lang='lat' dir='ltr'><strong>nae</strong></span> <span class='ocrx_word' id='word_1_565' title='bbox 1837 4574 2028 4627; x_wconf 83' lang='lat' dir='ltr'><strong>adhuc</strong></span> <span class='ocrx_word' id='word_1_566' title='bbox 2072 4592 2138 4626; x_wconf 87' lang='lat' dir='ltr'><strong>su</strong></span> <span class='ocrx_word' id='word_1_567' title='bbox 2183 4578 2381 4627; x_wconf 87' lang='lat' dir='ltr'><strong>ersunt</strong></span> <span class='ocrx_word' id='word_1_568' title='bbox 2418 4576 2488 4627; x_wconf 89' lang='lat' dir='ltr'><strong>cf.</strong></span> <span class='ocrx_word' id='word_1_569' title='bbox 2534 4574 2610 4627; x_wconf 99' lang='grc' dir='ltr'>Ε</span> <span class='ocrx_word' id='word_1_570' title='bbox 2594 4592 2706 4628; x_wconf 74' lang='lat' dir='ltr'><strong>ira</strong></span> <span class='ocrx_word' id='word_1_571' title='bbox 2724 4576 2744 4627; x_wconf 95' lang='lat' dir='ltr'><strong>i</strong></span> <span class='ocrx_word' id='word_1_572' title='bbox 2763 4594 2800 4628; x_wconf 89' lang='lat'><strong>11</strong></span> <span class='ocrx_word' id='word_1_573' title='bbox 2818 4592 2847 4629; x_wconf 91' lang='lat' dir='ltr'><strong>e</strong></span> <span class='ocrx_word' id='word_1_574' title='bbox 2864 4592 2892 4627; x_wconf 92' lang='lat' dir='ltr'><strong>r</strong></span> <span class='ocrx_word' id='word_1_575' title='bbox 2929 4574 3043 4628; x_wconf 90' lang='lat' dir='ltr'><strong>Der</strong></span> <span class='ocrx_word' id='word_1_576' title='bbox 3067 4576 3124 4628; x_wconf 86' lang='lat' dir='ltr'><strong>h.</strong></span> 
     </span>
     <span class='ocr_line' id='line_1_52' title="bbox 500 4641 3125 4717; baseline 0.003 -26"><span class='ocrx_word' id='word_1_577' title='bbox 500 4641 958 4696; x_wconf 80' lang='lat' dir='ltr'><strong>sanctitatisviro</strong></span> <span class='ocrx_word' id='word_1_578' title='bbox 971 4644 1017 4713; x_wconf 84' lang='lat'><strong>(†</strong></span> <span class='ocrx_word' id='word_1_579' title='bbox 1029 4650 1149 4706; x_wconf 84' lang='grc'><strong>338,</strong></span> <span class='ocrx_word' id='word_1_580' title='bbox 1163 4643 1627 4697; x_wconf 84' lang='lat' dir='ltr'><strong>secundumalios</strong></span> <span class='ocrx_word' id='word_1_581' title='bbox 1639 4645 1781 4714; x_wconf 84' lang='lat'><strong>335),</strong></span> <span class='ocrx_word' id='word_1_582' title='bbox 1839 4643 2088 4715; x_wconf 75' lang='lat' dir='ltr'><strong>Ephram</strong></span> <span class='ocrx_word' id='word_1_583' title='bbox 2182 4661 2241 4698; x_wconf 87' lang='lat' dir='ltr'><strong>er</strong></span> <span class='ocrx_word' id='word_1_584' title='bbox 2291 4645 2474 4713; x_wconf 73' lang='lat' dir='ltr'><strong>Syre-r,</strong></span> <span class='ocrx_word' id='word_1_585' title='bbox 2539 4645 2825 4716; x_wconf 86' lang='lat' dir='ltr'><strong>Kempten</strong></span> <span class='ocrx_word' id='word_1_586' title='bbox 2883 4652 3019 4704; x_wconf 83' lang='lat'>1889</span> <span class='ocrx_word' id='word_1_587' title='bbox 3071 4667 3125 4717; x_wconf 90' lang='lat' dir='ltr'><strong>p.</strong></span> 
     </span>
     <span class='ocr_line' id='line_1_53' title="bbox 500 4710 2065 4784; baseline 0.005 -21"><span class='ocrx_word' id='word_1_588' title='bbox 500 4710 615 4764; x_wconf 89' lang='lat' dir='ltr'><strong>imo</strong></span> <span class='ocrx_word' id='word_1_589' title='bbox 642 4717 774 4782; x_wconf 89' lang='lat' dir='ltr'><strong>post</strong></span> <span class='ocrx_word' id='word_1_590' title='bbox 798 4730 848 4765; x_wconf 83' lang='lat' dir='ltr'><strong>a.</strong></span> <span class='ocrx_word' id='word_1_591' title='bbox 877 4718 1019 4784; x_wconf 85' lang='lat'><strong>350),</strong></span> <span class='ocrx_word' id='word_1_592' title='bbox 1047 4717 1386 4768; x_wconf 85' lang='lat' dir='ltr'><strong>tribuuntur</strong></span> <span class='ocrx_word' id='word_1_593' title='bbox 1426 4731 1459 4766; x_wconf 81' lang='lat' dir='ltr'><strong>a</strong></span> <span class='ocrx_word' id='word_1_594' title='bbox 1504 4715 1627 4768; x_wconf 84' lang='lat' dir='ltr'><strong>Nic.</strong></span> <span class='ocrx_word' id='word_1_595' title='bbox 1658 4717 1703 4767; x_wconf 79' lang='lat' dir='ltr'>A</span> <span class='ocrx_word' id='word_1_596' title='bbox 1722 4733 1782 4767; x_wconf 87' lang='lat' dir='ltr'><strong>n·</strong></span> <span class='ocrx_word' id='word_1_597' title='bbox 1844 4724 2065 4770; x_wconf 75' lang='grc'><strong>10-16.</strong></span> 
     </span>
    </p>
   </div>
   <div class='ocr_carea' id='block_1_7' title="bbox 1843 3333 2160 3340">
    <p class='ocr_par' dir='ltr' id='par_1_7' title="bbox 1843 3333 2160 3340">
     <span class='ocr_line' id='line_1_54' title="bbox 1843 3333 2160 3340; baseline 0 0"><span class='ocrx_word' id='word_1_598' title='bbox 1843 3333 2160 3340; x_wconf 95' lang='lat' dir='ltr'><strong> </strong></span> 
     </span>
    </p>
   </div>
   <div class='ocr_carea' id='block_1_8' title="bbox 503 4418 819 4426">
    <p class='ocr_par' dir='ltr' id='par_1_8' title="bbox 503 4418 819 4426">
     <span class='ocr_line' id='line_1_55' title="bbox 503 4418 819 4426; baseline 0 735"><span class='ocrx_word' id='word_1_599' title='bbox 503 4418 819 4426; x_wconf 95' lang='lat' dir='ltr'><strong> </strong></span> 
     </span>
    </p>
   </div>
  </div>
 </body>
</html>
