3505 5161
488 233 612 289 383

1135 226 1232 275 431
1249 226 1434 275 -5()Ο.
1461 220 1775 289 Scriptores
1803 220 1915 291 pol.
1945 218 2189 272 Faustus
2215 220 2469 288 rejensis,

2975 236 3097 290 384

485 405 784 481 hispanus,
809 405 878 462 de
898 422 1016 481 quo
1041 405 1267 463 Morin
1300 406 1335 463 1.
1367 407 1465 465 cit.
1503 408 1764 479 disserit,
1792 404 1797 409 ’
1812 411 1988 484 juxta
2018 407 2165 466 alios
2199 424 2246 469 c.
2282 402 2454 485 455).
2518 407 2587 464 In
2620 406 2970 481 episcopatu
3001 405 3102 463 ad-

484 494 590 568 qui
644 495 1018 570 ,composuit
1066 493 1337 553 libellum
1400 496 1462 554 in
1524 497 1767 556 modum
1824 496 2218 557 ministrando
2250 495 2529 554 eximium
2578 513 2641 553 se
2687 494 2967 571 praebuit
2996 514 3100 569 pa·

482 583 720 658 symboli
766 602 1013 659 parvum
1057 587 1245 642 totam
1276 603 1461 659 paene
1494 587 1765 646 ecclesia-

484 672 692 730 sticam
714 672 1129 731 credulitatem
1148 692 1255 748 per
1276 676 1601 734 sententias
1625 694 1764 734 con-

481 762 791 831 tinentem,
839 761 904 819 in
936 781 1054 836 quo
1086 761 1246 821 inter
1276 765 1499 823 ceteras
1535 766 1765 824 dissen-

483 851 678 909 siones
697 895 710 921 ‚
764 869 913 926 quas
963 852 1402 927 praetermissis
1451 857 1763 914 auctorum

480 939 786 998 vocabulis
837 940 1307 1013 anathematizat,
1361 943 1765 1002 priscillianos

481 1047 615 1087 cum
692 1029 820 1104 ipso
899 1030 1157 1088 auctoris
1224 1033 1463 1090 nomine
1527 1034 1768 1091 damnat

483 1117 959 1192 (Gennadius
1005 1137 1051 1179 c.
1099 1116 1268 1200 76).‘
1332 1122 1465 1180 «Iam
1497 1141 1638 1180 vero
1669 1123 1767 1181 hic

481 1206 721 1266 libellus
739 1226 859 1266 non
881 1208 1120 1267 videtur
1148 1228 1276 1268 esse
1309 1210 1427 1268 nisi
1460 1211 1764 1287 professio,

482 1315 633 1371 quae
679 1315 812 1355 cum
856 1307 927 1359 18
977 1299 1484 1358 anathematismis
1518 1301 1766 1359 coneilio

481 1386 805 1461 Hispaniae
837 1388 898 1444 et
916 1386 1258 1447 Lusitaniae
1291 1389 1557 1464 plenario
1576 1390 1764 1448 'soleti

483 1484 607 1537 447
657 1474 860 1533 habito
905 1476 1089 1535 tribui
1137 1478 1289 1536 solet
1332 1471 1521 1560 (apud
1567 1479 1764 1537 Den-

480 1564 749 1639 zinger
810 1564 1083 1624 Enchird.
1150 1567 1334 1641 symb.
1414 1571 1474 1626 et
1536 1568 1763 1630 definit.

480 1673 536 1711 n.
569 1650 717 1734 XV),
767 1656 838 1711 ut
870 1654 1117 1713 Morin
1156 1655 1219 1713 in
1252 1655 1394 1719 diss.
1428 1657 1529 1715 cit.
1563 1661 1760 1716 osten-

480 1742 618 1800 dere
653 1742 886 1805 nititur.

574 1929 716 1982 214.
751 1919 1241 1997 origenistis
1272 1925 1333 1981 et
1363 1925 1761 2000 Apollina-

480 2009 717 2067 ristis
765 2027 826 2067 se
874 2012 1155 2086 opposuit
1199 2012 1623 2088 Antipater
1657 2014 1764 2072 bo-

482 2098 733 2156 strensis
781 2098 843 2156 in
891 2100 1130 2172 Arabia,
1181 2101 1437 2178 insignis
1486 2103 1762 2178 scriptor,

480 2188 583 2260 qui
634 2188 786 2244 circa
834 2188 1093 2246 medium
1146 2190 1328 2265 hujus
1381 2209 1493 2250 sec.
1542 2192 1764 2252 floruit.

483 2275 736 2350 Scripsit
786 2280 1233 2351 confutationem
1283 2282 1580 2357 apoloqiae
1629 2280 1764 2339 Ori-

475 2367 653 2441 9enis,
691 2384 868 2439 quam
888 2366 1185 2427 Eusebius
1208 2371 1594 2428 caesariensis
1627 2388 1761 2428 cum

485 2453 788 2529 Pamphilo
855 2456 1256 2516 elaboraverat
1336 2456 1415 2539 (p.
1483 2454 1624 2542 63);
1688 2462 1764 2516 tr.

481 2550 684 2603 contra
715 2545 1138 2621 Apollinarem,
1171 2548 1456 2625 homilias,
1507 2568 1761 2624 quorum

480 2635 811 2710 fragmenta
845 2634 914 2693 cf.
948 2636 1012 2694 in
1045 2637 1102 2693 M
1118 2638 1137 2695 i
1153 2656 1295 2714 gne
1319 2640 1380 2697 P.
1403 2639 1467 2696 G.
1487 2639 1762 2708 LXXXV,

1823 591 2040 647 storem
2087 603 2154 643 ac
2199 603 2461 644 severam
2493 584 2765 643 monachi
2797 583 2980 642 vitam
3012 602 3101 642 se-

1823 680 2018 745 cutus,
2071 675 2275 753 gestis,
2326 674 2699 732 sermonibus
2745 673 3102 749 scriptisque

1822 785 2035 843 magna
2067 765 2129 823 in
2162 763 2354 822 Gallia
2390 763 2743 822 auctoritate
2776 762 3100 824 fruebatur.

1822 856 2074 930 Propter
2116 853 2295 911 fidem
2340 856 2545 911 contra
2577 852 2825 910 Arianos
2857 856 3102 909 strenue

1827 944 2131 1004 defensam
2177 944 2241 1000 in
2288 941 2563 1001 exsilium
2620 942 2843 1000 missus
2889 943 2983 999 est
3025 940 3100 998 ab

1822 1033 2035 1093 Enrico
2056 1031 2504 1108 Visigothorum
2537 1049 2676 1107 rege
2697 1030 2898 1089 ariano
2919 1028 3021 1104 (47
3036 1027 3099 1103 8)

1822 1123 2162 1196 mansitque
2194 1121 2359 1180 exsul
2395 1138 2588 1195 usque
2626 1119 2699 1177 ad
2731 1120 2911 1195 hujus
2944 1119 3099 1195 regis

1823 1215 2070 1271 mortem
2105 1207 2257 1291 (484
2308 1210 2404 1269 vel
2452 1204 2623 1289 485).
2689 1208 2922 1267 Obiisse
2967 1226 3099 1265 cen-

1823 1305 1990 1360 setur
2034 1301 2189 1358 circa
2237 1319 2286 1357 a.
2323 1309 2447 1361 490
2485 1294 2680 1381 (juxta
2710 1298 2858 1356 alios
2892 1316 2937 1358 c.
2974 1307 3095 1359 485

1822 1392 1917 1449 vel
1941 1385 2093 1471 493)
2127 1392 2187 1447 et
2218 1389 2282 1446 in
2316 1388 2508 1447 Gallia
2537 1387 2909 1447 meridionali
2942 1387 3099 1445 inter

1822 1482 2056 1538 sanctos
2089 1479 2321 1548 colitur,
2364 1477 2637 1554 quamvis
2669 1476 2764 1534 hic
2797 1476 2994 1535 cultus
3025 1476 3099 1533 ab

1822 1568 2085 1627 Ecclesia
2105 1567 2432 1626 universali
2465 1585 2587 1624 non
2607 1566 2788 1624 suerit
2808 1568 3099 1641 receptus,

1823 1692 1906 1702 —
1942 1658 2100 1716 Haec
2132 1655 2395 1732 ejusdem
2432 1659 2576 1713 sunt
2606 1673 2812 1730 opera:
2850 1654 3012 1713 Libri
3045 1654 3102 1711 11

1821 1748 1889 1805 de
1932 1748 2128 1823 qratia
2173 1746 2282 1804 Dei
2339 1752 2390 1802 et
2442 1745 2615 1803 libero
2660 1744 2906 1802 arbitrio
2956 1740 3103 1823 (non

1820 1854 2061 1912 prorsus
2093 1834 2316 1911 integri
2354 1835 2558 1910 judice
2592 1834 2686 1892 En
2702 1828 3101 1911 gelbrecht)

1820 1928 2025 1983 contra
2073 1923 2444 1982 Lucidum
2497 1922 2935 1999 presbyterum,
3000 1920 3103 1996 qui

1820 2012 2459 2090 praedestinatianismi
2490 2014 2975 2088 propugnaverat
3010 2028 3102 2067 er·

1822 2122 1985 2162 rores
2018 2105 2199 2177 atque
2237 2102 2519 2161 docuerat
2550 2103 2790 2177 peccato
2823 2099 3103 2176 originali

1821 2192 2076 2251 liberum
2108 2191 2357 2267 periisse
2396 2191 2711 2249 arbitrium
2726 2184 2795 2270 ²).
2866 2188 2993 2257 Quo
3039 2188 3102 2246 in

1821 2282 2062 2359 negotio
2082 2280 2316 2339 habitae
2348 2282 2489 2339 sunt
2520 2279 2732 2356 synodi
2762 2277 3102 2337 arelatensis

1825 2365 2008 2452 (475)
2055 2373 2117 2428 et
2162 2370 2558 2446 lugdunensis
2593 2363 2775 2450 (476)
2811 2366 3101 2424 damnati-

1822 2479 1938 2536 que
1972 2477 2219 2526 erroreS,
2268 2477 2416 2535 quos
2464 2462 2526 2516 et
2556 2458 2684 2533 ipse
2718 2456 2977 2515 Lucidus
3008 2474 3100 2512 re-

1820 2548 2099 2625 probavit
2159 2551 2220 2607 et
2279 2548 2627 2607 retractavit
2689 2546 2850 2606 edito
2898 2545 3101 2604 libello

1822 2637 2250 2697 emendationis
2284 2636 2468 2718 (apud
2498 2636 2744 2696 Mansi
2777 2637 2910 2694 coll.
2944 2653 3100 2693 conc.

486 2731 853 2786 1763-96.
916 2725 1076 2784 Duas
1122 2727 1400 2786 homilias
1446 2746 1653 2804 graece
1702 2733 1765 2786 et
1819 2730 1861 2788 t.
1895 2727 2021 2798 VII,
2066 2724 3100 2797 1010—101230anisium1ec-

480 2812 665 2871 latine
710 2812 900 2871 edidit
948 2816 1209 2889 primum
1255 2816 1650 2875 Ballerini
1701 2818 1764 2874 in

479 2901 718 2977 Sylloge
766 2921 1028 2961 monum.
1091 2906 1162 2963 ad
1223 2906 1573 2980 mysterium
1624 2925 1764 2964 con-

478 2991 769 3065 ceptionis
791 2992 1023 3050 immac.
1045 2993 1108 3054 V.
1145 2995 1428 3070 Deiparae
1449 2995 1761 3053 illustran-

477 3079 636 3149 dum,
673 3081 891 3139 Romae
920 3091 1083 3144 1856
1119 3087 1162 3140 t.
1197 3084 1270 3142 II.
1303 3104 1357 3159 p.
1396 3093 1430 3146 2
1466 3103 1523 3158 p.
1548 3094 1759 3148 5—26

479 3168 602 3225 scil.
645 3171 707 3226 in
753 3188 795 3231 8.
831 3170 1119 3229 Joannem
1153 3173 1246 3247 B„
1297 3176 1358 3231 et
1404 3174 1647 3231 alteram
1701 3176 1763 3231 in

476 3258 878 3316 salutationem
900 3259 1191 3334 Deiparae
1222 3263 1300 3322 ib.
1332 3284 1388 3339 p.
1414 3273 1447 3324 4
1458 3274 1491 3325 4
1502 3272 1534 3326 5
1547 3307 1604 3313 -
1617 3272 1653 3324 4
1663 3273 1695 3322 6
1708 3273 1763 3322 9.

479 3346 622 3405 Cum
669 3347 804 3404 aliis
839 3349 1130 3424 episcopis
1176 3351 1239 3408 in
1284 3371 1374 3427 ep.
1408 3353 1486 3410 ad
1519 3353 1765 3410 Leonem

476 3436 617 3509 imp.
651 3455 699 3493 a.
735 3446 860 3497 458
896 3437 1269 3497 Timotheum
1292 3441 1579 3499 Aelurum
1611 3442 1761 3515 reje-

477 3524 558 3581 cit
602 3527 662 3581 et
711 3526 1005 3599 synodum
1052 3528 1573 3589 chalcedonensem
1622 3549 1760 3604 pro-

476 3613 644 3670 bavit
677 3610 954 3692 (Labbe
985 3616 1119 3674 coll.
1153 3618 1300 3687 xix,
1363 3628 1524 3682 1423
1561 3638 1668 3678 seu
1699 3619 1762 3677 in

479 3702 672 3776 suppl.
706 3699 1064 3784 Baluzii).
1117 3707 1186 3765 ln
1224 3726 1382 3766 conc.
1417 3708 1760 3767 oecumenio

479 3790 602 3848 VH.
654 3793 852 3868 magni
886 3794 1038 3853 facta
1070 3798 1161 3853 est
1193 3798 1322 3872 ejus
1355 3793 1759 3878 auctoritas1).

1822 2818 2016 2875 tiones
2068 2819 2188 2878 ant.
2237 2820 2279 2873 t.
2334 2828 2358 2878 1
2415 2815 2504 2874 ed.
2551 2817 2900 2890 Basnage
2945 2809 3100 2891 etc.),

1820 2925 1999 2981 quem
2048 2906 2200 2963 forte
2247 2906 2375 2981 ipse
2420 2905 2678 2963 Faustus
2724 2903 2974 2961 dictavit
3010 2902 3099 2960 vel

1820 2994 2153 3070 inspiravit.
2217 2994 2438 3052 Verum
2469 2993 2739 3069 quamvis
2773 2993 2837 3049 in
2870 3009 2978 3050 suo
3011 3009 3100 3066 op.

1822 3079 2101 3164 (Migne
2153 3082 2361 3153 LVIII,
2420 3077 2792 3162 783—836)
2847 3082 3101 3139 Faustus

1824 3173 2139 3249 impugnet
2170 3174 2230 3230 et
2263 3173 2567 3249 Pelagium
2613 3174 2673 3229 et
2713 3171 2893 3228 duros
2930 3169 3100 3227 Prae·

1822 3261 2323 3320 destinatianismi
2342 3279 2588 3331 errores,
2611 3260 2821 3318 multis
2843 3263 3041 3318 tamen
3051 3254 3101 3336 2)

1900 3435 1934 3500 ¹)
1964 3433 2044 3485 Cf.
2074 3433 2142 3485 de
2170 3430 2373 3485 Lucidi
2401 3430 2685 3484 erroribus
2714 3429 2756 3482 P
2773 3447 2801 3482 e
2820 3433 2891 3481 ta.
2910 3446 2944 3481 v
2960 3429 2980 3480 i
2999 3447 3034 3480 u
3048 3447 3101 3480 m

1820 3504 1888 3556 de
1920 3504 2104 3556 Verbo
2132 3503 2242 3556 inc.
2274 3504 2421 3562 xm,
2454 3507 2516 3558 7:
2568 3501 2778 3554 Fritz
2806 3501 2918 3553 KL.
2956 3499 3100 3560 Vm,

1824 3581 1924 3631 199
1953 3594 1993 3627 e.

1893 3651 1933 3718 ²)
1965 3645 2218 3700 Dicimus
2238 3645 2453 3708 multis,
2472 3661 2600 3697 nam
2622 3660 2736 3696 non
2758 3643 2983 3704 desunt,
3001 3640 3102 3709 qui

1819 3716 2091 3770 Faustum
2156 3718 2230 3770 ab
2298 3716 2500 3769 erroris
2568 3716 2790 3770 macula
2880 3715 3102 3780 urgent.

1820 3789 1905 3841 Ita
1933 3790 1967 3842 S
1986 3791 2011 3841 t
2028 3788 2044 3841 i
2062 3790 2079 3843 1
2097 3789 2209 3841 tin
2227 3806 2264 3857 g
2292 3788 2352 3840 in
2380 3787 2523 3840 actis
2551 3789 2640 3842 SS.
2661 3788 2813 3855 Sept.
2895 3785 2958 3847 11,
2980 3791 3101 3840 609-

1819 3863 1938 3920 667;
1967 3859 2153 3914 Sirm
2174 3877 2259 3912 on
2279 3859 2314 3911 d
2344 3861 2439 3923 lV,
2462 3864 2596 3918 42ος
2625 3858 2754 3911 Hel
2777 3856 2884 3909 lei·
2906 3854 3103 3908 Fausti

1816 3930 2315 4000 regiensisfidesin
2326 3931 2662 4000 exponenda
2681 3926 3101 3996 gratiaChristi,

570 3977 714 4031 2¹5·
751 3971 831 4029 De
852 3973 1044 4048 gratia
1064 3973 1396 4048 diSPUfavit
1419 3975 1757 4044 Fausta&
1819 4002 2109 4055 Monachii
2146 4011 2293 4057 1854.
2346 4003 2427 4056 Cf.
2474 4002 2542 4053 de
2590 4002 2713 4070 ejus
2758 3998 3099 4052 adversariis

475 4060 654 4117 natus
688 4066 940 4120 exeunte
981 4080 1091 4121 sec.
1125 4063 1222 4120 IV.
1270 4065 1363 4122 vel
1412 4065 1657 4123 ineunte
1695 4065 1759 4123 V.
1810 4075 1931 4142 jam
1961 4074 2219 4141 antiquis
2246 4073 2362 4127 imo
2392 4072 2739 4143 supparibus
2782 4072 2840 4122 et
2882 4068 3100 4138 aquali·

476 4149 539 4207 in
571 4149 881 4208 Britannia
912 4152 1127 4211 insula,
1192 4146 1266 4211 In
1311 4153 1502 4211 literis
1549 4154 1757 4221 huma..
1821 4146 1922 4198 bus
1950 4146 2094 4200 Hist.
2123 4145 2208 4198 lit.
2236 4145 2304 4197 de
2332 4145 2389 4197 la
2418 4145 2505 4199 Fr.
2538 4145 2601 4208 ll,
2626 4151 2728 4200 596
2744 4161 2812 4195 35.
2842 4142 3101 4195 Ceterum

475 4239 745 4297 nioribus
779 4238 928 4299 bene
949 4241 1271 4300 institutus
1293 4243 1594 4301 monachis
1628 4243 1756 4301 liri-

476 4327 764 4386 nensibus
798 4348 859 4387 se
904 4331 1194 4405 adjunxit,
1242 4331 1509 4406 adeoque
1540 4332 1604 4389 in
1635 4332 1757 4389 vir-

476 4420 608 4475 tute
641 4418 909 4492 profecit,
963 4421 1034 4477 ut
1067 4438 1112 4482 s,
1145 4420 1395 4478 Maximo
1431 4422 1490 4478 in
1523 4421 1757 4479 abbatis

476 4526 720 4566 munere
757 4517 902 4577 433,
950 4508 1088 4566 dein
1134 4511 1194 4567 et
1239 4509 1301 4566 in
1351 4509 1628 4567 cathedra
1666 4529 1757 4567 re-

468 4599 628 4670 jensi
652 4594 836 4677 (Riez)
872 4599 1187 4672 episcopus
1210 4599 1560 4657 successerit
1581 4595 1755 4679 (462,

559 4788 593 4848 Ι)
624 4786 705 4837 Cf.
733 4785 1442 4852 HergcnrotherKL.
1470 4785 1536 4848 1⁹,
1566 4793 1686 4841 968.

1816 4216 1884 4267 de
1914 4217 2111 4269 Fausti
2139 4217 2194 4271 ll.
2224 4217 2588 4285 postmodum
2633 4219 2701 4285 (a.
2733 4219 2855 4284 520)
2884 4212 3102 4266 consul-

1818 4287 1905 4339 uit
1934 4287 1974 4340 P
1992 4305 2023 4340 o
2042 4307 2066 4341 s
2083 4307 2106 4338 s
2125 4304 2153 4340 e
2172 4307 2196 4341 s
2214 4306 2238 4340 s
2255 4305 2285 4340 o
2303 4306 2330 4340 r
2351 4305 2438 4357 ep.
2466 4286 2757 4340 africanus
2783 4303 2825 4344 s,
2855 4283 3099 4337 Hormis-

1816 4357 1944 4412 dam
1994 4359 2165 4430 (inter
2207 4360 2383 4426 hujus
2427 4375 2513 4429 ep.
2566 4367 2667 4414 114
2710 4357 2796 4410 ed.
2845 4356 3101 4416 Thiel),

1816 4430 1917 4497 qui
1947 4430 2005 4482 in
2034 4448 2136 4484 sua
2162 4430 2533 4500 responsione
2575 4441 2681 4500 (ep.
2715 4431 2833 4496 124)
2881 4428 2949 4480 de
2977 4427 3101 4481 doc-

1817 4501 1969 4554 trina
1997 4502 2306 4554 eorundem
2344 4501 2633 4569 judicium
2682 4517 2795 4552 uon
2842 4498 3101 4569 protulit,

1816 4574 1909 4625 sed
1940 4573 2123 4626 solum
2154 4573 2516 4642 pronunciat,
2546 4589 2640 4626 eos
2667 4570 2725 4624 iu
2756 4570 3099 4625 auctoritate

1815 4662 1929 4697 non
1975 4661 2090 4697 esse
2136 4643 2447 4698 habendos.
2501 4645 2583 4696 Cf.
2630 4643 2699 4695 W
2720 4660 2751 4695 o
2771 4659 2800 4694 e
2817 4645 2930 4696 rte
2947 4660 2976 4695 r
3001 4659 3101 4694 zur

1815 4714 2264 4782 Dogmeugesch.
2315 4715 2411 4768 des
2462 4714 2804 4785 semipelag.
2848 4714 3102 4766 Mi’mster

1820 4794 1971 4848 19‹)(),
1993 4787 2090 4838 ubi
2111 4788 2231 4838 fuse
2260 4787 2328 4839 de
2357 4786 2554 4839 Fausti
2576 4785 2834 4841 doctrina
2857 4784 3101 4839 disserit.
