3505 5161
483 230 606 282 543

475 397 741 456 Ecclesia
788 394 1117 472 implorare.
1180 395 1251 455 In
1302 397 1527 473 synodo
1577 412 1748 455 oecu-

477 486 702 544 menica
733 484 890 547 V111.
940 503 1009 544 ex
1059 505 1127 545 ea
1169 486 1570 562 fragmentum
1602 490 1752 544 tam-

476 592 654 649 quam
703 574 875 633 testis
925 575 1123 652 gravis
1174 594 1283 650 pro
1329 574 1645 642 asserendo
1677 592 1752 632 ss.

864 216 1161 266 551—600.
1190 209 1603 280 Hagiographi.
1632 210 1971 268 Gordianus.
2006 210 2283 278 Amplius,
2311 208 2578 279 Pelagius
2604 212 2709 262 etc.

2967 227 3089 279 544

1809 395 2074 470 ejusdem
2097 397 2369 455 ecclesiae
2398 396 2644 454 clericus
2676 400 2877 454 narrat
2907 398 3090 455 Μῖνα-

1809 487 1939 544 cula
1985 503 2032 543 s.
2074 485 2216 562 Cyri
2265 488 2327 544 et
2377 503 2422 542 s.
2472 484 2725 543 Julittae
2771 485 2904 542 MM.
2953 491 3089 559 post

1809 575 2256 633 translationem
2282 575 2343 633 in
2365 574 2582 632 Gallias
2602 576 2858 650 patrata:
2883 593 3090 633 verum

1811 661 2100 739 praefatio
2122 666 2356 722 tantum
2391 664 2570 738 hujus
2603 663 2963 722 narrationis
2996 683 3089 723 re-

1810 755 1981 827 perta
2025 752 2142 810 fuit
2189 756 2249 811 et
2278 752 2438 811 edita
2475 752 2537 810 in
2569 752 2733 811 Actis
2767 753 2863 812 SS.
2897 753 3008 828 Maj
3045 755 3089 824 Ι,

475 664 805 739 imaginum
836 665 1055 723 honore
1087 665 1401 723 recitatum
1437 660 1565 726 fuit..

568 852 710 905 305.
758 842 950 900 Vitam
998 850 1049 900 et
1087 845 1422 916 passionem
1473 842 1556 900 bb.
1609 840 1752 903 MM.
1816 850 1915 912 52,
1965 848 2024 899 et
2073 842 2212 903 Jun.
2247 842 2352 910 111,
2393 851 2490 903 20.
2555 842 2855 900 Floruisse
2901 842 3089 900 credi-

476 931 707 989 Placidi
738 931 1019 1006 discipuli
1051 931 1147 990 bb.
1181 933 1243 995 P.
1278 950 1323 990 s,
1354 931 1663 990 Benedicti
1694 934 1756 989 et
1810 926 1974 1009 tur1)
2007 937 2257 990 exeunte
2291 949 2403 993 sec.
2436 930 2533 990 VI.
2560 964 2646 974 —-
2677 930 2729 990 S.
2768 932 3091 1007 Asaphus

474 1020 724 1078 fratrum
770 1022 897 1094 ejus
929 1020 1217 1080 Victorini
1263 1025 1322 1079 et
1366 1021 1643 1096 Eutychii
1689 1039 1755 1078 ac
1811 1039 1880 1078 ex
1903 1019 2250 1079 Nor-twallia
2270 1019 2614 1079 Britanniae
2647 1021 2827 1078 abbas
2860 1025 2921 1079 et
2952 1021 3093 1079 dein

476 1112 695 1167 sororis
718 1110 950 1167 Flaviae
971 1109 1054 1179 V„
1086 1108 1321 1181 Donati,
1354 1110 1598 1168 Pirmati
1630 1109 1755 1167 dia·
1812 1106 1991 1191 (forte
2024 1104 2277 1191 primus)
2315 1109 2629 1184 episcopus
2663 1110 2965 1185 elguensis
3001 1110 3093 1168 vel

474 1198 609 1256 coni
656 1200 717 1257 et
761 1198 1014 1257 aliorum
1053 1209 1129 1261 30
1172 1216 1441 1258 narrasse
1474 1198 1758 1257 scribitur
1813 1198 2216 1275 glasconensis
2251 1194 2325 1280 (c.
2362 1193 2534 1280 590),
2576 1198 2887 1275 descripsit
2915 1201 3092 1256 vitam

480 1288 527 1344 G
548 1287 924 1346 ordianus
972 1307 1015 1348 s,
1049 1289 1272 1347 Placidi
1307 1288 1756 1363 condiscipulus
1812 1288 2083 1363 magistri
2114 1288 2209 1345 sui
2238 1306 2285 1347 s.
2321 1287 2674 1363 Kentiqerni,
2725 1306 2878 1362 quae
2923 1302 3092 1363 repe-

475 1381 538 1433 et
589 1394 800 1445 comeS,
866 1378 1062 1451 patria
1111 1377 1263 1436 forte
1316 1378 1613 1437 Romanus
1661 1378 1756 1435 vel
1811 1377 1968 1435 ritui·
2011 1377 2074 1435 in
2119 1378 2283 1434 Actis
2318 1378 2416 1439 SS.
2467 1384 2566 1438 13.
2612 1377 2823 1446 Jan.1,
2875 1387 3092 1440 816—-

475 1466 712 1525 Siculus
761 1460 822 1546 (†
856 1466 1025 1543 560),
1074 1468 1178 1542 qui
1226 1467 1441 1544 stragis
1488 1473 1756 1541 tempore
1815 1474 1959 1529 825.
1983 1499 2067 1509 -
2095 1462 2462 1543 Pelagius
2495 1465 2934 1524 turassonensis
2956 1461 3091 1548 (Ta-

475 1549 657 1633 (539)
707 1554 849 1631 fuga
886 1556 1125 1632 elapsus
1176 1559 1267 1614 est
1315 1560 1377 1615 et
1421 1550 1754 1614 Justiniani
1810 1550 2046 1637 razona)
2097 1554 2377 1613 ecclesiae
2439 1555 2501 1612 in
2552 1554 2839 1630 Hispania
2899 1555 3088 1613 archi-

475 1645 616 1718 imp.
654 1644 835 1717 jussu
867 1644 1092 1702 Placidi
1130 1648 1297 1721 gesta
1344 1647 1755 1717 sociorumque
1813 1644 2097 1701 diaconus
2130 1648 2336 1701 narrat
2366 1646 2543 1702 vitam
2574 1662 2617 1701 s.
2643 1644 2946 1701 Prudentia?
2977 1645 3086 1702 hu·

474 1732 845 1808 triumphum
882 1734 1071 1792 literis
1103 1735 1485 1811 consignavit.
1547 1734 1757 1792 Exstat
1805 1733 1908 1807 jus
1958 1733 2237 1791 ecclesiae
2288 1733 2551 1808 episcopi
2615 1736 2674 1791 et
2723 1734 2923 1807 patrui
2974 1734 3081 1803 sui,

474 1840 541 1879 ea
603 1822 866 1880 narratio
919 1822 1075 1899 apud
1129 1825 1434 1884 Surium
1485 1823 1756 1882 Coloniae
1812 1832 1992 1896 quam
2023 1820 2240 1896 adjecit
2271 1822 2363 1879 Fr.
2400 1822 2769 1880 Bivarius
2816 1822 2885 1878 ad
2922 1822 3078 1880 chro-

482 1920 648 1973 1618
684 1911 758 1968 ad
790 1911 844 1969 d.
882 1921 936 1973 5.
972 1913 1096 1971 Oct.
1129 1911 1256 1984 VII,
1314 1920 1658 1974 746—775
1695 1915 1758 1969 et
1810 1911 1986 1969 nicon
2020 1910 2522 1970 Pseudo-Maximi
2567 1910 2644 1988 ad
2687 1930 2736 1969 a.
2780 1920 2855 1972 57
2869 1918 2923 1981 2,
2968 1911 3077 1968 Ma-

473 1999 848 2058 Mabillon
884 1999 1007 2059 Sec.
1049 2012 1097 2063 1.
1130 2002 1347 2060 Bened.
1378 2022 1436 2078 p.
1461 2010 1752 2069 45—793
1810 2000 1940 2057 triti
1981 2009 2132 2063 1651
2177 2019 2234 2075 p.
2272 2008 2637 2062 549—552.

473 2089 534 2144 in
558 2090 683 2148 Act.
709 2089 805 2149 SS.
832 2098 884 2151 5.
908 2089 1030 2151 Oct.
1048 2082 1151 2159 111,
1183 2102 1203 2153 1
1227 2100 1423 2154 14-——1
1444 2100 1542 2153 38.
1564 2089 1752 2159 Quae-

475 2177 607 2233 dam
641 2178 913 2249 epistolae
943 2180 1135 2238 eidem
1166 2180 1346 2238 etiam
1378 2179 1751 2249 tribuuntur,

1905 2187 1938 2241 3
1949 2189 1982 2239 Ο
1994 2188 2048 2240 6.
2082 2178 2325 2236 Praeter
2343 2177 2487 2237 alios
2498 2179 2622 2252 jam
2645 2178 2913 2236 laudatos
2931 2178 3088 2236 inter

474 2266 575 2324 sed
607 2277 680 2323 ut
709 2267 951 2326 videtur
981 2268 1276 2327 immerito
1291 2267 1357 2349 ¹).
1376 2303 1462 2312 —
1485 2269 1754 2327 Paulus
1810 2287 1844 2324 a
1858 2285 1885 2325 s
1900 2285 1930 2325 c
1947 2285 1978 2324 e
1995 2268 2023 2324 t
2037 2286 2070 2324 a
2088 2285 2114 2325 s
2138 2260 2191 2350 2)
2239 2266 2444 2325 referri
2490 2271 2742 2341 possunt
2775 2306 2802 2334 ,
2816 2267 2874 2324 M
2890 2286 2924 2324 a
2939 2285 2969 2323 r
2983 2272 3010 2324 t
3025 2267 3044 2324 i
3062 2299 3086 2310 -

473 2353 804 2430 discipulus
850 2356 1041 2415 Hilari
1102 2357 1334 2417 abbatis
1396 2357 1752 2433 galeatensis
1808 2373 1849 2413 ιι
1864 2374 1907 2413 ιι
1925 2374 1952 2414 s
2013 2356 2340 2415 dumiensis
2391 2355 2737 2415 monasterii
2787 2355 3087 2414 sanctissi—

478 2438 540 2524 (†
575 2439 729 2525 558)
764 2449 966 2503 narrat
999 2446 1178 2521 hujus
1216 2450 1409 2523 vitam,
1459 2465 1609 2522 quae
1655 2465 1752 2504 ex-

474 2536 596 2590 stat
627 2534 690 2591 in
723 2534 886 2593 Actis
920 2534 1015 2598 SS.
1050 2535 1103 2594 d.
1135 2546 1239 2600 ‘1:3.
1271 2536 1428 2612 Maij.
1449 2535 1553 2604 111,
1594 2544 1750 2598 473—

475 2632 620 2683 476.
658 2657 742 2666 —
794 2624 875 2682 De
921 2625 1257 2684 Eusebio
1288 2626 1564 2701 episcopo
1596 2626 1751 2683 anti-

473 2711 665 2792 biensi
727 2709 790 2791 (†
850 2731 896 2776 e.
965 2709 1148 2797 570),
1215 2716 1385 2790 cujus
1447 2715 1751 2772 historiam

476 2820 510 2856 r
534 2802 880 2860 analationis
945 2821 1252 2878 corporum
1317 2802 1750 2871 Vincentii,

471 2889 785 2948 Orontii
818 2894 878 2948 et
908 2892 1258 2951 Victoris
1292 2891 1352 2972 (†
1383 2911 1427 2954 c.
1466 2888 1617 2973 291)
1652 2910 1751 2950 ex-

473 2978 681 3037 hibent
712 2981 862 3037 Acta
893 2979 991 3041 SS.
1023 2981 1097 3039 ad
1129 2981 1183 3039 d.
1222 2991 1320 3043 22.
1352 2981 1502 3052 Jan.‚
1538 2981 1608 3040 cf.
1641 2980 1750 3039 Hi-

473 3068 652 3126 stoire
685 3068 775 3127 lit.
809 3068 880 3127 de
911 3070 971 3127 la
1001 3071 1090 3127 Fr.
1124 3071 1229 3138 111,
1269 3080 1635 3133 303—306.
1674 3103 1744 3113 —

473 3160 509 3216 S
524 3160 553 3213 t
567 3174 599 3214 e
615 3177 654 3231 p
670 3157 706 3213 b
724 3177 758 3215 a
771 3177 811 3215 n
827 3178 868 3216 u
885 3176 913 3216 s
945 3160 1261 3234 presbyter
1287 3160 1751 3218 antissiodoren-

473 3245 573 3315 εἰς,
610 3245 711 3304 sed
743 3247 935 3321 patria
956 3248 1112 3318 Afer,
1149 3248 1457 3324 scripsisse
1491 3248 1751 3307 creditur

472 3336 647 3393 vitam
697 3356 740 3392 s.
791 3337 1093 3395 Amatoris
1141 3337 1404 3413 episcopi
1454 3336 1748 3412 quondam

472 3422 636 3481 illius
669 3425 946 3483 ecclesiae
979 3422 1042 3504 (†
1065 3426 1235 3501 418),
1270 3444 1446 3501 quam
1479 3426 1657 3484 habes
1688 3426 1754 3483 in

472 3512 634 3569 Actis
658 3512 753 3571 SS.
799 3526 844 3575 l.
879 3515 1011 3590 Maj.
1044 3516 1088 3584 Ι,
1127 3525 1416 3577 52—60:
1457 3534 1525 3572 ea
1553 3517 1751 3573 tamen

474 3619 596 3658 non
627 3603 719 3659 est
749 3604 946 3679 magni
978 3599 1238 3685 pretii2).
1280 3638 1348 3646 —-
1388 3604 1752 3662 Teterius

549 3774 586 3840 ¹)
616 3771 697 3825 cf.
727 3772 767 3824 F
784 3789 817 3825 a
835 3773 869 3826 b
885 3774 1031 3827 rici
1049 3792 1086 3826 u
1104 3792 1128 3826 s
1165 3773 1314 3829 Bibl.
1340 3774 1441 3827 lat.
1468 3773 1615 3827 med.
1642 3776 1752 3827 aet.

474 3843 538 3904 ΙΙ,
586 3846 683 3898 70;
736 3843 1164 3913 Mongitore
1215 3845 1356 3898 bibl.
1408 3845 1505 3898 sic.
1546 3846 1588 3910 1,
1633 3851 1749 3900 262.

474 3914 598 3981 Caj
617 3931 645 3967 e
664 3917 733 3967 ta
752 3935 787 3968 n
806 3934 843 3969 u
862 3934 887 3968 s
928 3918 1117 3969 Sanct.
1158 3917 1264 3970 Sic.
1304 3918 1343 3979 Ι,
1372 3935 1426 3986 p.
1460 3923 1559 3972 173
1586 3919 1757 3986 putat

473 4001 595 4037 eam
624 4003 740 4039 esse
770 3987 810 4039 P
832 4004 860 4038 e
880 3988 979 4039 tri
1008 3987 1237 4040 diaconi
1265 4006 1371 4042 cas.
1392 3992 1438 4059 (ι
1459 3994 1632 4056 1140),
1651 3987 1751 4055 qui

473 4055 635 4109 illam
670 4073 698 4109 e
740 4057 1013 4113 Gordiani
1052 4059 1209 4112 fonte
1264 4058 1535 4113 hauserit.
1601 4059 1751 4113 Cete-

471 4145 597 4180 rum
619 4128 862 4198 legimus
877 4133 936 4183 et
961 4129 995 4183 S
1012 4129 1031 4182 i
1050 4149 1106 4183 m
1124 4148 1155 4184 o
1173 4149 1210 4182 n
1227 4147 1255 4183 e
1274 4150 1330 4183 m
1357 4130 1751 4201 presbyterum

473 4199 1164 4271 constantinopolitanum
1217 4202 1394 4254 vitam
1446 4220 1488 4255 s.
1534 4200 1754 4254 Placidi

472 4286 505 4321 a
535 4273 637 4324 570
680 4287 879 4340 graece
925 4273 1229 4343 scripsisse,
1275 4290 1397 4325 eam
1439 4273 1499 4325 in
1526 4272 1751 4326 Italiam

472 4339 720 4395 delatam
765 4345 1126 4398 salernitanis
1172 4343 1464 4398 monachis
1502 4343 1752 4414 roganti-

476 4413 577 4464 bus
629 4412 917 4467 latinitate
964 4416 1231 4469 donasse:
1275 4414 1478 4468 exinde
1519 4415 1750 4468 Petrum

474 4481 779 4536 diaconum
809 4501 931 4538 eam
960 4486 1191 4540 cultiori
1216 4486 1509 4540 latinitate
1536 4486 1750 4555 expoli-

476 4553 635 4609 visse.
686 4555 847 4609 Hanc
885 4557 1060 4610 habes
1104 4558 1259 4626 apud
1307 4557 1346 4610 C
1363 4559 1429 4627 aj
1450 4575 1479 4610 e
1497 4561 1521 4609 t
1535 4573 1568 4610 a
1585 4577 1623 4610 n
1640 4576 1678 4611 u
1694 4576 1750 4610 m

476 4641 564 4692 op.
594 4623 687 4677 cit.
716 4645 769 4695 p.
803 4635 916 4682 145.

1810 2463 1944 2503 mus
1976 2444 2258 2520 pontifex,
2296 2446 2401 2518 qui
2436 2464 2504 2503 ex
2526 2444 2785 2504 Orientis
2816 2444 3085 2520 partibus

1810 2534 2097 2610 navigans
2147 2535 2211 2593 in
2265 2534 2616 2594 Gallaeciam
2667 2534 2830 2592 venit
2878 2533 3083 2608 ibique

1809 2624 2106 2683 conversis
2140 2624 2214 2681 ab
2245 2624 2446 2682 ariana
2476 2624 2779 2699 impietate
2810 2624 2877 2681 ad
2912 2623 3086 2681 fidem

1809 2713 2149 2772 catholicam
2194 2713 2518 2772 Suevorum
2551 2713 2788 2788 populis
2820 2712 3086 2788 regulam

1807 2802 1945 2860 fidei
1996 2805 2058 2859 et
2115 2806 2350 2860 sanctae
2400 2802 2705 2878 religionis
2755 2801 3085 2870 constituit,

1808 2892 2085 2949 ecclesias
2119 2890 2506 2960 confirmavit,
2556 2892 2912 2948 monasteria
2948 2908 3085 2947 con—

1810 3131 2028 3184 nariu
2047 3149 2072 3183 s
2111 3149 2209 3184 seu
2239 3130 2612 3195 Auuacarius‚
2654 3128 2756 3197 qui
2782 3130 2914 3183 aula
2941 3128 3090 3199 regis

1809 3201 2086 3256 Guntraei
2113 3201 2307 3257 relicta
2335 3204 2518 3258 factus
2559 3204 2645 3255 est
2668 3199 2856 3271 episco
2902 3218 2968 3254 us
2994 3217 3090 3254 an-

1808 3273 2229 3327 tissiodorensis
2255 3274 2563 3341 floruitque
2604 3275 2846 3325 exeunte
2916 3288 2981 3324 oc
3008 3290 3087 3326 se·

1809 3347 1952 3399 culn.
2002 3346 2322 3414 Supersunt
2371 3345 2596 3399 decreta
2640 3343 2812 3398 utilia
2854 3343 2917 3395 in
2963 3359 3090 3397 con-

1808 3416 1943 3470 cilio
1990 3416 2392 3470 matisconensi
2443 3419 2509 3488 (c.
2546 3433 2594 3469 a.
2625 3419 2747 3486 590)
2798 3415 3088 3469 communi

1809 3488 2204 3558 episcoporum
2250 3504 2524 3542 consensu
2572 3486 2806 3549 sancita,
2853 3502 3001 3553 quae
3029 3485 3087 3538 in

1810 3558 2025 3627 synodo
2078 3559 2379 3612 diocesana
2430 3561 2579 3613 clero
2630 3575 2730 3610 suo
2793 3556 3090 3611 intimavit

1808 3629 1922 3701 (Mi
1939 3649 1977 3700 g
1998 3648 2035 3682 n
2053 3646 2082 3683 e
2111 3633 2197 3694 72,
2227 3633 2547 3700 Tol-769).
2598 3629 2680 3683 Cf.
2707 3629 2852 3681 Hist.
2880 3627 2966 3682 lit.
2995 3629 3089 3691 111,

1810 3705 2110 3758 493-496.

1891 3777 1924 3838 ¹)
1953 3772 2034 3826 Of.
2062 3772 2139 3826 ib.
2169 3773 2261 3835 111,
2290 3776 2411 3827 404.

1881 3847 1923 3916 ²)
1953 3842 2467 3897 Praetermittimus
2497 3843 2539 3895 E
2559 3845 2726 3896 utro
2748 3840 2873 3912 piu
2895 3859 2948 3893 m
2995 3857 3089 3911 pa-

1808 3917 1952 3968 trem
1988 3915 2394 3968 monachorum
2441 3915 2498 3966 in
2546 3913 2892 3966 monasterio
2920 3911 3089 3965 servi·

1809 3988 1958 4039 tano.
1979 3985 2109 4039 dein
2128 3986 2395 4041 ecclesiae
2411 3984 2738 4040 valentinae
2757 3983 3087 4054 episcopum

1808 4073 1915 4112 sec.
1946 4057 2037 4109 VI.
2064 4060 2324 4120 exeunte,
2344 4055 2447 4124 qui
2461 4058 2534 4109 ad
2551 4055 2931 4111 Lucinianum
2961 4054 3086 4107 Car·

1809 4128 2065 4199 thaginis
2109 4127 2434 4198 spartariae
2481 4127 2809 4197 episcopum
2859 4124 3088 4195 scripsit

1807 4205 2077 4267 epistolam
2129 4200 2292 4255 valde
2344 4199 2545 4253 utilem
2587 4199 2754 4280 ,juxta
2805 4195 3086 4250 Isidorum

1809 4271 1954 4352 hisp.
1983 4290 2027 4326 c.
2057 4281 2142 4335 45,
2168 4271 2230 4323 in
2258 4288 2373 4340 qua
2414 4273 2654 4338 quaerit,
2700 4285 2874 4337 quare
2905 4266 3086 4338 bapti·

1808 4345 1948 4395 zatis
2025 4342 2344 4396 infantibus
2419 4342 2664 4395 chrisma
2683 4381 2695 4405 ‚
2757 4343 2887 4411 post
2947 4339 3086 4392 haec

1809 4413 2004 4468 unctio
2033 4414 2353 4467 tribuatur:
2379 4430 2444 4466 ea
2471 4415 2660 4465 tamen
2688 4410 2874 4482 periit.
2915 4409 3085 4472 „Scri-

1808 4485 1925 4554 psit
1948 4488 2004 4537 et
2041 4485 2112 4538 ad
2143 4484 2372 4538 Petrum
2411 4484 2742 4554 episcopum
2784 4481 3087 4535 ircavicen-

1808 4572 1923 4608 sem
1946 4557 2014 4609 de
2049 4555 2406 4609 districtione
2435 4556 2842 4609 monachorum
2870 4553 3085 4606 salubri

1809 4643 2062 4681 sermone
2124 4626 2494 4698 compositam
2546 4629 2815 4694 epistolam
2865 4628 2922 4678 et
2971 4640 3084 4677 mo-

551 4697 590 4762 2)
619 4694 698 4747 Cf.
730 4696 872 4748 Hist.
901 4698 986 4751 lit.
1014 4699 1082 4751 de
1107 4700 1164 4751 la
1191 4698 1279 4751 Fr.
1308 4699 1401 4760 ΙΙΙ,
1419 4707 1517 4755 361
1539 4717 1582 4754 s.
1608 4699 1754 4753 Eum
1807 4698 2008 4750 nachis
2061 4698 2224 4751 valde
2271 4698 2656 4753 necessariam.
2711 4695 2792 4750 Cf.
2839 4695 2930 4747 Mi
2947 4713 3037 4765 gn
3055 4710 3084 4746 e

475 4765 547 4816 ad
575 4767 728 4819 hunc
755 4766 1005 4822 laborem
1051 4769 1233 4821 literis
1259 4770 1532 4824 excitavit
1559 4787 1599 4823 s.
1628 4772 1675 4822 A
1693 4790 1751 4823 n·
1811 4769 2023 4830 LXXX,
2053 4775 2246 4825 9—20.
