3505 5161
445 250 568 302 667

1210 234 1509 288 751—800.
1537 230 1853 299 Theologia
1880 230 2179 301 polemio-a.

2936 250 3058 300 668

446 418 544 477 sed
568 436 767 503 omnes
788 417 971 475 ferme
997 418 1338 486 haereticos,
1375 416 1725 493 praesertim
1775 416 1922 492 joris
1943 435 2037 491 op.
2070 435 2114 479 s,
2135 416 2561 492 Epiphanii
2595 418 2664 475 de
2698 416 3061 487 haeresibus,

445 508 791 589 Acephalos,
842 507 1288 577 MonotheletaS,
1339 506 1724 581 Theopaschi-
1784 505 2001 563 additis
2052 505 2482 563 recentioribus
2533 506 2879 564 haeresibus
2942 505 3064 563 Mo-

444 598 537 653 tas
559 600 802 655 strenue
826 596 1236 671 impugnavit:
1271 595 1564 654 Ecclesiae
1596 597 1728 669 jura
1784 594 2314 665 hammedanorum,
2349 595 2883 664 iconomachorum,
2904 595 3061 670 Apo-

446 689 922 761 potestatemque
954 685 1189 762 egregie
1221 685 1565 755 vindicavit,
1606 684 1727 759 pri-

446 778 674 833 matum
746 774 1033 850 principis
1104 775 1507 849 apostolorum
1569 792 1726 831 asse-

1785 684 2126 745 schitarum.
2209 684 2404 742 Tertia
2463 703 2601 759 pars
2650 684 3067 759 complectitur

1784 772 2231 831 celeberrimum
2263 772 2524 831 auctoris
2557 773 2752 832 nostri
2800 791 2949 848 opus
2999 773 3068 829 de

446 863 572 921 ruit
604 909 616 921 .
651 910 663 921 .
697 908 711 921 .
758 863 1046 921 Universa
1090 866 1290 922 autem
1335 865 1465 938 ejus
1512 861 1731 938 scripta
1783 862 1893 935 fide
1941 863 2261 920 orthodoxa
2324 862 2385 919 ll.
2438 871 2475 924 4
2542 863 2820 940 (Migne
2871 861 3064 930 XCIV,

448 971 567 1010 non
599 953 771 1011 modo
802 952 1136 1010 eruditione
1167 954 1229 1010 et
1260 952 1528 1010 doctrina
1559 970 1727 1026 prae-

447 1044 627 1111 stant,
651 1041 754 1100 sed
770 1041 949 1099 etiam
970 1041 1262 1115 quendam
1284 1041 1579 1117 ingenuae
1602 1040 1727 1115 pie-

366 1128 375 1137 '
448 1131 590 1189 tatis
611 1149 851 1188 sensum
873 1129 1237 1205 praeferunt,
1258 1130 1571 1206 praecipue
1592 1148 1728 1187 cum

1790 947 2227 1030 783---1228).
2293 952 2364 1010 In
2409 969 2476 1010 eo
2524 991 2551 1021 ,
2568 951 2839 1021 eundem,
2889 969 3069 1025 quem

1785 1042 1829 1098 T
1845 1041 1883 1098 h
1901 1059 1931 1097 e
1950 1059 1981 1098 ο
2001 1040 2034 1096 d
2054 1058 2087 1098 o
2104 1060 2134 1097 r
2149 1059 2179 1097 e
2195 1042 2279 1098 tu
2296 1059 2323 1098 s
2355 1041 2417 1098 in
2452 1039 2793 1099 divinorum
2826 1040 3067 1117 dogma-

1786 1135 1914 1187 tum
1953 1130 2211 1203 epitome
2257 1130 2622 1201 instituerat,
2668 1129 2934 1188 ordinem
2979 1133 3067 1185 te-

448 1219 766 1278 Genitricis
798 1220 905 1277 Dei
936 1219 1142 1277 laudes
1182 1219 1501 1294 praedicat,
1550 1237 1728 1294 quam
1784 1219 1923 1276 nuit
1952 1218 2366 1289 Damascenus,
2414 1220 2476 1276 at
2512 1234 2632 1276 non
2663 1218 2809 1276 item
2839 1218 3068 1276 metho-

452 1308 743 1384 singulari
776 1309 945 1367 cultu
990 1311 1052 1367 et
1094 1327 1291 1367 amore
1332 1309 1728 1383 prosequeba-

450 1401 612 1460 tur.‘
675 1398 762 1455 lta
801 1397 1057 1472 legimus
1088 1398 1151 1455 in
1181 1399 1315 1460 lect.
1350 1397 1414 1455 V.
1446 1397 1615 1455 Noct.
1648 1396 1724 1456 ΙΙ.

453 1485 738 1544 Breviarii
801 1487 1045 1548 romani.
1127 1486 1307 1562 Saepe
1379 1486 1731 1561 prodierunt

448 1576 580 1649 ejus
626 1593 801 1650 opera
846 1576 1090 1634 collecta
1105 1570 1173 1656 1),
1220 1575 1489 1634 Basileae
1531 1585 1728 1644 15483

461 1672 657 1733 1559;
700 1674 863 1727 1575
900 1664 964 1722 in
994 1666 1061 1733 f.;
1097 1683 1239 1722 cura
1270 1664 1531 1733 BiIlii,
1566 1665 1731 1721 Pari-

453 1753 578 1811 sius
617 1762 817 1822 1577;
859 1763 1024 1816 1619
1060 1753 1147 1811 ed.
1157 1755 1282 1829 jam
1317 1753 1573 1823 auctior3
1607 1771 1731 1814 cur.

1787 1302 2010 1387 dum1).
2084 1307 2194 1365 Ille
2244 1308 2401 1366 enim
2453 1326 2523 1364 ex
2572 1307 2798 1382 proprii
2840 1306 3068 1383 ingenii

1787 1395 2094 1454 molimine
2114 1396 2388 1455 adductis
2410 1414 2609 1454 sacrae
2629 1397 2877 1473 paginae
2896 1395 3070 1453 testi-

1788 1485 2005 1544 moniis
2039 1485 2322 1543 adversus
2353 1486 2676 1544 haereticos
2717 1485 2879 1543 varia
2910 1502 3069 1542 com-

1787 1592 2015 1649 ponens
2035 1577 2519 1651 argumentorum
2547 1593 2764 1651 genera
2795 1592 3070 1649 compen·

1789 1663 2035 1721 diariam
2084 1664 2418 1740 theologiae
2469 1663 2714 1740 digessit
2767 1663 3068 1721 tractatio·

1789 1772 1954 1810 nem:
1988 1755 2191 1811 noster
2221 1772 2359 1811 vero
2391 1770 2511 1811 non
2542 1773 2612 1812 ex
2636 1752 2943 1828 Scriptura
2974 1769 3070 1809 so-

451 1841 543 1899 Le
577 1841 822 1910 Quien
856 1842 1100 1901 Parisiis
1127 1853 1153 1904 1
1171 1851 1293 1904 712
1318 1845 1361 1899 t.
1386 1852 1419 1904 2
1453 1841 1541 1900 ed.
1562 1861 1730 1916 prae·
1787 1843 1933 1911 lum,
1984 1860 2193 1900 verum
2240 1843 2422 1900 etiam
2467 1860 2537 1899 ex
2583 1841 2953 1918 conglobatis
2994 1859 3070 1902 sS.

453 1931 851 2001 stantissima3
900 1930 1164 1989 Venetiis
1204 1941 1405 2000 17483
1451 1949 1657 1989 recusa
1700 1950 1735 1988 a

454 2018 706 2095 Migne
757 2020 817 2081 P.
853 2021 916 2081 G.
950 2023 993 2077 t.
1031 2028 1309 2090 94-96,
1336 2021 1509 2094 juxta
1553 2039 1733 2095 quam

452 2126 701 2183 operum
733 2107 1042 2167 elenchum
1090 2107 1527 2167 exhibebimus:
1576 2109 1734 2167 Fons

453 2198 723 2254 scienciae
767 2194 953 2283 (πηγὴ
1004 2196 1321 2280 γνώσεως),
1374 2200 1546 2272 cujus
1597 2216 1732 2272 pars

455 2285 616 2359 prior
663 2302 730 2342 ac
787 2286 955 2344 velut
1004 2286 1365 2345 introductio
1417 2287 1734 2345 Dialectica

452 2376 565 2442 est,
605 2368 883 2455 (Migne
904 2374 1096 2446 XCIV,
1130 2373 1505 2455 521—676)
1527 2377 1597 2434 de
1618 2395 1737 2452 qua

457 2462 550 2520 Le
584 2461 827 2530 Quien
860 2465 921 2521 in
951 2464 1129 2540 praef.
1150 2468 1379 2523 censet:
1415 2466 1598 2539 ‚Ipsa
1628 2484 1734 2523 no-

408 2570 411 2571 ’
456 2551 567 2609 stri
601 2553 876 2612 Auctoris
909 2553 1215 2613 dialectica
1252 2554 1408 2613 tanti
1452 2554 1737 2613 momenti

457 2658 586 2698 esse
606 2641 860 2713 videtur,
896 2645 967 2701 ut
997 2643 1288 2702 affirmare
1303 2663 1423 2702 non
1444 2644 1733 2714 dubitem,

456 2747 611 2803 eum,
672 2731 778 2805 qui
829 2732 992 2789 illam
1044 2733 1239 2809 legere
1290 2733 1733 2807 contempserit,

456 2819 678 2877 nedum
710 2820 775 2878 in
806 2822 1168 2891 Damasceni,
1221 2822 1323 2880 sed
1371 2822 1434 2880 in
1480 2822 1735 2880 aliorum

453 2926 696 2983 quoque
744 2910 1048 2968 orientalis
1081 2910 1374 2968 Ecclesiae
1419 2911 1734 2987 magistro-

455 3016 592 3054 rum
622 2999 923 3075 theologia
967 2999 1265 3075 hospitem
1307 3018 1549 3075 prorsus
1593 3000 1735 3061 fore.

456 3086 529 3142 In
573 3105 640 3144 ea
684 3088 921 3162 quippe,
967 3089 1208 3146 tametsi
1253 3089 1349 3147 vel
1393 3088 1737 3164 plusculum

456 3174 725 3233 fortassis
747 3177 974 3251 prolixa
992 3177 1283 3247 videatur,
1310 3178 1735 3252 expositionem

458 3265 699 3340 collegit
718 3285 926 3324 vocum
947 3267 1229 3337 omnium,
1264 3285 1412 3341 quas
1447 3285 1519 3328 ss
1540 3270 1736 3341 patres

456 3355 651 3428 graeci
684 3355 808 3412 sive
839 3355 1199 3429 disputando
1219 3356 1507 3413 adversus
1532 3356 1737 3414 haere-

457 3442 624 3508 ticos,
662 3443 785 3500 sive
818 3444 975 3517 apud
1005 3444 1319 3503 catholicos
1348 3444 1484 3502 fidei
1516 3445 1736 3502 doctri-

458 3550 593 3587 nam
646 3530 1010 3589 enucleando
1060 3532 1492 3591 adhibuerunt:
1559 3537 1736 3608 atque

460 3637 557 3676 eas
578 3619 841 3692 insuper,
879 3620 1099 3694 quibus
1123 3621 1399 3680 haeretici
1420 3623 1736 3698 gentilium

456 3707 946 3782 philosophorum
966 3710 1197 3783 placitis
1218 3711 1453 3780 imbuti,
1486 3712 1549 3769 in
1571 3729 1737 3768 suam

458 3796 1006 3873 simpliciorumque
1052 3799 1372 3874 perniciem
1409 3799 1738 3858 abuteban-

457 3888 621 3941 tur.‘
686 3886 891 3945 Altera
922 3889 1112 3945 veluti
1143 3906 1277 3963 pars
1310 3892 1402 3946 est
1434 3889 1471 3946 l.
1504 3891 1572 3946 de
1603 3891 1736 3946 hae-

460 3974 681 4032 resibus
744 3973 1020 4055 (Migne
1084 3977 1274 4046 XCIV,
1343 3989 1418 4038 67
1434 3975 1736 4059 7-781),

459 4063 562 4137 qui
598 4083 811 4140 magna
856 4085 924 4122 ex
971 4071 1139 4139 parte
1186 4066 1441 4140 epitome
1488 4071 1581 4124 est
1617 4086 1738 4124 ma·

540 4295 573 4358 ¹)
601 4287 681 4340 De
725 4289 846 4357 ejus
889 4289 1155 4359 operibus
1196 4289 1382 4354 editis,
1424 4290 1658 4342 ineditis
1688 4293 1741 4342 ct

460 4359 772 4428 suppositis
837 4363 905 4413 cf.
982 4360 1382 4414 Fabricius
1404 4360 1742 4413 ·Hurless

463 4429 555 4492 IX,
584 4438 687 4486 682
709 4448 776 4482 ss.
800 4431 876 4502 (M
895 4430 914 4482 i
930 4451 967 4501 g
986 4450 1020 4483 n
1039 4448 1066 4483 e
1096 4432 1287 4494 XCIV,
1316 4437 1477 4500 9-65).
1506 4432 1741 4484 Brevem

1789 1931 2027 2005 patrum
2050 1932 2384 2001 sententiiS,
2416 1950 2486 1989 ea
2518 1950 2636 2005 qua
2666 1950 2773 2005 par
2790 1932 2921 1988 erat
2938 1933 3071 1987 tum

1789 2019 2238 2094 perspicuitate,
2284 2023 2414 2078 tum
2457 2019 2755 2078 brevitate
2785 2019 3069 2077 inexhau-

1792 2111 1953 2166 stum
2004 2109 2346 2167 traditionis
2398 2108 2873 2184 promptuarium
2935 2126 3071 2183 pro·

1790 2197 1951 2267 tulit,
2001 2198 2062 2255 in
2111 2216 2232 2272 quo
2277 2198 2430 2256 nihil
2463 2197 2724 2272 reperire
2763 2197 2862 2267 sit,
2912 2197 3072 2271 quod

1791 2285 1888 2343 vel
1934 2287 2007 2344 ab
2053 2286 2443 2345 oecumenicis
2489 2286 2731 2362 synodis
2778 2286 3070 2344 sancitum

1791 2393 1912 2432 non
1942 2376 2125 2433 fuerit
2156 2376 2249 2433 vel
2281 2396 2315 2434 a
2341 2376 2610 2450 probatis
2631 2375 2924 2434 Ecclesiae
2945 2393 3069 2432 ma-

1791 2464 2000 2540 gistris
2033 2467 2356 2539 acceptum.
2420 2466 2491 2522 In
2540 2464 2750 2540 primis
2794 2482 2934 2522 vero
2982 2481 3072 2520 se-

1792 2559 1967 2611 cutus
1994 2557 2087 2612 est
2111 2554 2158 2612 G
2173 2573 2249 2613 re
2265 2574 2305 2631 g
2320 2572 2352 2612 o
2367 2553 2493 2612 riu
2508 2573 2567 2612 m
2591 2553 3027 2612 nazianzenum.
3042 2560 3070 2594 ⁴⁵

1791 2643 1867 2700 Et
1912 2643 2164 2701 aliorum
2218 2648 2454 2718 patrum
2495 2642 2839 2701 nominibus
2869 2660 3074 2700 recen-

1795 2733 1946 2802 sit-is,
1995 2731 2216 2806 quibus
2265 2750 2412 2790 usus
2459 2735 2552 2789 est
2598 2734 2805 2790 auctor
2849 2733 3071 2800 noster,

1793 2822 1878 2878 ita
1897 2821 2281 2896 prosequitur
2300 2821 2378 2878 Le
2401 2821 2624 2890 Quien:
2658 2858 2686 2889 ,
2701 2820 2928 2878 Horum
2950 2839 3074 2878 om·

1792 2910 1962 2967 nium
2024 2910 2194 2968 lectis
2259 2911 2394 2967 hinc
2445 2909 2584 2968 inde
2637 2909 3073 2967 sententiarum

1794 2999 2038 3057 floribus
2092 2999 2513 3057 saluberrimae
2565 2998 2867 3056 doctrinae
2934 3016 3075 3056 sua·

1793 3088 2036 3146 vissima
2067 3088 2246 3146 mella
2290 3087 2557 3146 confecit.
2622 3086 2691 3144 Id
2737 3087 2892 3145 enim
2941 3105 3076 3162 pro-

1794 3179 2076 3252 posuerat
2106 3177 2240 3245 sibi,
2294 3179 2364 3234 ut
2409 3195 2516 3234 sua
2548 3173 2925 3251 nequaquam
2969 3178 3078 3233 aut

1792 3284 1945 3323 nova
1975 3265 2233 3337 cuderet,
2277 3264 2380 3324 sed
2412 3267 2680 3323 veterum
2713 3265 2916 3340 potius
2947 3265 3074 3339 pla·

1793 3355 1909 3412 cita
1958 3354 2138 3412 variis
2190 3355 2252 3412 in
2303 3353 2709 3413 voluminibus
2760 3371 2961 3428 sparsa
3010 3354 3076 3410 in

1793 3463 1983 3501 unum
2028 3461 2179 3518 opus
2225 3443 2628 3520 theologicum
2674 3446 3074 3519 congereret.‘

1797 3532 1959 3607 Opus
2021 3533 2084 3589 in
2145 3533 2411 3606 antiquis
2461 3532 2690 3608 graecis
2741 3531 2906 3593 codd.
2955 3549 3077 3589 non

1795 3623 2095 3696 comparet
2126 3621 2387 3679 divisum
2420 3621 2483 3679 in
2516 3621 2578 3679 ll.
2614 3632 2670 3699 4,
2704 3620 2807 3678 sed
2839 3623 3078 3677 tantum

1795 3711 1858 3767 in
1890 3728 2012 3785 cap.
2034 3728 2094 3779 c;
2147 3710 2474 3786 excogitata
2491 3710 2732 3768 videtur
2762 3727 2831 3766 ea
2863 3709 3079 3767 divisio

1797 3820 1829 3856 a
1861 3800 2060 3857 latinis
2094 3798 2166 3857 ad
2198 3818 2463 3857 normam
2496 3800 2558 3856 ll.
2582 3809 2618 3859 4
2642 3798 3076 3856 sententiarum

1799 3888 1955 3946 Petri
1988 3887 2320 3957 Lombardi,
2353 3888 2449 3946 cui
2480 3888 2879 3945 Damascenus
2909 3906 3079 3962 prae-

1796 3976 1906 4034 ivit
1951 3978 2234 4051 exemp10‚
2287 3977 2444 4034 unde
2491 3976 2684 4034 dictus
2735 3979 2827 4034 est
2876 3997 2909 4033 a
2958 3994 3080 4034 non

1797 4067 2031 4123 nemine
2065 4067 2437 4140 ‚Graecorum
2478 4064 2882 4124 Lombardus‘.
2947 4064 3079 4122 Ali-

1798 4155 2030 4229 quoties
2063 4154 2284 4229 prodiit
2315 4155 2423 4212 hoc
2454 4172 2604 4229 opus
2638 4171 2922 4222 seorsum,
2957 4152 3082 4228 pri-

1798 4263 1962 4301 mum
2007 4262 2214 4320 graece
2274 4239 2516 4323 (solum)
2562 4242 2824 4300 Veronae
2885 4251 3037 4305 1531
3064 4263 3080 4309 ;

1797 4351 2002 4408 graece
2049 4335 2110 4389 et
2145 4333 2331 4391 latine
2389 4341 2582 4400 1548;
2641 4341 2839 4402 15753
2886 4331 3082 4390 versio

1798 4421 1924 4479 sine
1957 4424 2125 4479 textu
2157 4440 2363 4497 graeco
2396 4420 2643 4479 Parisiis
2671 4429 2870 4490 15773
2912 4430 3078 4483 1603

460 4517 502 4552 s,
546 4500 784 4555 Joanuis
839 4504 1015 4555 vitam
1058 4503 1381 4572 composuit
1427 4501 1741 4557 joannes
1797 4513 1858 4567 et,
1899 4521 2095 4578 18173
2150 4510 2471 4568 versionem
2522 4512 2582 4568 et
2626 4527 2735 4567 nos
2785 4509 3083 4568 edidimus

462 4572 553 4624 vl.
584 4572 907 4641 patriarcha
939 4574 1477 4642 hierosolymitanus
1518 4585 1562 4636 «ᾧ
1600 4579 1741 4644 969),

462 4659 608 4708 quae
636 4648 821 4696 exstat
848 4644 903 4695 M
926 4644 1051 4715 ign
1071 4663 1098 4698 e
1132 4647 1238 4700 PG.
1264 4645 1457 4709 XCIV,
1488 4653 1739 4704 429·4.‘j‹);

462 4713 671 4765 Romae
705 4721 868 4770 1553:
910 4715 971 4767 in
999 4718 1121 4768 Act.
1152 4719 1243 4770 SS.
1274 4725 1320 4772 6.
1350 4718 1480 4782 Maj.
1524 4718 1589 4776 11,
1622 4724 1741 4771 111-

470 4785 697 4836 119001.
727 4793 832 4840 843
859 4791 915 4838 et
940 4786 1060 4848 Vll,
1089 4796 1209 4842 613.

1879 4791 1912 4858 ¹)
1949 4790 2022 4839 [ta
2057 4788 2138 4839 Le
2168 4792 2264 4851 Qu
2289 4787 2354 4840 ie
2374 4807 2406 4839 n
2436 4787 2495 4840 in
2527 4789 2781 4858 prologo,
