3505 5161
506 240 631 294 419
997 224 1297 277 431-500.
1325 218 1577 276 Historia
1604 220 1799 275 eccles.
1826 217 2024 274 Victor
2051 218 2149 273 vit.
2180 219 2633 290 Agathangelus,
2996 236 3118 289 420

505 409 912 469 calamitatum
942 406 1225 483 aequalis.
1290 405 1494 481 Coepit
1536 405 1690 465 illud
1736 423 1784 465 c.
1839 408 1959 467 ant.
1991 405 2081 465 111
2112 424 2171 482 p.
2210 418 2233 468 l
2276 426 2331 483 p.
2374 415 2614 475 1—583
2650 407 3125 486 Petschenig

503 518 555 558 a.
609 506 733 562 486
786 500 966 574 atque
1015 515 1082 555 ea
1131 495 1567 571 complectitur,
1631 513 1785 570 quae
1841 490 2039 576 (cujus
2099 494 2171 557 cf.
2232 495 2371 559 diss.
2442 495 2538 556 die
2600 495 3124 555 handschriftliche

506 586 757 647 Vandali
773 585 999 646 haeresi
1016 585 1250 644 arianae
1265 583 1487 643 addicti
1502 582 1785 643 adversus
1842 582 2330 662 Ueberlieferung
2374 585 2477 643 des
2525 584 2731 644 Victor
2769 604 2822 645 v.
2854 583 2924 648 V.
2956 584 3123 643 Wien

503 676 863 736 orthodoxos
913 673 1256 735 commisere
1317 674 1392 732 ab
1452 690 1657 732 eorum
1719 673 1786 731 in
1851 668 2045 751 1880)
2079 670 2339 733 Viennae
2378 682 2536 738 1881
2598 675 2660 733 in
2711 692 2869 751 corp.
2923 674 3123 749 script.

504 766 763 825 Africam
824 764 1101 842 ingressu
1160 782 1212 825 a.
1276 771 1400 825 429
1464 779 1657 837 usque
1711 761 1787 819 ad
1840 761 1982 820 eccl.
2013 762 2051 821 L
2084 765 2128 826 t.
2160 761 2287 823 Vll.

507 854 791 914 Hunerici
821 855 1073 913 mortem
1105 847 1309 933 (484),
1355 848 1450 909 ita'
1485 853 1684 909 tamen
1714 854 1788 909 ut

505 944 694 1003 multa
746 941 1215 1019 praetermiserit
1275 940 1402 1001 sive
1453 939 1613 1015 quod
1662 957 1784 997 non
1933 949 2079 1004 236.
2112 939 2183 998 In
2226 941 2473 1000 historia
2503 961 2551 1000 s.
2592 942 2864 1019 Greyorii
2896 940 3123 1000 Illumi-

504 1032 650 1092 satis
682 1031 910 1091 suerint
939 1033 1097 1101 nota,
1148 1030 1273 1089 sive
1307 1030 1468 1104 quod
1499 1047 1568 1088 ea
1598 1027 1787 1105 potis·
1842 1030 2081 1104 nator-1⁶3,
2130 1029 2381 1105 apostoli
2414 1033 2476 1089 et
2507 1029 2687 1106 primi
2718 1030 2981 1107 episcopi
3010 1031 3123 1090 Ar—

505 1122 715 1181 simum
738 1120 1020 1181 statuerit
1037 1118 1273 1189 referre,
1297 1137 1449 1193 quae
1468 1118 1594 1193 ipse
1614 1116 1786 1176 testis
1841 1118 2090 1189 maniae,
2139 1119 2314 1194 cujus
2359 1122 2567 1181 auctor
2608 1119 2959 1195 perhibetur
2987 1120 3122 1195 qui·

504 1211 779 1270 oculatus
810 1208 1046 1272 viderit.
1095 1206 1507 1284 Distinguitur
1537 1206 1601 1265 in
1631 1205 1694 1264 ll.
1715 1205 1784 1275 V,
1842 1207 1978 1266 dam
2010 1207 2411 1284 Agathangeli
2462 1209 2703 1268 nomine
2749 1204 2923 1289 (num
2967 1206 3122 1278 ficto,

505 1298 819 1359 recentiori
865 1300 1060 1356 aetate
1104 1297 1169 1356 in
1212 1295 1318 1367 111,
1369 1298 1552 1374 atque
1597 1294 1635 1356 l.
1680 1294 1787 1354 111.
1840 1315 1918 1355 an
1950 1312 2106 1368 vero,
2141 1291 2441 1378 dubium),
2476 1298 2581 1374 qui
2614 1297 2885 1357 floruisse
2904 1297 3126 1356 dicitur

506 1388 920 1463 complectitur
962 1386 1327 1463 praeclaram
1357 1383 1786 1461 professionem
1832 1386 1961 1461 jam
1994 1404 2105 1444 sec.
2136 1385 2235 1455 IV,
2269 1387 2443 1446 testis
2492 1387 2728 1446 auritus
2760 1390 2822 1447 et
2852 1386 3123 1445 oculatus

503 1477 641 1537 fidei
672 1477 1101 1537 catholicorum
1137 1474 1549 1551 episcoporum
1582 1473 1787 1531 Hune-
1841 1478 2149 1551 gestorum
2182 1493 2332 1550 quae
2363 1478 2582 1547 narrat,
2622 1476 2798 1553 plura
2829 1475 3124 1534 habentur

504 1565 629 1625 rico
675 1565 801 1642 regi
847 1565 1108 1625 oblatam
1153 1564 1227 1623 ab
1259 1563 1366 1621 Eu
1380 1562 1612 1639 genio
1660 1561 1786 1637 epi-

504 1674 678 1731 scopo
716 1653 1159 1731 carthaginensi
1194 1648 1601 1734 (480-505)
1647 1668 1785 1709 con-

504 1738 887 1825 cinnataml).
919 1744 1047 1802 Hoc
1077 1745 1278 1801 autem
1298 1740 1585 1817 opusculo
1609 1740 1787 1809 ,nul-

505 1834 633 1892 lum
664 1832 820 1892 forte
863 1831 1164 1891 illustrius
1211 1833 1320 1901 est,
1366 1829 1570 1906 inquit
1599 1828 1741 1887 Rui
1760 1860 1785 1873 -

504 1925 685 1981 nart
728 1922 793 1981 in
837 1920 1018 1998 praef.
1052 1938 1194 1980 suae
1225 1920 1314 1980 ed.
1346 1938 1404 1978 n.
1440 1928 1500 1989 3,
1549 1918 1613 1977 in
1657 1920 1788 1977 tota

504 2010 866 2087 antiquitate
933 2013 1388 2069 monumentum
1407 2052 1421 2079 ,
1502 2007 1787 2066 utiliusve

506 2103 613 2158 aut
657 2098 953 2158 efficacius
1001 2101 1136 2157 tum
1179 2098 1252 2156 ad
1298 2096 1784 2156 inflammandum

507 2188 570 2246 in
602 2187 869 2247 fidelium
901 2187 1242 2263 pectoribus
1273 2191 1335 2245 et
1383 2185 1596 2245 animis
1628 2184 1785 2244 chri·

508 2277 736 2336 stianae
754 2276 1062 2354 religionis
1080 2275 1351 2334 studium
1380 2294 1448 2334 ac
1477 2274 1784 2343 fervorem,

506 2369 640 2425 tum
683 2365 757 2424 ad
802 2363 1198 2424 confirmanda
1242 2381 1438 2423 sacrae
1484 2362 1786 2422 doctrinae

495 2454 792 2531 dogmata,
831 2458 964 2513 tum
999 2454 1257 2529 denique
1289 2453 1361 2511 ad
1394 2450 1786 2511 revincendos

498 2543 821 2603 haereticos
883 2546 1008 2603 tam
1069 2545 1297 2604 veteres
1349 2560 1528 2618 quam
1581 2558 1782 2600 recen-

498 2633 746 2691 tiores.‘
828 2632 1057 2692 Prodiit
1104 2651 1173 2691 ea
1221 2631 1472 2691 historia
1520 2630 1783 2707 saepius,

497 2721 684 2782 octies
717 2723 929 2781 saltem
961 2739 1071 2780 sec.
1105 2731 1204 2784 16.
1240 2720 1353 2779 sub
1383 2720 1625 2779 nomine
1649 2718 1782 2779 Vic-

500 2811 644 2869 toris
690 2810 1008 2882 uticensis;
1053 2810 1321 2886 egregias
1353 2808 1648 2868 editiones
1681 2827 1784 2868 cu-

498 2903 711 2958 rarunt
755 2901 820 2963 P.
864 2901 1069 2958 Franc.
1116 2898 1290 2957 Chif
1306 2897 1485 2968 flet,
1535 2898 1786 2957 Divione

510 2998 705 3058 16643
741 2987 1780 3057 RuinartParisiis1694317373

499 3095 706 3136 recusa
755 3098 789 3135 a
839 3078 1090 3154 Migne
1139 3076 1350 3150 LVIII,
1405 3085 1784 3144 179—2763

499 3165 726 3242 prodiit
769 3169 831 3226 et
876 3165 1035 3225 inter
1077 3183 1280 3241 opusc.
1319 3165 1534 3225 selecta
1564 3183 1641 3224 ss.
1673 3165 1784 3222 PP.

501 3273 534 3314 a
579 3255 753 3315 nobis
799 3255 960 3315 edita
989 3254 1169 3326 XXII,
1225 3262 1572 3318 loo—252
1607 3253 1783 3312 Oeni-

499 3347 682 3420 ponte
725 3354 886 3408 1898
928 3344 1019 3407 ed.
1055 3353 1109 3405 2.
1176 3343 1280 3407 Ed.
1327 3343 1566 3402 criticas
1612 3362 1781 3401 cura·

498 3437 643 3492 runt
683 3433 900 3492 Halm
942 3432 1008 3490 in
1039 3432 1195 3492 Mon.
1229 3433 1420 3494 Germ.
1453 3431 1596 3492 hist.
1629 3435 1783 3494 auct.

502 3637 799 3692 Victori
827 3637 1122 3703 tribuitur,
1149 3638 1251 3706 qui
1279 3654 1475 3694 eorum
1492 3639 1616 3708 jam
1645 3638 1787 3691 fecit

501 3709 853 3764 mentionem
885 3710 947 3772 V,
980 3717 1060 3770 10.
1101 3707 1231 3763 aliis
1257 3711 1449 3763 tamen
1495 3709 1782 3779 refragan-

498 3780 672 3835 tibus,
748 3780 831 3834 Cf.
883 3779 1040 3834 Κιιὸ
1061 3780 1254 3851 pfler
1305 3781 1418 3834 KL.
1472 3781 1591 3844 XII,
1643 3788 1744 3838 911
1771 3802 1783 3840 ;

499 3851 685 3905 Scho
705 3867 734 3904 e
754 3852 1049 3905 nfelder
1076 3852 1146 3906 de
1175 3852 1401 3906 Victore
1425 3852 1644 3909 Vitensi
1676 3869 1782 3922 ep.;

500 3921 634 3975 diss.
652 3944 663 3982 ;
692 3922 923 3980 Breslau
957 3929 1122 3980 1899:
1152 3923 1193 3976 P
1211 3940 1242 3976 o
1263 3924 1379 3977 tth
1395 3940 1429 3976 a
1446 3941 1471 3976 s
1488 3927 1512 3976 t

501 3993 814 4048 Nirschl
856 3995 934 4048 ΙΙΙ
975 4004 1002 4061 S
1041 4001 1177 4055 266;
1231 3995 1518 4047 Barden

500 4075 527 4130 ἓ
562 4073 660 4121 113
688 4084 741 4118 n.
770 4072 819 4122 3.

582 4139 616 4207 ¹)
645 4137 834 4206 Hujus
860 4135 1109 4208 Eugenii
1144 4138 1333 4189 exstat
1367 4136 1541 4190 etiam
1567 4140 1783 4205 epistola

494 4206 570 4260 ad
597 4207 750 4262 cives
775 4225 909 4262 suos
937 4225 1040 4278 pro
1068 4207 1442 4261 custodienda
1461 4208 1569 4261 fide
1590 4208 1783 4263 catho-

497 4278 610 4332 lica
651 4280 728 4351 (M
745 4279 768 4332 i
783 4300 820 4348 g
837 4298 874 4333 n
891 4295 920 4332 e
949 4278 1144 4343 LVIII,
1172 4280 1496 4350 769—771).
1550 4279 1785 4334 Praesul

498 4352 621 4403 erat
644 4350 994 4420 apostolicae
1038 4350 1171 4403 fidei
1212 4353 1269 4402 et
1305 4351 1678 4415 constantiae,
1705 4349 1784 4403 ef·

496 4420 817 4475 fusissimae
845 4421 1250 4476 beneficentiae
1279 4420 1339 4473 in
1366 4438 1661 4492 pauperes,
1680 4420 1784 4490 qui

498 4509 600 4561 pro
629 4493 736 4547 fide
767 4494 929 4547 bisin
948 4491 1214 4546 exsilium
1237 4492 1352 4545 fuit
1371 4492 1573 4561 pulsus
1600 4494 1783 4547 deces-

497 4561 686 4630 sitque
714 4564 871 4618 exsul
896 4563 957 4617 in
975 4563 1160 4618 Gallia
1185 4570 1264 4619 13.
1279 4562 1312 4616 J
1317 4564 1396 4617 ul.
1415 4573 1445 4618 5
1459 4573 1472 4618 Ι
1485 4571 1518 4619 3
1534 4563 1596 4617 in
1612 4565 1782 4618 odore

496 4635 836 4690 sanctitatis.
890 4636 973 4689 cf.
1001 4635 1037 4688 S
1054 4652 1082 4687 c
1099 4635 1219 4689 hle
1235 4650 1313 4702 ye
1342 4652 1370 4687 r
1395 4634 1508 4687 KL.
1538 4635 1631 4692 IV.
1660 4638 1782 4693 973.

497 4703 543 4755 T
559 4704 581 4756 i
599 4706 618 4758 l
636 4706 656 4758 l
673 4722 702 4758 e
721 4724 776 4759 m
794 4723 825 4759 0
845 4725 882 4758 n
899 4708 925 4760 t
963 4707 1109 4770 XVI,
1141 4713 1237 4762 561
1269 4723 1370 4764 ss.;
1416 4706 1667 4761 Histoire
1694 4706 1783 4760 lit.

497 4773 570 4826 de
597 4775 655 4828 la
683 4776 771 4829 Fr.
803 4777 896 4838 ΙΙΙ,
924 4782 1152 4832 38—4‘2.

1580 3930 1783 3982 .1091;

1590 4010 1784 4048 ewer

1840 1562 1956 1622 fide
1987 1564 2184 1640 digna,
2226 1564 2330 1623 sed
2361 1567 2422 1623 et
2451 1564 2738 1635 fabulosa,
2772 1583 2925 1641 quae
2957 1582 3121 1640 spec·

1840 1655 1975 1711 tant
2021 1652 2096 1711 ad
2147 1653 2457 1712 historiam
2506 1654 2962 1714 ecclesiasticam
3009 1654 3122 1712 Ar-

1841 1741 2071 1801 meniae
2134 1737 2234 1822 (ab
2296 1761 2348 1801 a.
2412 1739 2809 1823 226—330),
2873 1743 3122 1818 ejusque

1842 1830 2189 1905 praesertim
2221 1830 2296 1890 ad
2328 1830 2504 1891 fidem
2533 1832 2839 1893 conversio
2852 1827 2920 1913 ¹).
2968 1831 3124 1890 Hinc

1841 1919 2073 1995 primus
2122 1920 2306 1978 etiam
2369 1921 2547 1997 hujus
2597 1920 2817 1980 nobilis
2864 1920 3123 1979 nationis

1842 2008 2356 2086 historiographus
2389 2013 2681 2070 censetur.
2746 2010 2890 2069 Tres
2933 2028 3001 2068 ea
3031 2008 3121 2067 hi-

1842 2097 2028 2158 storia
2044 2098 2463 2174 complectitur
2480 2101 2680 2175 partes
2698 2119 2711 2158 :
2745 2111 2794 2163 1.
2814 2098 3121 2158 historiam

1840 2189 1902 2245 et
1932 2187 2286 2263 martyrium
2319 2205 2364 2250 s.
2392 2188 2660 2265 Gregorii
2692 2191 2756 2246 et
2787 2206 2865 2251 ss.
2883 2186 3122 2262 Rhipsi-

1841 2293 1988 2345 mae,
2012 2276 2266 2335 Gaianae
2286 2279 2468 2351 atque
2488 2277 2782 2336 sociarum
2803 2277 2958 2355 (acta
2978 2278 3123 2334 sunt

1841 2361 2167 2445 fabulosa);
2222 2374 2277 2427 2.
2323 2365 2653 2425 doctrinam
2685 2364 3121 2424 Illuminatoris

1841 2456 1903 2513 et
1953 2463 2009 2516 3.
2058 2454 2365 2513 historiam
2405 2454 2809 2514 conversionis
2841 2453 3123 2512 Tiridatis

1840 2542 1996 2621 regis
2058 2546 2119 2603 et
2178 2544 2586 2605 Armenorum.
2670 2543 2892 2603 Textus
2940 2545 3125 2618 prout

1838 2651 2000 2691 nunc
2045 2632 2297 2691 habetur
2324 2637 2417 2692 est
2463 2633 2643 2693 medii
2688 2651 2800 2694 sec.
2835 2633 2919 2702 V..
2960 2650 3117 2692 oom-

1839 2720 2123 2798 plectitur
2154 2726 2354 2780 tamen
2386 2723 2739 2782 documenta
2757 2721 3122 2798 antiquiora;

1841 2813 2042 2869 textus
2063 2810 2433 2870 armeniacus
2454 2811 2756 2887 antiquior
2785 2814 2880 2870 est
2896 2828 3121 2888 graeco,
3176 2811 3183 2816 ’

1840 2900 1947 2974 qui
1991 2918 2060 2958 ex
2105 2899 2211 2959 illo
2257 2900 2562 2959 derivatus
2594 2903 2702 2965 est.
2767 2899 3001 2959 Prodiit
3029 2917 3121 2957 ar·

1840 2989 2102 3047 meniace
2122 2988 2636 3066 Constantinopoli
2660 3002 2677 3051 1
2698 3000 2730 3052 7
2742 2999 2822 3052 09
2840 2993 2902 3048 et
2927 2997 3091 3052 1824
3110 3009 3123 3057 ;

1841 3076 2213 3137 emendatius
2234 3077 2503 3137 Venetiis
2531 3088 2693 3143 1835
2715 3098 2731 3150 ;
2761 3086 2961 3146 18623
2994 3095 3125 3135 ver-

1842 3168 1929 3226 sio
1976 3184 2184 3243 graeca
2230 3164 2475 3243 (omissa
2519 3166 2747 3243 prolixa
2777 3185 2824 3227 s.
2857 3166 3120 3242 Gregorii

1840 3255 2240 3322 institutione,
2303 3275 2456 3332 quae
2519 3255 2772 3315 habetur
2830 3256 2895 3314 in
2956 3256 3125 3314 textu

1841 3341 2144 3421 originali)
2167 3345 2233 3402 in
2251 3346 2399 3404 actis
2421 3345 2537 3415 SS..
2571 3345 2932 3421 Antveipiae
2962 3352 3120 3407 1762

1841 3433 2001 3509 Sept.
2022 3432 2179 3503 VIII,
2215 3440 2599 3504 320—4023
2631 3437 2694 3493 et
2723 3434 2787 3492 in
2806 3434 2870 3492 P.
2892 3433 2965 3492 de
2993 3433 3125 3492 La-

1840 3522 2075 3599 garde
2123 3522 2570 3600 Agathangelus
2616 3523 2742 3581 und
2787 3522 2882 3581 die
2928 3522 3124 3580 Akten

1841 3612 2095 3688 Gregors
2112 3629 2231 3670 von
2250 3612 2586 3683 Armenien,
2606 3612 2935 3688 Gottingeu
2957 3620 3117 3675 1887

1838 3691 1901 3758 in
1924 3710 1992 3770 4;
2054 3701 2191 3759 hinc
2239 3700 2533 3760 derivavit
2584 3700 2782 3759 Sime
2802 3719 2893 3759 on
2940 3701 3121 3759 Meta-

1840 3790 2109 3865 phrastes
2160 3789 2312 3848 Acta
2343 3808 2389 3850 s.
2441 3790 2715 3868 Gregorii
2765 3791 3013 3848 Armeni
3058 3789 3123 3846 in

1839 3878 2092 3955 Migne
2123 3878 2186 3940 P.
2209 3879 2273 3937 G.
2298 3879 2459 3948 CXV,
2482 3887 2849 3948 943—9963
2882 3879 2947 3937 in
2977 3877 3122 3937 actis

1842 3967 1941 4029 SS.
1975 3968 2013 4026 l.
2046 3986 2093 4026 e.
2116 3977 2487 4038 402—413‚
2522 3971 2583 4026 et
2614 3968 2774 4044 apud
2806 3967 3122 4045 Lagarde

1917 4141 1953 4206 ¹)
1995 4137 2076 4190 Cf.
2118 4140 2184 4190 A.
2227 4156 2278 4191 v.
2320 4137 2771 4191 Gutschmid
2833 4137 3061 4206 Agatha
3083 4154 3122 4186 :-

1838 4208 1996 4282 gelos
2040 4207 2306 4263 Zeitschr.
2351 4208 2451 4261 der
2492 4209 2807 4262 deutschen
2848 4207 3122 4276 morgenl.

1840 4280 2144 4334 Gesellsch.
2193 4283 2344 4338 1877.
2386 4279 2584 4344 XXXI,
2626 4286 2828 4338 1-60;
2874 4281 2934 4332 et
2973 4278 3124 4331 inter

1839 4351 1961 4418 ejus
1989 4350 2190 4404 Kleine
2217 4350 2507 4404 Schriften
2548 4350 2756 4406 iterum
2791 4350 2947 4405 edita
2974 4367 3008 4403 a
3035 4349 3123 4402 Fr.

1840 4420 1887 4473 R
1904 4427 1938 4475 il
1957 4422 2031 4476 hl
2056 4422 2152 4484 ΙΙΙ,
2180 4427 2481 4486 339-420,
2500 4422 2671 4490 juxta
2693 4439 2863 4491 quem
2884 4421 3124 4475 historia

1840 4493 1990 4546 nihil
2013 4492 2123 4546 scit
2146 4493 2215 4546 de
2254 4494 2606 4562 Agathan
2628 4495 2817 4563 ge10,
2864 4492 3016 4547 unde
3053 4508 3123 4545 ne

1839 4563 2122 4617 exstitisse
2183 4563 2417 4632 quidem
2481 4565 2712 4618 videtur
2730 4587 2740 4622 z
2813 4563 2858 4617 B
2874 4580 2908 4617 a
2925 4581 2953 4616 r
2966 4563 3002 4616 d
3019 4578 3048 4616 e
3066 4582 3124 4616 n-

1839 4634 2136 4702 hewer5
2168 4643 2267 4691 109
2295 4655 2348 4689 n.
2378 4640 2440 4691 2:
2496 4636 2558 4688 E.
2601 4636 2788 4690 Teza
2834 4636 3123 4705 Agathan·

1838 4707 2000 4775 gelus
2040 4707 2101 4763 in
2141 4706 2362 4761 Rivista
2400 4706 2461 4761 di
2489 4706 2771 4778 Filologia
2817 4710 3041 4776 1881l82
3068 4724 3123 4775 p.

1839 4781 2139 4835 405-417.
