3505 5161
465 240 583 293 537

1431 221 1738 293 Gregorius
1766 225 2110 284 turonensis.

2951 245 3078 298 538

458 408 683 485 prodiit
715 408 938 485 optime
969 407 1204 482 Lipsiae
1234 426 1357 468 cur.
1391 411 1542 467 Aru
1565 409 1646 467 dt
1676 409 1739 467 in
1796 415 2008 468 cutus:
2042 412 2179 470 hinc
2210 412 2365 469 forte
2395 411 2615 470 factum
2650 415 2755 480 est,
2778 416 2848 471 ut
2868 415 3074 489 populi

458 498 700 557 Bischof
725 499 803 560 M.
832 516 948 556 von
978 498 1350 559 Aventicum.
1384 498 1523 556 Sein
1542 498 1739 557 Leben
1796 499 2062 574 clerique
2096 500 2263 559 illius
2295 501 2463 559 urbis
2496 501 2696 560 oculos
2727 502 2788 560 et
2817 522 3075 562 amorem

459 588 582 646 und
602 589 765 646 seine
776 587 1046 647 Chronik.
1069 597 1095 650 1
1111 595 1145 650 8
1157 598 1186 649 7
1203 598 1263 653 ὃς
1283 587 1526 645 seorsim
1554 597 1627 650 18
1642 599 1672 650 ’ἵ
1685 602 1738 646 ⁸.

461 677 668 737 Brevis
702 675 1019 752 subjicitur
1049 676 1102 732 ei
1137 676 1504 735 continuatio
1537 681 1736 735 aucto·

462 767 546 824 ris
568 767 844 841 anonymi
863 766 934 823 ad
958 785 1009 826 a.
1033 774 1178 826 624.
1206 799 1276 808 —
1321 764 1448 823 Vita
1478 784 1524 826 s.
1556 767 1737 843 Siyis-

460 857 664 914 mundi
698 856 867 931 regis,
919 872 1071 929 quae
1121 855 1419 930 reperitur
1463 855 1527 913 in
1573 855 1739 913 Actis

460 948 556 1005 SS.
590 944 663 1003 ad
711 956 756 1001 1.
788 944 921 1019 Maj.
954 963 1010 1018 p.
1047 952 1150 1006 86.
1203 953 1281 1006 87
1337 943 1411 1001 ab
1461 944 1614 1004 Hist.
1648 942 1735 1002 lit.

458 1033 681 1092 Galliae
712 1031 841 1113 (III,
881 1042 959 1094 40
974 1028 1036 1114 2)
1068 1032 1188 1106 ipsi
1219 1028 1671 1114 adjudicatur1).

550 1220 694 1275 302.
742 1211 1031 1287 Georgius
1076 1210 1414 1269 Florentius
1459 1211 1731 1287 Grego-

452 1301 517 1359 ri
536 1320 576 1359 u
593 1318 621 1359 s
651 1300 993 1359 turonensis
1002 1296 1054 1379 ²)
1072 1300 1402 1376 episcopua,
1419 1300 1735 1359 nobilitate

457 1390 713 1466 generis,
778 1389 933 1448 vitae
985 1387 1374 1447 sanctimonia
1417 1407 1485 1447 ac
1528 1389 1734 1447 multi-

459 1479 675 1554 plicum
711 1478 1073 1553 scriptorum
1123 1477 1411 1536 varietate
1454 1479 1612 1536 inter
1642 1496 1734 1536 ce-

461 1572 613 1626 teros
646 1568 777 1627 aevi
802 1568 897 1625 sui
914 1566 1215 1625 antistites
1240 1566 1564 1642 plurimum
1586 1567 1730 1626 emi-

461 1652 662 1739 cuit2).
696 1657 889 1715 Natus
924 1659 1017 1714 est
1052 1665 1149 1718 30.
1172 1656 1320 1714 Nov.
1346 1665 1489 1725 544,
1523 1674 1733 1715 secun·

458 1746 597 1804 dum
631 1746 778 1804 alios
817 1753 939 1808 538
978 1744 1069 1803 vel
1106 1755 1228 1808 540
1265 1746 1515 1803 Arverni
1549 1743 1733 1826 (Cler-

456 1835 938 1915 mont-Ferrand)
1002 1852 1033 1891 e
1094 1833 1464 1892 nobilissima
1512 1832 1734 1893 familia

457 1925 773 1995 senatoria,
836 1943 867 1981 e
929 1940 1049 1998 qua
1108 1924 1310 1998 plures
1388 1924 1738 1997 prodierunt

455 2012 721 2088 episcopi
752 2016 1120 2071 turonenses,
1179 2014 1229 2070 A
1262 2011 1451 2087 prima
1480 2013 1736 2071 infantia

458 2102 531 2160 ab
565 2102 856 2159 avunculo
872 2101 1040 2159 Gallo
1072 2119 1156 2176 ep.
1195 2107 1256 2159 et
1276 2100 1455 2160 Avito
1486 2102 1731 2177 presby·

456 2196 584 2249 tero
618 2190 714 2265 pie
743 2188 861 2248 fuit
889 2190 1192 2253 educatus,
1226 2189 1402 2248 Gravi
1433 2192 1638 2249 morbo
1669 2191 1733 2248 in

455 2279 852 2338 adolescentia
881 2282 1189 2354 correptus
1210 2279 1387 2338 vitam
1421 2281 1585 2338 vovit
1616 2280 1732 2338 cle·

458 2368 714 2430 ricalem.
735 2368 1203 2427 Humanioribus
1221 2369 1522 2444 sacrisque
1542 2369 1734 2428 literis

459 2457 720 2532 impense
754 2475 815 2516 se
847 2457 1012 2516 dedit
1060 2460 1121 2516 et
1152 2457 1227 2516 ob
1257 2459 1609 2534 praeclaram
1642 2459 1734 2516 in-

457 2545 648 2606 dolem
680 2546 962 2607 diaconus
995 2550 1087 2605 est
1119 2546 1448 2609 ordinatus.
1499 2548 1652 2607 Dum
1686 2564 1730 2610 s.

456 2636 697 2695 Mart-ini
726 2637 1071 2695 turonensis
1104 2638 1483 2713 sepulchrum
1514 2637 1734 2696 iterum

454 2726 620 2801 gravi
670 2726 874 2784 morbo
924 2726 1168 2784 affectus
1219 2727 1493 2785 visitaret
1527 2722 1731 2809 (563),

455 2814 560 2872 Dei
621 2814 904 2874 beneficio
965 2813 1281 2874 sanitatem
1341 2817 1733 2890 recuperavit.

453 2904 601 2962 Miro
631 2904 804 2962 illum
852 2908 1121 2962 sanctum
1165 2923 1361 2963 amore
1407 2908 1500 2963 est
1529 2923 1731 2980 prose-

528 3151 568 3216 Ἰ
596 3144 680 3199 Cf.
706 3144 1257 3200 Bardenhewer
1296 3156 1323 3213 ς
1368 3152 1467 3202 115
1507 3166 1563 3199 n.
1592 3157 1622 3203 5
1664 3147 1734 3200 de

453 3217 541 3270 his
591 3215 908 3272 historicis:
960 3218 1029 3271 de
1082 3219 1261 3273 Mario
1306 3221 1496 3272 avent.
1541 3218 1584 3271 P
1601 3236 1633 3272 o
1650 3220 1734 3273 tt-

453 3287 490 3339 h
506 3305 540 3340 a
557 3291 623 3341 st
648 3291 732 3352 76,
761 3287 862 3340 ubi
889 3290 1177 3358 copiosam
1203 3290 1449 3360 reperies
1477 3289 1731 3343 literatu-

450 3375 572 3412 ram
601 3371 670 3413 de
698 3376 795 3418 eo;
823 3359 1100 3430 Knbpfl
1122 3379 1195 3415 er
1222 3361 1511 3424 KL.V11[‚
1538 3367 1660 3418 868.

524 3433 564 3502 ²)
586 3431 728 3485 Vere
745 3430 943 3485 scribit
958 3431 1030 3483 W
1046 3449 1080 3485 a
1096 3435 1122 3486 t
1136 3436 1161 3487 t
1174 3449 1204 3485 e
1222 3451 1260 3485 n
1273 3434 1353 3487 ba
1365 3434 1443 3488 ch
1461 3433 1732 3486 Deutsch·

452 3501 615 3554 lands
642 3501 1033 3571 Geschichtsq.
1063 3505 1085 3556 Ι
1111 3513 1138 3570 5
1164 3507 1197 3561 7
1218 3527 1229 3558 :
1281 3503 1487 3558 Mitten
1514 3504 1578 3557 in
1604 3504 1733 3557 dem

453 3572 530 3627 all
573 3575 832 3627 emeinen
851 3574 1174 3628 Verderben
1191 3575 1520 3630 erschienen
1536 3575 1735 3629 immer

454 3658 526 3696 au
555 3663 579 3696 s
597 3661 742 3699 neue
759 3647 1011 3700 einzelne
1031 3645 1284 3712 Manner,
1313 3648 1528 3702 welche
1552 3647 1734 3700 durch

455 3712 722 3769 Reinheit
746 3717 847 3771 der
867 3716 1205 3788 Gesinnung
1226 3719 1344 3772 und
1367 3718 1548 3773 durch
1572 3717 1734 3772 rfick-

456 3784 689 3841 haltlose
736 3788 1000 3858 Hingabe
1044 3788 1198 3844 ihrer
1242 3789 1481 3871 eigenen
1524 3789 1734 3843 Person

455 3856 547 3909 fnr
572 3858 661 3912 die
689 3859 901 3912 Gebote
930 3860 1027 3913 des
1050 3861 1457 3931 Evangeliums
1483 3861 1574 3914 die
1603 3860 1734 3913 Ver-

456 3927 677 4000 ehrung
719 3931 872 3983 ihrer
898 3931 1295 4001 Zeitgenossen
1340 3933 1459 3986 und
1500 3932 1591 3986 die
1637 3933 1734 3986 Be·

456 4000 810 4072 wunderung
838 4002 936 4056 der
958 4002 1256 4057 Nachwelt
1275 4021 1626 4074 erzwangen.
1655 4003 1734 4056 Zu

452 4069 650 4126 keiner
690 4072 811 4126 Zeit
851 4075 996 4126 nach
1039 4075 1150 4128 den
1193 4079 1381 4129 ersten
1406 4075 1606 4128 Jahrh.
1634 4075 1733 4128 der

451 4141 820 4198 christlichen
888 4144 1097 4198 Kirche
1170 4146 1360 4200 finden
1432 4147 1537 4200 wir
1607 4146 1732 4199 eine

449 4221 703 4339 grossere
730 4215 868 4272 Zahl
916 4233 1024 4270 von
1066 4215 1351 4286 Heiligen,
1396 4219 1481 4274 als
1526 4218 1732 4288 gerade

488 4288 684 4351 amala,
738 4287 975 4342 Manner
1023 4288 1142 4341 und
1189 4288 1428 4354 Frauen,
1480 4306 1732 4359 grossen-

453 4358 625 4412 theiis
646 4376 759 4412 von
786 4359 1271 4428 hervorragender
1315 4364 1567 4413 ausserer
1596 4362 1734 4416 Stel-

451 4430 612 4500 lung,
654 4429 745 4483 die
786 4430 966 4483 durch
995 4429 1406 4500 Entsagungcn
1445 4431 1584 4485 aller
1613 4434 1732 4495 Art,

452 4501 633 4555 durch
645 4501 1022 4571 aufopfernde
1034 4501 1540 4573 Wohlthatigkeit‚
1553 4500 1733 4556 durch

451 4572 968 4626 unerschrockenes
980 4574 1285 4626 Auftreten
1297 4589 1477 4643 gegen
1493 4573 1584 4628 die
1599 4574 1730 4627 Ver-

451 4642 695 4697 brechen
724 4643 823 4696 dcr
842 4645 1082 4698 Grossen
1112 4644 1231 4698 und
1248 4643 1593 4716 Machtigen,
1611 4647 1731 4699 sich

452 4713 545 4768 die
609 4715 903 4840 dgenkbare
953 4715 1293 4787 Verehrung
1358 4716 1456 4770 des
1522 4717 1730 4771 Volkes

454 4801 633 4839 erwar
707 4807 763 4841 n.
1136 4809 1140 4816 ·

1797 588 1859 646 in
1923 608 1986 648 se
2034 592 2417 659 converteret,
2481 590 2627 648 adeo
2675 592 2749 649 ut
2796 591 3082 650 defuncto

1795 676 2079 737 Eufronio
2095 679 2367 754 episcopo
2388 678 2652 737 omnium
2687 682 2847 750 voto,
2867 699 3074 755 quam-

1795 767 1887 824 vis
1925 775 2023 830 30.
2057 768 2269 826 aetatis
2297 784 2517 826 annum
2551 768 2648 826 vix
2680 768 2978 845 attigerat,
3014 771 3076 828 in

1795 857 2181 915 turonensem
2211 858 2555 933 episcopum
2602 856 2785 915 fuerit
2830 859 3072 925 electus,

1797 943 2020 1003 frustra
2039 947 2169 1022 ipso
2190 965 2328 1021 prae
2349 945 2692 1005 humilitate
2713 946 3074 1017 obluctante,

1794 1038 1974 1110 atque
2011 1044 2108 1096 22.
2145 1038 2298 1111 Aug.
2335 1043 2458 1097 573
2494 1035 2822 1094 ordinatus.
2866 1036 3076 1115 Gregis

1795 1123 1910 1181 sibi
1945 1144 1979 1182 a
2009 1124 2129 1183 Deo
2163 1124 2462 1183 commissi
2510 1142 2709 1182 curam
2742 1125 2926 1201 gessit
2958 1126 3080 1184 sol·

1794 1212 2035 1284 licitam,
2087 1217 2148 1272 et
2198 1213 2599 1288 imperterrito
2630 1213 2877 1282 fervore,
2930 1234 3072 1289 pru-

1794 1302 1994 1361 dentia
2026 1306 2205 1378 atque
2237 1301 2359 1361 zelo
2408 1302 2619 1379 sagaci,
2667 1321 2881 1379 magno
2913 1305 3076 1379 ejus-

1793 1390 1923 1449 dem
1957 1393 2116 1450 rexit
2150 1392 2379 1450 fructu:
2412 1392 2571 1449 Deus
2604 1391 2785 1449 etiam
2807 1393 2960 1451 servi
2982 1394 3078 1451 sui

1792 1481 2168 1540 sanctitatem
2192 1481 2443 1556 patratis
2463 1481 2621 1538 haud
2654 1499 2785 1538 raro
2819 1482 3071 1541 miracu-

1795 1569 1868 1626 lis
1900 1569 2270 1629 manifestam
2293 1568 2571 1628 reddidit.
2605 1569 2814 1645 Neque
2833 1574 3072 1629 tuntum

1790 1660 2013 1734 populo
2050 1677 2158 1718 suo
2190 1659 2488 1735 praeluxit
2534 1659 2817 1733 exemplo,
2867 1679 3078 1719 verum

1792 1750 1971 1806 etiam
2004 1749 2148 1824 regi,
2183 1762 2318 1807 cum
2350 1746 2634 1823 oportuit,
2676 1748 2816 1806 forti
2850 1749 3074 1807 restitit

1792 1838 2005 1898 anim0.
2067 1837 2200 1896 Non
2231 1837 2495 1913 neglexit
2540 1836 2762 1895 bonum
2797 1838 2890 1895 vel
2921 1842 3071 1896 tem-

1790 1926 1989 2001 porale
2022 1945 2162 1985 suae
2194 1926 2359 1984 urbis
2399 1944 2730 2002 magnaque
2761 1926 3073 1985 fruebatur

1792 2033 1970 2090 penes
2019 2015 2412 2074 Childericum
2462 2032 2658 2091 regem
2703 2015 2913 2090 gratia,
2964 2017 3072 2091 qui

1791 2105 1920 2179 ejus
1952 2105 2201 2163 consilio
2234 2103 2518 2163 utebatur
2539 2107 2599 2161 et
2619 2121 2796 2179 opera
2814 2105 2877 2162 in
2900 2106 3069 2181 regni

1792 2193 2067 2269 negotiis,
2131 2193 2354 2252 Plenus
2401 2193 2631 2251 meritis
2680 2193 2936 2251 decessit
2976 2205 3068 2256 17.

1791 2281 1939 2342 Nov.
1976 2292 2098 2345 594
2154 2282 2252 2357 pie
2282 2282 2347 2340 in
2381 2281 2646 2340 Domino.
2681 2281 2773 2339 Ab
2809 2282 3082 2341 Ecclesia.

1791 2371 1949 2430 inter
1980 2374 2214 2430 sanctos
2248 2371 2484 2429 colitur.

1885 2558 2028 2614 303.
2063 2549 2267 2626 Opera,
2300 2567 2450 2624 quae
2481 2548 2745 2624 reliquit,
2789 2548 3072 2609 historica

1792 2645 1951 2706 sunt,
1985 2640 2228 2716 propter
2256 2657 2407 2712 quae
2427 2638 2543 2696 dici
2562 2638 2782 2696 meruit
2804 2678 2831 2706 ,
2847 2638 3068 2697 Galliae

1791 2727 2145 2798 Herodotus,
2161 2729 2334 2786 Pater
2344 2728 2626 2786 historiae
2643 2727 2863 2785 Galliae
2880 2735 2924 2783 ‘.
2940 2727 3068 2786 Huc

1792 2818 2138 2894 praesertim
2202 2819 2499 2893 spectant:
2579 2815 2844 2874 Historia
2906 2818 3066 2874 eccle-

1789 2909 2025 2966 siastica
2087 2907 2452 2965 Francorum
2515 2906 2571 2962 ll.
2636 2904 2715 2975 X,
2780 2904 3076 2980 inscripta

1789 2997 1968 3055 etiam
2036 2996 2210 3053 Gesta
2271 2995 2668 3066 Francorum,
2743 2993 3069 3052 Chronicon

1790 3082 2068 3165 (Migne
2100 3084 2296 3152 LXXI,
2342 3079 2726 3163 159—573).
2774 3081 2900 3151 Quo
2935 3080 3068 3157 pross

1789 3174 1926 3249 pius
1958 3174 2032 3232 ad
2065 3193 2172 3232 sua
2216 3173 2440 3232 accedit
2484 3176 2765 3247 tempora,
2799 3189 3065 3246 praeser-

1789 3264 1901 3321 tim
1934 3283 1968 3321 a
1998 3264 2036 3321 1.
2072 3273 2127 3324 4.
2160 3281 2227 3321 eo
2272 3261 2482 3331 fusius,
2526 3260 2878 3330 accuratius,
2923 3261 3064 3319 fide-

1790 3352 1907 3411 lius
1940 3352 2092 3410 facta
2122 3351 2404 3410 memoria
2448 3350 2629 3426 digna
2673 3349 2846 3407 testis
2895 3368 3068 3426 saepe

1789 3443 2058 3500 oculatus
2090 3440 2388 3500 describit.
2423 3437 2574 3497 Hinc
2594 3457 2661 3497 eo
2682 3457 2855 3513 opere
2874 3439 3072 3497 multa

1788 3530 2000 3589 insunt
2030 3530 2207 3589 utilia
2237 3534 2366 3588 tum
2400 3529 2474 3588 ad
2493 3529 2803 3587 historiam
2823 3546 3068 3598 sacram,

1788 3622 1919 3677 tum
1952 3618 2024 3677 ad
2046 3619 2263 3678 veteris
2286 3618 2577 3678 Ecclesiae
2598 3617 2974 3692 disciplinam
3006 3622 3066 3676 et

1790 3709 2107 3785 gallicanae
2127 3707 2407 3783 liturgiae
2427 3707 2614 3765 ritum
2634 3706 3064 3765 illustrandum

1789 3801 1850 3856 et
1880 3798 1952 3855 ad
1984 3797 2119 3855 fidei
2169 3796 2487 3854 catholicae
2531 3796 2810 3872 dogmata
2854 3795 3063 3853 confir-

1790 3886 2017 3945 manda.
2079 3884 2356 3943 Narratio
2402 3887 2495 3942 est
2538 3883 2832 3961 indigesta
2875 3884 3063 3960 magis

1788 3975 2081 4034 factorum
2111 3973 2448 4049 compilatio
2480 3992 2658 4048 quam
2674 3977 2799 4032 arte
2831 3973 3070 4031 concin-

1789 4063 1945 4135 nata,
1998 4063 2176 4122 stilus
2226 4062 2401 4137 plane
2434 4062 2702 4136 simplex,
2737 4062 3061 4137 impolitus,

1788 4154 1906 4212 imo
1922 4152 2109 4222 rudis,
2127 4152 2231 4210 sed
2247 4150 2564 4227 ingenuus,
2583 4151 2839 4226 pretium
2871 4151 3064 4225 operis

1789 4245 2031 4318 propter
2059 4240 2324 4299 auctoris
2357 4239 2756 4298 sinceritatem
2806 4242 2866 4297 et
2897 4257 3063 4295 vera-

1788 4332 2027 4390 citatem
2078 4349 2184 4406 pro
2245 4329 2494 4387 historia
2553 4327 2720 4386 illius
2780 4327 3065 4401 temporis

1789 4439 2087 4479 summum
2103 4419 2165 4496 ¹).
2197 4452 2285 4462 —-
2317 4417 2488 4476 Libri
2511 4418 2924 4474 miraculorum
2958 4416 3062 4494 (ib.

1868 4650 1902 4714 ¹)
1932 4644 2094 4697 Teste
2123 4643 2167 4698 G
2188 4642 2480 4696 iesebre
2499 4643 2620 4695 cht
2644 4641 2746 4709 qui
2772 4642 3062 4722 egregiam

1787 4716 2102 4770 versionem
2114 4712 2496 4785 germanicam
2509 4712 2670 4766 dedit
2680 4713 2745 4766 Li
2791 4729 2905 4765 siae
2931 4718 3066 4770 1878

1787 4788 1874 4841 ed.
1917 4795 1948 4842 2
1989 4789 2026 4840 t.
2057 4793 2106 4851 2,
2151 4791 2236 4839 est
2278 4787 2417 4839 haec
2462 4784 2701 4840 historia
2772 4784 2920 4838 lines
2965 4786 3070 4840 der
