3505 5161
422 255 539 307 665

417 425 635 483 derunt
700 444 768 481 ea
836 422 1136 480 Antonius
1200 425 1250 480 A
1267 443 1307 480 u
1323 442 1363 499 g
1377 441 1415 479 ιι
1436 441 1461 479 s
1479 425 1505 479 t
1522 423 1540 479 i
1559 442 1597 480 n
1613 441 1653 479 ιι
1672 442 1698 478 s

415 513 902 572 annotationibus
981 512 1285 569 illustrata
1301 556 1313 579 ,
1412 516 1471 569 et
1560 512 1698 569 inde

418 605 454 661 S
471 606 491 659 i
508 623 609 661 rm
629 622 662 660 o
682 622 720 659 n
739 601 777 659 d
795 621 833 659 u
852 619 879 659 s
925 602 989 658 in
1035 619 1193 659 conc.
1241 600 1433 658 Gallia
1462 602 1538 667 II,
1594 611 1695 668 99,

416 696 477 750 et
508 692 641 749 aliis
667 690 905 749 omissis
938 690 993 747 H
1009 690 1028 747 i
1044 709 1085 747 n
1102 707 1129 747 s
1147 708 1177 747 c
1194 690 1233 746 h
1248 690 1269 746 i
1287 710 1328 747 ιι
1346 708 1372 747 s
1405 690 1564 747 inter
1584 691 1697 747 De-

417 782 661 839 cretales
725 779 958 838 Pseudo
978 811 1002 822 —
1020 780 1396 849 Isidorianas‚
1462 779 1696 853 Lipsiae

427 880 588 933 1863
641 894 692 945 μ.
744 879 775 929 7
790 879 1043 930 57———76
1058 879 1111 931 9.
1181 868 1293 926 Sed
1342 868 1412 925 de
1458 869 1696 925 auctore

1350 238 1400 288 S.
1429 236 1459 289 J
1466 252 1677 289 oannes
1706 235 2101 292 Damascenus.

2912 258 3036 309 66ss

1757 424 1870 481 cidi
1897 424 2100 498 jussit,
2146 443 2323 498 quam
2369 426 2567 481 tamen
2616 443 2690 481 se.
2729 424 2907 501 Virgo
2944 426 3035 482 in·

1756 514 2060 571 nocentiae
2093 512 2305 571 vindex
2338 512 2529 570 eidem
2561 512 2819 588 benigne
2858 514 3034 571 resti·

1755 603 1892 660 tuit.
1958 601 2085 670 Quo
2127 603 2378 660 maxime
2411 602 2696 660 miraculo
2730 605 3038 677 permotus

1755 690 1794 748 J
1796 710 2030 759 oanneS,
2048 691 2208 766 quod
2225 692 2448 767 pridem
2463 691 2658 748 animo
2672 695 3033 766 conceperat,

1756 781 1998 854 exsequi
2018 781 2251 838 statuit.
2301 780 2509 854 Itaque
2542 798 2716 857 aegre
2749 801 2781 837 a
2802 780 3038 854 Calipha

1755 869 2071 944 impetrato
2119 887 2369 939 secessu,
2419 887 2555 927 suas
2602 888 2803 928 omnes
2849 869 3038 927 facul-

417 978 523 1018 seu
557 959 884 1028 collectore,
933 961 1195 1032 tempore
1240 960 1300 1014 et
1333 957 1455 1015 loco
1489 957 1696 1014 collec-
1752 962 1906 1016 tates
1953 959 2014 1015 in
2061 977 2277 1034 egenos
2325 958 2638 1016 distribuit
2681 963 2859 1033 atque
2902 977 3038 1015 cum

417 1048 599 1107 tionis
622 1048 937 1122 disputant
968 1047 1079 1104 viri
1113 1046 1366 1105 eruditi:
1401 1045 1697 1103 Hadriano
1755 1048 1961 1105 Cosma
1989 1047 2339 1105 institutore
2372 1066 2481 1105 suo
2500 1048 2750 1105 Lauram
2785 1067 2829 1107 s,
2852 1046 3036 1104 Sabae

416 1139 511 1195 vel
543 1138 888 1213 Angilramo
922 1135 1233 1211 supposita.
1265 1155 1299 1193 a
1344 1135 1568 1192 criticis
1602 1154 1693 1192 re·
1752 1155 1934 1211 prope
1955 1137 2427 1213 Hierosolymam
2457 1140 2551 1193 est
2581 1137 2888 1212 ingressus
2923 1136 3036 1193 ibi·
3109 1134 3116 1142 “

416 1226 779 1285 centioribus
810 1229 1155 1283 censentur:
1177 1228 1238 1283 et
1259 1224 1410 1281 forte
1431 1224 1694 1298 ejusdem

417 1334 545 1374 esse
566 1315 986 1390 compilatoris,
1020 1315 1192 1388 cujus
1213 1316 1358 1371 sunt
1377 1312 1697 1370 decretales

416 1403 869 1466 Pseudoisidori.
902 1404 1124 1479 Agitur
1154 1402 1218 1460 in
1249 1402 1323 1460 iis
1344 1402 1697 1477 praeprimis

418 1494 489 1553 de
519 1494 692 1552 modo
724 1492 1076 1568 procedendi
1115 1491 1400 1549 adversus
1434 1491 1695 1560 clericos,

417 1582 771 1642 nominatim
802 1581 1126 1656 episcopos,

1755 1245 1870 1300 que
1903 1226 2216 1284 ordinatus
2249 1226 2573 1301 presbyter.
2632 1226 2702 1282 In
2727 1225 3037 1300 religiosae

1755 1315 1914 1372 vitae
1964 1316 2260 1388 palaestra
2309 1315 2697 1390 praeclariora
2743 1314 3034 1371 virtutum

1756 1404 2020 1477 exempla
2065 1403 2342 1477 praebuit
2387 1403 2763 1461 demissionis
2795 1403 3034 1477 potissi·

1756 1511 1920 1549 mum
1966 1496 2026 1549 et
2076 1492 2464 1550 obedientiae.
2530 1492 2774 1559 Quando
2822 1491 3037 1549 obierit

1755 1599 1872 1638 non
1907 1583 2053 1638 satis
2087 1582 2293 1656 liquet,
2343 1581 2498 1639 sicut
2529 1581 2829 1655 pleraque,
2883 1599 3036 1655 quae

1755 1671 1824 1726 ad
1872 1671 2001 1744 ejus
2051 1673 2319 1745 spectant
2361 1669 2564 1735 vitam,
2611 1670 2815 1745 ignota
2861 1672 3033 1726 sunt:

511 1770 657 1823 366.
707 1760 873 1817 Inter
923 1761 1554 1834 propugnatores
1619 1775 1695 1814 se.
1745 1759 1919 1833 juxta
1951 1759 2181 1833 aliquos
2213 1779 2265 1817 a.
2291 1769 2433 1828 760,
2460 1759 2635 1833 juxta
2656 1759 2802 1816 alios
2835 1776 2881 1815 c.
2909 1767 3032 1819 754

416 1850 744 1925 imaginum
782 1850 920 1923 post
963 1866 1237 1906 romanos
1281 1846 1590 1921 pontifices
1637 1848 1698 1903 et
1752 1848 1845 1905 vel
1871 1849 1994 1922 jam
2025 1851 2212 1917 antea,
2249 1867 2398 1923 quae
2420 1848 2716 1905 sentent-ia
2747 1849 2837 1905 est
2868 1866 3035 1923 prae·

418 1939 775 1997 Germanum
806 1937 913 1997 ΟΡ.
938 1938 1280 2012 episcopum
1313 1954 1451 2011 prae
1483 1934 1696 2009 primis

416 2026 811 2086 nominandus
873 2028 967 2084 est
1022 2045 1067 2085 e.
1117 2026 1154 2083 J
1173 2043 1458 2083 oannes
1508 2024 1698 2098 patria

418 2118 932 2174 Damascenus
978 2134 1036 2172 n.
1071 2135 1116 2172 c.
1168 2125 1310 2181 700,
1360 2113 1548 2171 nobili
1595 2132 1696 2188 ge-

417 2224 556 2264 nere
586 2208 763 2263 natus
785 2207 1174 2279 cognomento
1208 2205 1265 2260 M
1282 2222 1314 2260 a
1329 2222 1368 2260 n
1385 2221 1412 2260 s
1427 2222 1470 2260 u
1484 2222 1514 2258 r
1536 2197 1697 2281 (hinc

416 2294 805 2353 contumeliae
867 2311 1043 2351 causa
1086 2313 1120 2350 a
1152 2294 1350 2351 Const.
1384 2292 1693 2366 Koprony·

420 2403 513 2442 mo
546 2378 874 2466 Μάνξηρος
904 2377 1127 2465 dictus)
1149 2381 1424 2440 humanis
1447 2380 1695 2438 divinis·

417 2490 533 2548 que
570 2473 763 2530 literis
809 2491 844 2529 a
887 2471 1092 2529 Cosma
1122 2471 1409 2529 monacho
1442 2469 1545 2527 CP.
1579 2469 1698 2526 fuit

416 2563 689 2621 excultus
704 2558 773 2644 1).
820 2561 1071 2636 Propter
1094 2579 1269 2619 suum
1301 2578 1408 2636 pro
1442 2577 1518 2620 ss.
1551 2559 1695 2617 ima·

414 2652 655 2729 ginibus
688 2652 881 2709 zelum
912 2651 1127 2708 Leonis
1159 2650 1372 2709 Isaurii
1410 2649 1695 2706 adversus

414 2760 476 2800 se
509 2742 658 2798 iram
691 2741 777 2798 ita
795 2740 1129 2809 concitavit,
1165 2745 1250 2809 ut,
1283 2741 1441 2796 teste
1473 2738 1509 2794 J
1527 2756 1693 2795 oan-

414 2850 501 2888 ne
574 2830 908 2905 patriarcha
977 2828 1503 2903 hierosolymitano
1565 2827 1693 2901 ejus

410 2919 738 2996 biographo
767 2936 815 2977 c.
846 2928 917 2980 15
941 2935 1039 2987 ss.,
1074 2918 1169 2975 hic
1201 2916 1466 2974 confictis
1501 2915 1692 2973 literis

414 3009 611 3084 ipsum
642 3010 946 3080 tamquam
994 3007 1356 3082 proditorem
1402 3004 1694 3062 accusarit

414 3097 573 3173 apud
620 3097 887 3154 Damasci
940 3096 1258 3170 Calipham,
1310 3094 1417 3167 qui
1465 3093 1503 3150 J
1508 3111 1693 3151 oanne

416 3185 752 3245 consiliario
773 3187 835 3242 et
854 3184 1205 3242 administro
1228 3183 1526 3241 utebatur.
1560 3183 1692 3240 Cre-

415 3276 595 3333 dulus
616 3274 810 3332 fraudi
829 3275 1106 3348 princeps
1128 3274 1182 3331 ei
1212 3274 1503 3330 dexteram
1526 3289 1692 3346 prae-

490 3448 525 3516 ¹)
576 3444 1127 3497 Bardenhewer
1177 3454 1203 3508 g·
1257 3449 1358 3497 108
1406 3459 1462 3493 n.
1520 3449 1577 3496 1:
1630 3442 1693 3492 ln

410 3515 695 3571 Johannes
737 3533 788 3568 v.
834 3515 895 3567 D.
948 3515 1101 3567 steht
1145 3515 1291 3567 noch
1336 3513 1549 3565 eininal
1601 3511 1693 3564 ein

412 3587 748 3657 gewaltiger
796 3586 1153 3639 Wortfiihrcr
1198 3586 1297 3637 der
1323 3584 1532 3637 Kirche
1576 3583 1692 3643 auf,

413 3659 683 3712 wahrend
745 3657 1109 3724 ringsumher
1170 3657 1249 3708 im
1301 3654 1693 3723 griechischen

413 3728 622 3783 Reiche
639 3730 732 3782 ein
752 3728 920 3781 tiefer
935 3728 1151 3780 Verfall
1168 3727 1441 3794 geistiger
1462 3726 1694 3794 Thatig-

411 3800 536 3854 keit
563 3802 680 3853 sich
710 3799 871 3853 kund
899 3800 1041 3867 gibt.
1093 3800 1234 3852 Bald
1281 3800 1426 3851 nach
1456 3797 1576 3849 ihm
1606 3798 1693 3849 be·

410 3870 583 3998 {iffi
596 3871 972 3996 saihsta?
988 3869 1693 3994 ssssss'nbssfiissffuf‘fi-ffssffssifffi

1270 3981 1281 4005 ἱ
1387 3973 1397 3990 (
1414 3979 1453 4008 ²5:
1573 3978 1578 3988 '

410 4032 529 4066 nun
557 4014 663 4066 auf
684 4013 1152 4083 dogmatischem,
1194 4013 1328 4065 oder
1369 4012 1476 4063 auf
1496 4010 1693 4062 asceti-

409 4085 616 4148 schem,
644 4086 752 4137 auf
772 4084 1187 4154 exegetischein
1231 4084 1365 4136 oder
1391 4087 1497 4135 auf
1520 4081 1691 4135 histo-

408 4156 649 4211 rischem
679 4156 873 4209 Boden
920 4158 1202 4224 bewegen.
1255 4154 1367 4207 Das
1415 4153 1690 4206 Bewusst-

410 4227 545 4291 sein,
598 4228 725 4280 dass
771 4228 862 4280 die
904 4227 1227 4279 Bliithezeit
1272 4224 1693 4292 theologischer

410 4298 832 4352 Productivitiit
857 4297 950 4351 ein
980 4297 1135 4349 Ende
1163 4313 1518 4366 genommen,
1540 4313 1693 4348 muss

410 4370 630 4423 damals
656 4370 839 4424 durch
867 4370 975 4422 den
1005 4384 1225 4439 ganzen
1254 4368 1454 4421 Orient
1480 4383 1688 4434 gegan-

411 4456 519 4510 gen
548 4442 687 4494 sein.
737 4441 1028 4495 Johannes
1068 4442 1211 4492 setzt
1249 4439 1370 4492 sich
1399 4439 1572 4491 selbst
1598 4437 1691 4490 die

413 4515 692 4583 Aufgabe,
710 4513 827 4576 das,
845 4529 959 4566 was
980 4511 1072 4564 die
1094 4510 1393 4565 Konzilien
1412 4510 1496 4563 bis
1513 4509 1692 4562 dahin

414 4585 754 4654 festgestellt
798 4585 915 4636 und
962 4582 1054 4635 die
1081 4599 1311 4651 grossen
1340 4580 1567 4633 Meister
1594 4580 1693 4632 der

416 4655 642 4709 Vorzeit
665 4658 747 4711 als
775 4654 1184 4709 Kirchenlehre
1212 4654 1456 4720 bezeugt
1482 4653 1688 4715 haben,

410 4744 480 4780 zu
518 4729 707 4780 einem
746 4726 1176 4794 abgerundeten
1204 4725 1431 4777 Ganzen
1479 4739 1691 4776 zusam-

411 4799 826 4852 menzufassen.

1754 1936 2008 2000 ferenda.
2087 1938 2318 2013 Magnis
2381 1937 2663 1994 encomiis
2725 1956 2758 1992 a
2807 1936 3034 2011 graecis

1754 2026 2089 2084 celebratur
2133 2028 2194 2084 et
2238 2046 2272 2083 a
2310 2026 2531 2093 latinia,
2580 2029 2758 2099 atque
2790 2024 2864 2082 ab
2897 2024 3033 2082 uni-

1752 2133 1921 2172 versa
1952 2115 2209 2173 Ecclesia
2240 2116 2397 2173 inter
2429 2118 2663 2172 sanctos
2710 2114 2946 2181 colitur,
3001 2132 3036 2170 a

1752 2203 1947 2261 Leone
1996 2204 2152 2261 XIII.
2214 2204 2375 2262 inter
2430 2204 2693 2261 doctores
2741 2201 3035 2260 Ecclesiae

1754 2295 1847 2349 est
1866 2293 2107 2362 relatus,
2144 2292 2218 2351 ob
2240 2311 2486 2350 aureum
2508 2290 2793 2350 orationis
2815 2292 3035 2349 flumen

1754 2382 2140 2457 Chrysorroas
2189 2401 2223 2438 a
2271 2382 2526 2456 posteris
2584 2381 2896 2441 salutatus.
2964 2381 3033 2437 In

1752 2473 1865 2528 act.
1898 2470 2006 2528 Vll
2047 2471 2258 2546 synodi
2290 2471 2399 2528 VII
2445 2474 2647 2529 contra
2692 2470 3033 2527 anathema·

1751 2560 1960 2619 tismos
2011 2560 2450 2636 pseudosynodi
2513 2560 2616 2617 CP.
2667 2579 2715 2621 a.
2774 2567 2895 2621 754
2948 2558 3036 2617 ita

1751 2649 2238 2724 Epiphanius
2271 2668 2409 2707 eum
2441 2648 2766 2706 collaudat:
2805 2649 3031 2716 ,Joan-

1751 2757 1874 2808 nes,
1927 2738 2030 2813 qui
2082 2738 2156 2795 ab
2208 2739 2293 2795 eis
2343 2735 2767 2816 (iconoclastis)
2813 2736 3032 2811 probro

1751 2827 1878 2884 loco
1899 2828 2143 2884 Mansur
2172 2827 2509 2902 appellatus
2542 2831 2651 2893 est,
2685 2827 2908 2900 quique
2942 2825 3029 2881 di-

1749 2915 1951 2973 missis
1984 2915 2275 2982 omnibuS,
2325 2915 2689 2972 Matthaeum
2731 2914 3029 2989 evangeli·

1751 3008 1906 3061 stam
1940 3005 2288 3072 aemulatus,
2326 3004 2624 3061 Christum
2648 3007 2889 3060 secutus
2920 3007 3028 3071 est,

1748 3094 2000 3167 majores
2063 3093 2302 3151 divitias
2365 3093 2689 3150 arbitratus
2752 3092 3034 3149 thesauro

1748 3182 1911 3239 omni
1944 3183 2224 3251 Arabum,
2270 3181 2655 3257 opprobrium
2691 3179 2925 3248 Christi,
2973 3185 3033 3236 et

1749 3271 1931 3346 elegit
1980 3271 2182 3346 potius
2245 3271 2431 3346 affligi
2491 3288 2626 3328 cum
2691 3268 2860 3344 plebe
2907 3268 3030 3336 Dei,

1750 3379 1934 3435 quam
1953 3361 2336 3435 temporalem
2358 3360 2574 3416 habere
2587 3358 3030 3433 jucunditatem

1750 3449 1989 3523 peccati.
2053 3448 2186 3523 Ipse
2233 3449 2436 3524 itaque
2476 3465 2707 3505 crucem
2755 3465 2925 3505 suam
2970 3449 3031 3504 et

1751 3537 1969 3595 Christi
2018 3541 2263 3612 portans
2310 3556 2564 3612 eumque
2612 3539 2870 3604 secutus,
2925 3554 3034 3610 pro

1750 3627 1979 3684 Christo
2026 3627 2099 3684 ab
2143 3627 2384 3685 Oriente
2416 3646 2522 3701 per
2553 3625 2852 3684 Christum
2885 3625 3034 3681 tuba

1749 3715 1992 3782 cecinit;
2029 3734 2150 3773 non
2182 3716 2553 3772 tolerabilem
2575 3715 2797 3773 ducens
2819 3732 3028 3771 vocum

1749 3805 2091 3873 novitatem,
2127 3822 2278 3878 quae
2310 3805 2371 3860 in
2403 3804 2595 3862 aliena
2614 3804 2856 3879 regione
2877 3802 3033 3860 facta

1749 3898 1893 3962 erat,
1942 3911 2051 3950 seu
2095 3893 2643 3967 praevaricatricem
2693 3892 3030 3967 passionem

1747 3983 2134 4056 rabidamque
2179 3981 2491 4048 insaniam,
2544 4000 2694 4054 quae
2745 3981 3030 4038 adversus

1750 4075 2012 4129 sanctam
2046 4070 2151 4128 Dei
2183 4070 2524 4127 catholicam
2552 4069 2870 4126 Ecclesiam
2903 4071 3032 4125 erat

1749 4164 2015 4219 armata‘
2052 4163 2160 4217 etc.

1842 4348 1987 4399 367.
2019 4337 2234 4395 Mirum
2257 4339 2459 4394 autem
2483 4336 2576 4392 est
2596 4374 2622 4403 ,
2638 4353 2817 4408 quam
2838 4333 3031 4390 multa

1749 4429 1881 4485 tum
1911 4426 1983 4484 ad
2016 4426 2191 4484 fidem
2222 4425 2535 4483 tutandam
2566 4427 2696 4482 tum
2731 4422 2800 4479 ad
2835 4421 3028 4496 pieta-

1747 4520 1871 4575 tem
1920 4515 2228 4573 fovendam
2281 4517 2341 4572 et
2390 4516 2588 4572 soluta
2636 4516 2697 4570 et
2747 4509 3029 4568 adstricta

1745 4604 2013 4662 numeris
2046 4604 2311 4662 oratione
2342 4603 2600 4662 Joannes
2643 4601 3028 4660 elucubrave-

1746 4695 1830 4751 rit
1864 4739 1875 4750 .
1911 4739 1924 4751 .
1958 4739 1970 4751 .
2020 4693 2228 4768 Neque
2259 4693 2419 4751 enim
2451 4692 2641 4751 solum
2672 4692 2876 4750 contra
2906 4688 3027 4746 ico-

1747 4784 2060 4842 nomachos
2103 4782 2477 4840 orthodoxam
2523 4780 2697 4838 fidem
2744 4777 3028 4844 defendit,
