3505 5161
1196 211 1496 261 801—850.
1526 202 1796 259 Historia.
1827 202 2123 274 Agnellus,
2152 199 2394 272 Ludger.
2971 221 3098 276 748

481 222 602 276 747

476 389 763 467 petranda
796 390 1092 466 pontificis
1132 388 1557 450 intercessione
1596 390 1756 465 apud
1815 390 2059 448 fuerunt
2097 390 2334 466 scripta,
2383 389 2832 465 corruptissime
2878 389 3100 449 descri-

477 480 746 539 Carolum
768 481 842 542 M.
865 479 980 537 sibi
1014 479 1323 550 offensum,
1356 480 1451 539 cui
1485 480 1756 538 missioni
1814 479 1954 555 psit,
2004 480 2139 537 hinc
2181 478 2640 556 ,Agnellianam
2673 479 3102 557 stribiliginem

475 571 675 628 tamen
720 588 840 627 non
885 569 1194 643 respondit
1242 569 1502 630 effectus,
1567 569 1756 627 Caroli
1815 569 1938 628 suis
1956 571 2284 627 erratorum
2308 568 2601 644 portentis
2622 569 2843 627 mirum
2875 568 2938 628 in
2967 589 3096 630 mo-

476 657 929 734 per·13avariam
974 661 1103 716 erat
1144 657 1365 717 missus
1408 658 1755 724 dominicuS,
1814 657 1955 717 dum
1989 658 2391 716 obscuriorem
2420 656 2746 718 reddidit«.
2812 658 2964 718 Eum
3003 664 3096 718 ta-

475 752 538 806 et
568 767 636 806 ex
657 748 870 806 abbate
898 766 943 806 s.
964 747 1218 806 Amandi
1238 747 1547 807 elnonensi
1567 748 1758 805 archi·
1814 767 1949 806 men
1968 746 2346 805 doctissimus
2376 747 2480 806 ille
2512 747 2604 806 vir
2634 747 2923 805 edendum
2959 767 3100 808 cen-

475 836 787 911 episcopus
862 836 1323 912 salisburgensis
1400 837 1588 895 sactus
1666 838 1759 894 est
1816 837 1955 907 suit,
1992 836 2177 905 ,licet
2208 836 2511 903 barbarus,
2543 854 2745 895 rerum
2776 840 2837 895 et
2867 840 3096 913 tempo-

476 921 901 1006 (785—821).
993 926 1340 999 Composuit
1418 926 1757 1003 Conyestum
1813 946 1943 985 rum
1978 926 2222 1003 ignarus
2261 926 2358 997 sit,
2404 921 2591 1005 (nam)
2623 926 2831 1002 negari
2862 927 3090 1001 nequit,

475 1033 583 1073 seu
614 1014 943 1073 indiculum
959 1014 1031 1073 de
1047 1014 1215 1073 donis
1235 1014 1452 1074 ducum
1473 1014 1759 1073 Bavariae
1813 1016 1990 1090 plura
2048 1034 2118 1073 ex
2177 1015 2307 1089 ejus
2359 1033 2535 1090 opere
2585 1014 2846 1073 nancisci
2896 1015 3091 1085 licere,

474 1103 902 1179 salisburgensi
940 1104 1215 1162 ecclesiae
1262 1103 1434 1174 datis,
1487 1103 1591 1179 qui
1636 1123 1758 1162 non
1816 1123 1965 1178 quae
2028 1122 2250 1162 sacram
2309 1103 2734 1180 profanamque
2785 1104 3095 1164 historiam

476 1197 634 1251 caret
668 1190 919 1272 pretio1)
964 1212 1073 1268 pro
1119 1193 1299 1267 hujus
1345 1193 1630 1251 dioecesis
1663 1193 1754 1251 hi·
1805 1195 2023 1267 juvent
2071 1238 2083 1251 .
2132 1238 2144 1251 .
2192 1238 2204 1251 .
2281 1193 2644 1251 Antistitum
2705 1197 3094 1253 ravennatum

476 1282 677 1352 storia,
728 1281 885 1356 apud
932 1281 1326 1340 Canisium
1374 1282 1533 1344 Lect.
1568 1283 1755 1357 antiq.
1814 1283 2218 1352 sanctitatem,
2283 1301 2489 1340 eorum
2539 1283 2877 1358 praecipue,
2943 1302 3097 1358 quos

474 1370 597 1428 1112
634 1380 689 1439 2,
727 1379 886 1441 452;
922 1371 1259 1448 Metzger
1290 1371 1429 1434 hist.
1460 1372 1661 1430 salisb.
1697 1390 1754 1447 p.
1811 1372 2069 1447 publicis
2113 1371 2270 1430 votis
2320 1371 2607 1430 catholica
2636 1374 2955 1430 veneratur
2984 1371 3096 1431 Ec-

481 1469 910 1523 1040—1048
946 1463 1074 1530 etc„
1121 1461 1473 1535 praesertim
1518 1461 1756 1519 Keinz
1811 1461 2005 1532 clesia,
2053 1460 2285 1536 primus
2332 1461 2599 1519 omnium
2645 1460 2914 1519 laudavit
2956 1462 3092 1520 effe-

472 1547 785 1608 Indiculus
817 1550 1094 1621 Arnonis‚
1128 1550 1421 1608 Miinchen
1454 1559 1635 1613 1869.
1678 1551 1756 1608 Ut
1811 1550 2027 1625 citque,
2061 1552 2357 1607 uteorum
2377 1554 2506 1608 acta
2523 1568 2919 1623 nosceremus,
2942 1568 3090 1625 quae

473 1657 542 1697 ex
575 1638 842 1714 epistolis
876 1639 1117 1698 Alcuini
1162 1639 1234 1698 ad
1279 1658 1416 1698 eum
1448 1639 1603 1697 datis
1636 1640 1752 1698 col-

473 1727 703 1804 ligitur,
739 1728 976 1803 praesul
1006 1728 1179 1804 plane
1210 1728 1466 1805 insignis
1500 1731 1643 1788 erat.

566 1916 710 1969 407.
756 1906 1021 1965 Andreas
1067 1903 1521 1988 Agnellus2)
1568 1907 1750 1965 abbas

475 2014 518 2053 s,
552 1996 770 2054 Mariae
802 1996 877 2053 ad
906 1995 1259 2054 Blachernas
1306 2000 1366 2053 et
1412 2015 1456 2054 s.
1499 1996 1750 2056 Bartho-

472 2085 685 2142 lomaei
717 2084 1026 2142 Ravennae
1058 2080 1142 2164 (n.
1175 2104 1221 2148 c.
1255 2082 1407 2167 805)
1441 2085 1752 2144 concinna-

472 2173 564 2231 vit
595 2173 733 2231 stilo
766 2173 1023 2248 turgido,
1066 2174 1166 2231 sed
1201 2175 1380 2231 etiam
1415 2193 1586 2249 saepe
1608 2176 1748 2233 sim-

473 2261 617 2336 plici
662 2263 874 2319 librum
913 2263 1296 2336 pontificalem
1332 2266 1595 2321 ecclesiae
1628 2265 1748 2322 Ra-

470 2353 727 2408 vennatis
756 2369 859 2408 seu
893 2351 1045 2409 vitas
1081 2353 1425 2425 pontificum
1461 2372 1746 2412 ravenna-

466 2441 597 2497 tum
631 2459 664 2497 a
697 2458 741 2501 s,
774 2440 1107 2514 Apollinari
1157 2460 1349 2517 usque
1394 2442 1467 2499 ad
1515 2461 1564 2500 a.
1601 2451 1745 2513 845,

468 2547 587 2603 quo
638 2529 700 2587 in
750 2547 843 2604 op.
895 2530 1084 2588 multa
1129 2531 1393 2608 alioquin
1446 2531 1747 2608 incognita

466 2618 647 2676 refert
694 2638 764 2677 ex
813 2620 1215 2678 monumentis
1264 2620 1535 2696 publicis,
1599 2622 1746 2680 ima·

465 2707 730 2784 ginibuS,
764 2708 1257 2784 inscriptionibus
1289 2713 1398 2768 etc.
1459 2710 1748 2769 Fontibus

463 2800 664 2856 tamen
697 2798 933 2872 scriptis
955 2798 1274 2856 oscitanter
1303 2800 1499 2858 utitur
1533 2799 1746 2874 ,quasi

465 2887 774 2960 superbior
816 2889 876 2944 et
922 2887 1126 2945 vanior
1157 2888 1339 2946 fuisse
1371 2887 1626 2958 videtur,
1673 2893 1745 2948 ut

463 2993 532 3031 ex
574 2974 844 3033 fontibus
878 2977 1128 3050 majores
1174 2977 1328 3036 locos
1375 2977 1447 3034 ad
1496 2978 1741 3036 verbum

465 3064 861 3123 describeret‘
888 3059 1465 3144 (Holder-Egger
1487 3086 1543 3141 p.
1569 3062 1742 3148 237).

463 3152 652 3210 Multa
670 3153 787 3211 alia
804 3153 951 3211 vitia
979 3154 1031 3211 ei
1051 3155 1385 3228 exprobrat,
1421 3162 1742 3230 praeeunte

460 3242 775 3300 Bacchinio
808 3243 870 3300 in
903 3243 1081 3317 praef.
1122 3263 1262 3302 suae
1308 3244 1415 3313 ed„
1463 3244 1740 3303 Pinius

461 3331 524 3388 in
536 3331 663 3389 Act.
678 3332 771 3389 SS.
789 3331 828 3389 J
830 3330 911 3393 ul.
924 3331 989 3401 V,
1002 3342 1034 3393 3
1045 3342 1079 3394 4
1090 3342 1123 3395 3
1141 3351 1236 3403 se„
1250 3336 1321 3391 ut
1333 3333 1740 3391 incredibilem

460 3439 655 3478 rerum
690 3424 820 3478 tum
853 3438 1150 3479 sacrarum
1194 3426 1324 3480 tum
1357 3422 1739 3496 profanarum

1812 1640 1958 1697 alias
1992 1639 2371 1714 periissent.‘
2422 1634 2718 1719 Prodiit1)
2753 1639 2882 1714 ejus
2908 1637 3091 1697 editio

1811 1728 2075 1787 Mutinae
2103 1736 2266 1790 1708
2300 1730 2343 1785 t.
2370 1736 2403 1788 2
2437 1728 2502 1786 in
2524 1736 2579 1790 4.
2612 1746 2746 1787 cum
2780 1727 3093 1787 continua-

1810 1819 1970 1876 tione
2019 1817 2080 1875 in
2131 1836 2264 1893 app.
2325 1826 2701 1880 llo—138:
2762 1817 2883 1876 fuit
2930 1817 3094 1877 enim

1809 1907 2194 1965 continuatus
2226 1906 2380 1965 liber
2424 1906 2783 1981 pontificalis
2829 1907 2903 1964 ab
2948 1924 3089 1965 ano-

1807 1997 1987 2071 nymo
2018 1995 2092 2054 ad
2123 2016 2175 2056 a.
2223 2004 2405 2065 1296,
2454 1999 2516 2054 et
2560 2015 2593 2053 a
2637 1996 2824 2054 Paulo
2870 1999 3094 2055 Scor·

1807 2085 1992 2142 dilli
2038 2083 2112 2142 ad
2158 2104 2207 2141 a.
2248 2095 2447 2155 14103
2494 2079 2728 2166 iterum:
2756 2084 2846 2143 ed.
2879 2104 2914 2143 a
2944 2085 3096 2142 Mu·

1806 2174 2054 2232 ratori
2090 2173 2301 2248 Script.
2335 2193 2445 2235 rer.
2478 2175 2550 2233 It.
2580 2174 2656 2243 11,
2712 2185 2762 2243 1,
2820 2186 2845 2236 1
2887 2190 2963 2232 88.
2998 2173 3094 2236 ed.

1807 2263 2117 2321 emendata
2149 2266 2211 2319 et
2253 2266 2459 2333 aucta3
2505 2280 2712 2321 recusa
2758 2281 2794 2320 a
2836 2262 3092 2338 Migne

1808 2352 1945 2420 CVI,
1974 2361 2355 2421 431—-8403
2389 2353 2462 2409 ab
2492 2351 3088 2427 Holder-Egger

1805 2440 1869 2498 in
1902 2441 2026 2500 ΜΘ.
2063 2441 2157 2501 SS.
2203 2461 2314 2502 rer.
2361 2441 2596 2517 langob.
2628 2460 2684 2515 p.
2722 2450 3096 2502 265—391.

1896 2629 2041 2682 408.
2073 2620 2327 2678 Plurimi
2348 2619 2569 2679 versati
2597 2624 2743 2679 sunt
2773 2620 2836 2678 in
2869 2619 3088 2677 descri-

1803 2709 2012 2768 bendis
2044 2711 2183 2768 vitis
2227 2711 2289 2767 et
2334 2708 2639 2767 miraculis
2671 2704 3087 2789 sanctor-urm).

1803 2798 2134 2874 Ludger,
2201 2794 2503 2878 (Liidiger,
2568 2794 2851 2877 Liudger)
2903 2799 3090 2856 natus

1802 2887 1953 2945 circa
1984 2907 2033 2945 a.
2074 2897 2194 2949 744
2243 2887 2307 2945 in
2345 2887 2538 2945 Frisia
2570 2887 2849 2963 Gregorio
2881 2886 3086 2944 abbati

1801 2977 2142 3052 trajectensi
2163 2977 2518 3035 commissus
2538 2979 2718 3051 atque
2743 2976 2816 3033 ab
2849 2994 2915 3033 eo
2951 2981 3092 3034 ton—

1802 3083 1905 3124 sus
1938 3068 2046 3124 est.
2099 3067 2310 3123 Postea
2342 3066 2406 3123 in
2423 3065 2704 3141 Angliam
2722 3065 2960 3139 trajecit
2990 3068 3085 3122 at-

1800 3173 1915 3229 que
1947 3154 2207 3213 scholam
2226 3154 2466 3213 Alcuini
2486 3154 2920 3229 frequentavit:
2954 3153 3084 3212 dia-

1799 3261 1983 3301 conus
2045 3262 2186 3302 vero
2247 3244 2437 3302 factus
2488 3244 2824 3318 Trajectum
2886 3242 3086 3301 rediit.

1798 3331 1961 3390 Circa
1991 3351 2040 3394 a.
2079 3341 2111 3395 ’7
2124 3341 2201 3395 72
2243 3351 2377 3390 eum
2409 3333 2630 3390 iterum
2665 3332 2728 3390 in
2763 3332 2962 3390 schola
2992 3349 3087 3388 re-

1797 3422 2062 3495 perimus
2114 3422 2353 3479 Alcuini
2415 3440 2522 3497 per
2583 3422 2815 3497 aliquot
2874 3439 3086 3489 ann08,

458 3507 868 3582 ignorantiam,
904 3511 1416 3585 exaggerationem
1449 3511 1514 3568 in
1547 3512 1737 3570 insec-
1796 3510 1954 3567 unde
1987 3529 2203 3586 magna
2232 3510 2542 3580 librorum,
2577 3529 2728 3585 quos
2750 3509 3085 3584 descripse-

458 3596 639 3653 tanda
701 3597 831 3654 labe
882 3597 1200 3656 simoniaca.
1247 3601 1593 3675 praesulum
1643 3602 1736 3659 sui

456 3685 758 3758 temporie,
779 3685 1056 3760 propriae
1076 3687 1298 3763 gloriae
1320 3687 1658 3747 aviditatem
1677 3693 1739 3747 et

1873 3704 1908 3768 ι)
1936 3696 2014 3749 Cf.
2083 3700 2306 3768 praeter
2360 3701 2620 3752 auctores
2682 3696 2779 3751 cit.
2843 3699 2877 3750 S
2895 3713 2926 3750 c
2945 3697 2983 3750 h
3001 3703 3090 3751 {iz

458 3773 721 3832 animum
757 3775 928 3849 plane
959 3775 1248 3850 injurium
1295 3777 1359 3835 in
1405 3778 1602 3837 sedem
1640 3798 1736 3837 ro·
1795 3766 2106 3825 COmmenss·
2159 3769 2282 3822 015ss-
2336 3786 2468 3838 1³38·
2518 3775 2760 3829 «is-48:
2824 3769 3086 3824 Dffiller

456 3880 708 3935 menam,
742 3863 883 3921 dum
904 3866 1365 3941 autocephaliam
1398 3868 1736 3925 ravennatis

1793 3839 1903 3896 KL.
1935 3841 1974 3898 I.
2002 3845 2138 3900 3382
2167 3840 2527 3894 Potthast
2553 3861 2608 3910 p.
2638 3848 2721 3896 26.

1868 3915 1907 3982 2)
1938 3911 1986 3963 U
2004 3931 2042 3980 g
2059 3912 2095 3963 h
2114 3910 2249 3966 elli
2278 3911 2340 3963 in
2368 3912 2434 3968 lt.
2464 3927 2620 3964 sacra
2647 3910 2770 3974 vn,
2800 3916 3083 3967 594-600

456 3953 804 4026 metropolis
827 3957 1062 4027 praeter
1092 3955 1177 4012 sas
1209 3958 1474 4014 statuere
1492 3956 1731 4026 nititur,
1793 3983 1895 4052 (ed.
1942 3988 1991 4036 2.
2033 3982 2094 4034 in
2135 3983 2222 4035 ed.
2258 3992 2278 4037 l
2311 4001 2365 4051 p.
2395 3987 2518 4054 338)
2561 3982 2794 4036 exhibet
2837 3989 2998 4036 vitam
3040 4001 3083 4034 s.

454 4043 515 4098 et
547 4042 835 4100 sermonis
857 4042 1201 4102 barbariem.
1248 4045 1469 4103 Unicus
1501 4047 1734 4103 tantum
1791 4056 1980 4107 Sabini
2002 4070 2088 4123 ep.
2118 4053 2382 4106 canusini
2429 4059 2475 4118 (†
2502 4073 2547 4107 c.
2578 4061 2718 4117 566),
2765 4069 2940 4121 quam
2967 4052 3085 4106 edi·

454 4133 647 4189 exstat-
678 4132 871 4206 operis
908 4132 1088 4191 codex
1132 4151 1273 4196 msc.
1319 4137 1497 4209 atque
1544 4135 1737 4192 scriba
1792 4124 1939 4177 disse
1967 4125 2051 4177 fer
2055 4126 2164 4178 ¹²1¹ss
2193 4126 2361 4195 J'USSU
2389 4125 2592 4179 L<30¹¹5⁸
2623 4115 2712 4179 ffl-
2734 4128 3082 4205 ,(795-816)

452 4218 729 4278 indoctus
762 4224 912 4280 teste
946 4221 1257 4280 Bacchinio
1306 4241 1456 4298 quae
1486 4222 1734 4281 barbare

1791 4195 1834 4247 P
1853 4213 1882 4248 e
1901 4198 1965 4248 tr
1983 4214 2019 4249 u
2038 4213 2063 4248 s
2104 4196 2413 4250 canusinus
2441 4201 2500 4250 et
2525 4198 2777 4249 barensis
2803 4195 2997 4250 archie

1793 4284 2012 4337 seopuS,
2059 4285 2232 4335 quam
2276 4267 2487 4320 iterum
2530 4267 2715 4320 edidit
2754 4266 2856 4320 Fel
2912 4214 3082 4321 Sifi-

1792 4355 1966 4392 oeus
2011 4336 2302 4394 Bononiae
2335 4345 2487 4400 1623.
2532 4341 2590 4391 et
2632 4355 2700 4392 ex
2729 4354 2844 4406 qua
2872 4338 3082 4391 hausta.

529 4410 564 4477 ¹)
594 4405 674 4461 Cf.
704 4408 739 4459 Z
758 4424 786 4460 e
805 4409 824 4460 i
843 4407 1104 4476 ssberg
1153 4408 1324 4461 Henr.
1367 4410 1520 4463 Arno
1561 4410 1737 4462 erster
1792 4411 1878 4463 est
1903 4409 2024 4462 vita.
2050 4411 2124 4464 ab
2166 4427 2447 4478 anonymo
2490 4410 2812 4480 conscripta.
2850 4407 2914 4462 in
2953 4411 3082 4462 Act.

451 4476 786 4532 Erzbischof
806 4496 919 4533 von
947 4479 1125 4534 Salzb.
1153 4479 1325 4532 Wien
1349 4487 1513 4538 18632
1546 4480 1584 4532 P
1602 4497 1633 4534 o
1652 4482 1737 4534 tt-
1793 4483 1885 4534 SS.
1913 4487 1963 4536 9.
1997 4480 2155 4535 Febr.
2181 4481 2291 4536 Sed
2317 4481 2380 4534 in
2407 4481 2683 4551 catalogis
2708 4480 2881 4551 episc.
2908 4480 3082 4535 eccle·

448 4549 622 4602 hast
646 4567 702 4619 p.
730 4557 851 4609 648.

1792 4552 1909 4604 siae
1942 4551 2192 4606 barensis
2218 4553 2412 4608 nullus
2438 4553 2548 4606 hoc
2575 4555 2829 4621 tempore
2856 4568 3086 4622 compa-

523 4623 565 4690 2)
594 4620 889 4689 Distingui
940 4620 1109 4675 debet
1156 4622 1230 4674 ab
1281 4623 1329 4674 A
1346 4641 1384 4691 g
1401 4640 1437 4674 n
1456 4621 1607 4677 ello
1657 4639 1736 4675 se·
1791 4625 1881 4676 ret
1896 4623 1938 4675 P
1956 4641 1984 4676 e
2003 4627 2067 4675 tr
2083 4642 2121 4677 u
2139 4641 2179 4677 s.
2199 4623 2360 4677 Unus
2376 4623 2659 4693 reperitur
2674 4623 2863 4677 medio
2880 4638 2988 4676 sec.
3007 4623 3054 4676 X
3070 4644 3082 4683 ;

449 4690 609 4744 niore
653 4691 1082 4759 archiepiscopo
1126 4696 1455 4756 ravennate,
1506 4693 1575 4746 de
1622 4710 1735 4761 quo
1792 4694 1939 4748 alter
1955 4695 2080 4763 jam
2106 4711 2157 4750 a.
2185 4701 2305 4750 530.
2358 4695 2439 4748 Cf.
2488 4694 2633 4746 Fab
2650 4694 2852 4748 riciu
2870 4711 2894 4748 s
2941 4692 3091 4748 bibl.

448 4760 671 4826 egimus
699 4779 870 4829 supra
898 4780 954 4830 p.
983 4767 1102 4817 512.

1792 4765 1891 4825 lat,
1919 4766 2063 4818 med.
2091 4768 2200 4819 aet.
2227 4766 2320 4829 ΙΙΙ,
2350 4773 2469 4822 238.
