3505 5161
378 222 503 275 449
1137 205 1441 271 Victorius,
1467 205 1794 278 Auspicium
1821 204 2021 261 Petrus
2046 207 2221 262 edess.
2869 224 2992 278 450

377 393 597 452 dicitur
626 392 1063 465 Victoriae,
1113 394 1472 464 VictorinuS,
1519 393 1655 452 rhe-
1716 403 1866 457 437.
1931 393 2152 452 'sextus
2195 392 2365 469 prius
2414 411 2448 450 a
2497 392 2703 468 Gagn
2719 392 2783 467 ej
2805 409 2839 449 o
2871 391 2996 450 edi-

375 486 563 542 torem
608 483 1054 543 massiliensem.
1119 483 1230 542 Hic
1281 482 1354 542 ad
1404 482 1516 541 filii
1562 482 1658 542 sui
1711 485 1814 542 tus
1848 481 2126 560 Lugduni
2166 490 2361 550 15363
2396 480 2639 539 Parisiis
2667 490 2829 544 1545
2866 484 2995 553 etc„

374 571 602 631 Etherii
623 588 955 648 personam,
988 574 1061 631 ut
1089 571 1298 631 scribit
1316 571 1657 631 Gennadius
1712 573 1893 631 etiam
1925 572 1988 630 in
2020 570 2271 646 Migne
2301 569 2447 640 LXI,
2484 578 2852 640 937—970‚
2887 589 2995 645 pro

376 679 422 719 c.
459 671 559 732 60,
606 664 1040 720 commentat-us
1072 664 1165 720 est
1194 661 1260 720 in
1292 661 1506 720 Genesi
1536 661 1576 720 i.
1607 680 1657 723 e.
1712 659 1958 720 arbitrio
2008 659 2083 718 ab
2131 659 2357 720 editore
2407 658 2524 718 fuit
2571 658 2888 717 mutilatus
2936 662 2998 718 et

374 770 411 808 a
440 749 731 826 principio
749 749 892 809 libri
908 768 1101 825 usque
1120 749 1196 809 ad
1214 749 1448 810 obitum
1467 750 1654 808 Abra·
1711 749 2126 824 interpolatus.
2212 748 2477 824 Subjecit
2546 747 2800 806 Schenkl
2882 747 2995 807 sub

375 840 484 898 hae
526 838 897 914 patriarchae
941 847 1201 915 quatuor
1244 856 1424 898 versu
1470 839 1659 898 edidit
1713 841 1845 915 ejus
1865 838 2105 897 nomine
2137 839 2494 914 epiyramma
2527 832 2618 917 (in
2649 837 2837 895 forma
2868 837 2994 895 dia-

373 927 559 987 libros
574 924 641 1009 ¹),
663 927 984 986 christiano
995 927 1239 1002 quidem
1257 931 1318 987 et
1336 928 1434 1004 pio
1455 945 1653 998 sensu,
1712 922 1863 1010 logi)
1897 927 1969 986 de
2001 926 2296 1003 perversis
2330 944 2471 985 suae
2491 925 2706 985 aetatis
2727 924 2994 985 moribus

375 1016 480 1076 sed
501 1019 707 1092 utpote
727 1016 976 1076 seculari
998 1017 1310 1077 literatura
1329 1020 1653 1093 occupatus
1711 1037 1770 1093 p.
1794 1026 2160 1086 499—510,
2194 1014 2353 1092 quod
2374 1015 2527 1075 forte
2559 1017 2648 1073 est
2678 1014 2725 1072 P
2741 1033 2776 1072 a
2790 1014 2995 1072 ulini

373 1108 547 1166 homo
592 1109 654 1165 et
696 1105 928 1164 nullius
960 1106 1301 1184 magisterio
1339 1106 1404 1165 in
1435 1106 1655 1166 divinis
1711 1105 2098 1165 bituricensis
2116 1099 2996 1186 (Migneib.969-972).—

375 1194 695 1271 Scripturis
714 1195 1091 1266 exercitatus,
1115 1195 1352 1255 levioris
1373 1195 1654 1273 ponderis
1708 1194 2072 1271 Auspicii
2107 1192 2367 1271 episcopi
2411 1192 2717 1263 tullensis,
2765 1191 2996 1252 Sidonii

375 1284 701 1344 sententias
719 1283 1003 1360 figuravit
1035 1280 1097 1365 (†
1119 1293 1199 1346 42
1211 1295 1468 1348 5—450
1503 1284 1655 1344 forte
1711 1284 1883 1343 amici
1914 1278 1999 1366 (fl.
2031 1300 2079 1346 c.
2104 1278 2278 1364 470),
2312 1285 2508 1342 exstat
2539 1282 2778 1357 epistola
2809 1283 2995 1341 versi-

374 1394 424 1434 c.
450 1378 662 1449 445).·ι
711 1372 946 1449 Optime
977 1373 1204 1448 prodiit
1233 1375 1342 1432 boc
1374 1392 1525 1450 opus
1557 1374 1650 1432 in·
1711 1372 1826 1432 bus
1846 1390 2122 1449 expressa
2135 1368 2182 1453 l)
2215 1371 2289 1430 ad
2311 1370 2700 1448 Arbogastem
2720 1370 2994 1429 comitem

373 1464 663 1538 scriptum
694 1463 940 1532 Alethia,
972 1461 1075 1521 sed
1110 1462 1175 1521 11.
1211 1473 1245 1527 3
1280 1466 1518 1521 tantum
1550 1479 1653 1522 us·
1708 1461 2083 1521 Trevirorum
2112 1460 2176 1520 in
2194 1460 2601 1536 eleemosynae
2633 1458 2993 1519 commenda-

376 1570 494 1628 que
537 1550 612 1610 ad
660 1550 943 1610 Sodomae
988 1553 1051 1610 et
1094 1551 1451 1611 Gomorrhae
1486 1547 1655 1632 (Gen.
1709 1552 1938 1609 tionem
1971 1550 2035 1608 in
2066 1550 2160 1609 Mi
2179 1567 2320 1626 gne
2352 1548 2495 1619 LXI,
2524 1558 2994 1619 1005—1008;

383 1652 477 1711 19,
516 1635 627 1721 28)
650 1639 943 1699 excidium
976 1641 1482 1717 comprehensum,
1516 1658 1657 1699 cura
1711 1641 1867 1703 Mon.
1900 1639 1963 1697 G.
1997 1638 2137 1697 hist.
2169 1638 2343 1714 epist.
2375 1637 2480 1708 111,
2523 1646 2886 1701 135—137,
2906 1670 2994 1680 —

373 1730 431 1789 C.
471 1729 609 1788 Sch
627 1728 808 1788 enkl
853 1729 1010 1788 inter
1051 1732 1256 1805 poetas
1301 1728 1654 1788 christianos
1710 1729 1994 1787 Petrus
2026 1728 2342 1787 edessenae
2367 1726 2645 1785 ecclesiae
2664 1724 2991 1802 presbyter,

373 1819 514 1877 min.
559 1837 615 1893 p.
675 1830 724 1880 l.
768 1816 1027 1876 Viennae
1067 1827 1230 1883 1888
1268 1837 1402 1894 pag.
1438 1827 1651 1880 395-
1710 1816 2070 1876 declamator
2088 1817 2361 1893 insignis,
2392 1814 2677 1891 ,scripsit
2693 1815 2994 1873 variarum

1713 1923 2026 1965 causarum
2071 1906 2356 1965 tractatus
2415 1907 2479 1963 et
2538 1905 2600 1962 in
2660 1922 2881 1963 morem
2946 1922 2990 1963 s.

1712 1995 2007 2071 Ephraem
2052 1994 2281 2053 diaconi
2315 1994 2575 2069 psalmos
2610 1995 2801 2052 metro
2834 2011 2989 2051 com-

450 2104 489 2167 ί)
516 2095 599 2150 Cf.
627 2097 687 2149 et
710 2095 755 2147 B
773 2112 805 2148 o
824 2111 1000 2164 urge
1018 2092 1093 2147 in
1118 2093 1188 2147 de
1216 2092 1297 2147 cl.
1324 2092 1400 2145 M.
1426 2090 1656 2147 Victore
1714 2084 1917 2158 posuit
1978 2079 2344 2164 (Gennadius
2395 2101 2442 2142 c.
2503 2078 2610 2164 74)
2628 2090 2674 2154 ‘,
2737 2100 2992 2158 quorum

373 2168 600 2222 rhetore
626 2164 938 2221 christiano
966 2164 1031 2221 V.
1054 2182 1160 2220 sec.
1187 2164 1404 2236 (thesis)
1423 2162 1658 2217 Parisiis
1712 2176 1916 2231 tamen
1946 2172 2097 2230 nihil
2128 2172 2411 2235 innotuit·

379 2245 544 2299 1883;
597 2238 744 2291 Hist.
784 2237 871 2294 lit.
913 2236 982 2302 11,
1018 2243 1295 2296 244—48;
1345 2234 1656 2289 Barden-

374 2310 617 2364 hewer
642 2318 670 2377 5
695 2311 765 2366 73
791 2327 846 2365 n.
875 2318 936 2369 ὃς
981 2307 1212 2378 Capla
1251 2306 1314 2359 in
1354 2308 1656 2362 comment.

373 2380 445 2434 ad
474 2379 761 2435 Gennadii
786 2397 834 2433 c.
861 2387 959 2438 6ος
1011 2378 1238 2434 Ebert
1278 2379 1345 2443 1²,
1374 2378 1412 2433 1.
1440 2385 1491 2443 3,
1517 2395 1564 2432 c.
1591 2386 1654 2438 ’.ἒς

375 2453 421 2505 G
438 2469 545 2506 am
563 2469 589 2504 s
615 2451 729 2505 KL.
755 2452 877 2516 XII,
903 2457 1025 2508 909.
1794 2453 1829 2521 ¹)
1858 2449 1940 2503 Cf.
1968 2447 2218 2503 Histoire
2245 2448 2333 2503 lit.
2359 2450 2427 2514 II,
2455 2452 2559 2507 478
2584 2467 2626 2504 s.

583 4859 770 4918 Hester,
797 4860 1129 4908 Nomenclator
1159 4862 1173 4906 1
1202 4862 1275 4908 ed.
1305 4859 1384 4908 111.
2606 4861 2665 4908 15
