3505 5161
501 243 582 296 45
590 242 626 296 3
1332 226 1630 280 501—550.
1657 220 1968 292 Scriptores
1994 219 2275 293 polemici.
2993 238 3119 292 454

500 412 730 472 illustri
761 431 828 473 ex
863 410 1086 470 familia
1131 409 1194 469 in
1227 409 1492 485 Tellepte
1537 408 1783 467 civitate
1808 405 2090 467 'Domino
2120 408 2272 467 obiit
2302 426 2350 466 c.
2382 428 2434 467 a.
2471 416 2615 471 533.
2660 409 2807 484 Ejus
2839 409 3121 468 memoria

498 502 837 577 provinciae
869 501 1201 576 Byzacenae
1246 516 1294 562 c.
1325 518 1377 557 a.
1411 507 1537 562 468
1586 492 1785 579 (juxta
1839 496 1912 555 ab
1944 496 2206 556 Ecclesia
2236 498 2518 557 recolitur
2556 508 2607 561 1.
2638 497 2772 556 Jan.

500 590 648 649 alios
684 586 858 672 466).
918 589 1088 649 Curis
1132 606 1202 647 ac
1250 586 1477 646 deliciis
1506 586 1783 646 seculari-

500 680 615 737 bus
646 679 1003 738 renuncians
1033 681 1236 736 motus
1280 676 1633 753 praesertim
1664 675 1781 734 lec·
1933 682 2077 738 262.
2108 674 2321 735 Merito
2351 676 2425 735 de
2455 694 2524 736 ec
2558 675 2769 736 scribit
2800 693 2846 734 s.
2876 676 3039 735 Isid
3057 697 3120 737 o-

498 768 663 827 tione
676 766 1068 844 expositionis
1084 765 1782 844 s.AugustiniinPs.36‚
1836 782 1969 822 rus
2020 764 2093 822 de
2141 764 2251 824 vir.
2302 765 2388 829 ill.
2450 784 2497 825 c.
2544 774 2623 828 27
2641 785 2656 824 τ
2719 764 3121 842 ,Fulgentius

499 856 789 916 Faustum
818 857 1162 933 episcopum
1191 859 1340 915 tunc
1358 853 1497 914 fidei
1517 854 1782 913 exsulem
1838 852 1963 911 afer
1995 900 2010 915 .
2043 900 2057 913 .
2090 900 2105 914 .
2136 854 2204 912 in
2234 855 2604 914 confessione
2634 854 2773 913 fidei
2805 854 3023 926 clarus,
3055 855 3121 914 in

499 945 650 1010 adiit
679 950 859 1020 atque
891 944 1080 1004 enixis
1112 944 1406 1021 precibus,
1452 947 1526 1003 ut
1555 943 1617 1001 in
1651 944 1782 1018 ejus
1838 940 2162 1018 Scripturis
2192 942 2418 1004 divinis
2465 943 2873 1020 copiosissime
2921 944 3122 1003 erudi-

500 1035 925 1094 monasterium
971 1033 1352 1110 reciperetur,
1400 1032 1643 1092 tandem
1673 1032 1782 1091 ob·
1837 1035 1956 1098 tus.
1990 1031 2056 1091 in
2088 1032 2384 1107 loquendo
2404 1051 2642 1109 quoque
2672 1032 2883 1104 dulcis,
2914 1033 2982 1092 in
3012 1034 3117 1092 do-

498 1123 702 1187 tinuit.
745 1124 897 1183 Mira
926 1123 1263 1182 constantia
1290 1122 1500 1181 matris
1532 1126 1782 1181 conatus
1836 1120 2023 1179 cendo
2077 1140 2144 1180 ac
2190 1121 2535 1182 disserendo
2568 1121 2830 1193 subtilis,
2881 1122 3121 1199 scripsit

500 1230 636 1271 eum
668 1213 1007 1272 retrahendi
1037 1211 1110 1270 ad
1131 1212 1314 1271 seculi
1346 1212 1586 1289 negotia
1616 1210 1782 1281 vicit,
1836 1210 2083 1270 multa!
2121 1211 2191 1268 In
2224 1212 2352 1271 suis
2383 1211 2663 1287 operibus
2683 1211 2938 1270 Arianos
2955 1231 3123 1288 prae·

500 1304 561 1359 et
590 1301 1032 1376 persecutiones
1077 1319 1292 1376 passus
1339 1304 1432 1359 est
1461 1318 1673 1378 graves
1706 1299 1780 1358 ab
1838 1299 2047 1358 sertim
2074 1300 2263 1360 solide
2283 1300 2573 1377 docteque
2593 1300 2924 1378 impugnat.
2958 1301 3123 1361 Inter

501 1389 756 1449 Arianis.
818 1391 1125 1450 Desiderio
1156 1389 1432 1466 flagravit
1479 1387 1779 1448 invisendi
1838 1407 1907 1447 ea
1936 1389 2160 1448 eminet
2190 1390 2230 1454 1.
2261 1392 2332 1449 de
2358 1391 2474 1464 fide
2516 1390 2589 1448 ad
2622 1390 2869 1449 Petrum
2911 1409 3018 1450 seu
3049 1391 3123 1449 de

498 1479 1018 1556 Aegyptideserta,
1033 1477 1782 1556 quaequoudameremita-
1837 1479 2048 1555 regula
2122 1497 2296 1539 verae
2372 1479 2512 1538 fidei
2590 1472 2676 1559 (M
2693 1479 2712 1536 i
2730 1498 2874 1556 gne
2951 1479 3119 1549 XLV,

498 1587 632 1626 rum
667 1568 790 1628 vita
818 1568 1294 1640 illustrabantur,
1327 1567 1465 1625 hinc
1482 1567 1601 1626 iter
1631 1566 1781 1625 arri-
1841 1563 2237 1649 671—708),
2270 1570 2566 1627 tractatus
2585 1586 2724 1627 vere
2745 1586 2982 1639 aureus,
3002 1586 3122 1642 quo

499 1657 697 1732 puit,‘
732 1658 836 1717 sed
869 1657 1175 1734 Syracusis
1215 1655 1427 1715 haesit.
1487 1654 1633 1714 Inde
1665 1655 1781 1714 Ro·
1837 1656 2104 1732 exposita
2134 1657 2301 1732 prius
2331 1657 2444 1716 fide
2477 1657 2764 1716 catholica
2793 1657 2867 1716 de
2898 1658 3120 1733 praeci-

499 1764 658 1805 mam
703 1747 947 1806 transiit
990 1747 1392 1822 apostolorum
1437 1745 1780 1804 memoriam
1836 1745 1973 1821 puis
2006 1747 2311 1821 mysteriis
2331 1747 2597 1822 eiusdem
2617 1744 2810 1806 veluti
2831 1764 3121 1806 summam

499 1835 873 1894 salutaturus
889 1835 1186 1911 rediitque
1202 1834 1533 1894 inAfricam
1547 1833 1781 1911 ingenti
1838 1842 1919 1898 40
1953 1835 2235 1910 capitulis
2269 1855 2326 1899 n.
2350 1844 2607 1900 45-—84
2643 1835 3120 1910 comprehensam

498 1924 718 2001 gaudio
749 1944 783 1983 a
802 1925 930 1984 suis
950 1927 1248 2001 exceptus.
1281 1924 1519 1983 Novum
1537 1923 1624 1981 ibi
1641 1940 1778 1981 con·
1835 1923 2073 1983 exhibet
2132 1922 2309 1984 Petro
2361 1924 2584 1985 homini
2649 1922 2800 1983 laico
2846 1924 3119 1982 veritatis

500 2011 654 2071 didit
728 2014 1156 2072 monasterium
1231 2012 1469 2088 piisque
1535 2012 1779 2070 monitis
1835 2012 2124 2083 studiosO,
2171 2014 2276 2089 qui
2308 2014 2775 2089 Hierosolymam
2821 2013 3122 2089 profectu·

499 2101 722 2160 multos
797 2102 1078 2161 excitavit
1160 2101 1234 2160 ad
1311 2101 1780 2176 amplectendam
1834 2120 1940 2161 rus
1972 2119 2108 2160 eum
2140 2102 2215 2161 de
2239 2103 2448 2179 regula
2465 2105 2796 2180 rogaverat,
2828 2106 2900 2161 ut
2917 2105 3122 2178 posset

500 2190 683 2249 vitam
714 2191 1074 2268 religiosam.
1107 2190 1249 2250 Cum
1283 2190 1621 2250 sanctitatis
1643 2190 1779 2249 doc·
1835 2190 2104 2249 haereses
2180 2211 2283 2268 per
2339 2192 2736 2251 Palaestinam
2812 2194 3119 2266 serpentes

499 2279 950 2356 trinaequeejus
961 2279 1114 2338 fama
1125 2280 1548 2355 semperlatius
1564 2279 1779 2338 ‹liffun-
1835 2297 2154 2356 agnoscere
2186 2285 2248 2339 et
2267 2282 2471 2344 vitare.
2507 2282 2699 2356 Caput
2720 2290 2820 2343 45.
2841 2298 2948 2339 seu
2968 2299 3121 2356 quae

496 2368 755 2439 deretur,
803 2388 837 2428 a
882 2369 1294 2445 Ruspensibus
1340 2369 1641 2446 expetitus
1685 2372 1781 2428 est
1834 2371 2173 2443 sequuntur
2201 2373 2341 2446 post
2370 2389 2429 2429 n.
2467 2380 2546 2433 85
2580 2371 2645 2429 in
2676 2369 3120 2445 antiquioribus

495 2456 807 2535 episcopus
838 2460 1007 2517 tanto
1039 2457 1264 2528 ardore,
1298 2460 1371 2517 ut
1399 2476 1432 2516 e
1464 2458 1614 2517 cella
1639 2477 1776 2533 rap·
1832 2458 1921 2517 ed.
1954 2457 2164 2517 merito
2195 2458 2403 2535 spuria
2434 2458 2743 2518 habentur.
2804 2457 3120 2518 Edidimus

495 2548 595 2605 tus
644 2565 766 2608 non
815 2552 936 2607 tam
988 2547 1250 2623 pontifex
1295 2566 1424 2608 esse
1467 2550 1781 2625 rogaretur
1832 2547 2011 2607 illum
2062 2546 2222 2607 inter
2269 2548 2559 2625 opuscula
2607 2548 2825 2609 selecta
2875 2546 2974 2606 SS.
3005 2547 3118 2608 ΡΡ.

495 2655 675 2711 quam
720 2650 1032 2714 cogeretur
1065 2632 1269 2718 (510).
1330 2638 1461 2696 Mox
1510 2640 1712 2696 tamen
1744 2657 1779 2695 a
1834 2637 1985 2705 XVI,
2028 2647 2310 2702 171-260
2347 2637 2891 2713 Oeniponti18713
2932 2645 3119 2700 1895

498 2743 635 2802 rege
669 2726 1112 2786 Thrasamundo
1156 2745 1291 2786 cum
1337 2726 1470 2784 aliis
1520 2737 1599 2790 60
1652 2727 1777 2803 epi·
1834 2761 1919 2769 —
1951 2726 2131 2786 Liber
2179 2729 2250 2786 de
2292 2728 2576 2786 Trinitate
2623 2726 2696 2786 ad
2726 2727 2980 2786 Felicem
3011 2744 3119 2784 no-

497 2815 689 2889 scopis
702 2815 1040 2892 provinciae
1053 2815 1409 2890 byzacenae
1395 2834 1457 2873 m
1475 2815 1778 2874 Sardiniae
1831 2816 2053 2875 tarium
2085 2812 2521 2899 (497—508);
2554 2816 2707 2875 liber
2736 2823 2936 2875 contra
2968 2818 3117 2876 Ari·

495 2903 750 2962 insulam
784 2905 953 2963 exsul
984 2905 1198 2981 pulsus
1231 2908 1340 2963 est.
1372 2905 1596 2963 Horum
1650 2904 1777 3006 epi·
1833 2923 1995 2974 anos,
2030 2905 2093 2963 in
2123 2924 2244 2982 quo
2276 2906 2479 2965 decem
2509 2904 2944 2981 objectionibus
2990 2922 3116 2962 res·

493 3011 805 3093 scoporum
837 2994 968 3068 ipse
1029 2996 1156 3052 erat
1204 2993 1413 3071 lingua
1455 2996 1633 3068 atque
1682 2994 1776 3052 in·
1836 2994 2074 3069 pondet,
2124 3013 2273 3070 quas
2320 2994 2803 3053 Thrasamundus
2854 3012 2954 3051 rex
2987 3011 3036 3052 c.
3069 3012 3118 3051 a.

495 3082 756 3157 genium.
791 3082 1321 3158 ,Quandocunque
1354 3082 1530 3155 enim,
1577 3083 1780 3158 inquit
1838 3092 1961 3146 515
1995 3088 2388 3159 proposuerat
2418 3079 2861 3165 (205—224);
2896 3085 2957 3141 et
2978 3081 3120 3141 libri

497 3174 703 3229 auctor
753 3171 910 3230 vitae
942 3171 1131 3247 ipsius
1165 3189 1212 3229 c.
1249 3180 1350 3242 20,
1401 3171 1776 3231 trasmarinis
1832 3172 1920 3230 III
1953 3175 2026 3230 acl
2058 3172 2330 3244 eundem,
2382 3173 2604 3249 quibus
2655 3171 2728 3231 ad
2778 3172 2926 3230 alias
2958 3172 3119 3246 ejus-

497 3260 690 3318 literis
721 3259 794 3319 de
827 3259 942 3320 fide
974 3261 1069 3319 vel
1117 3260 1191 3320 de
1223 3259 1478 3320 diversis
1511 3260 1776 3336 quaesti·
1835 3260 1968 3319 dem
2003 3260 2381 3336 exceptiones
2428 3281 2499 3320 ex
2530 3262 2818 3338 mysterio
2850 3261 3119 3319 incarna-

495 3348 711 3407 onibus
762 3349 1288 3425 interrogabantur
1318 3349 1597 3426 episcopi,
1632 3349 1774 3408 Ful·
1834 3349 2019 3409 tionis
2051 3353 2255 3409 contra
2275 3368 2352 3414 ss.
2372 3350 2681 3409 Trinitatis
2702 3349 2878 3408 fidem
2894 3349 3120 3425 petitas

495 3438 699 3512 gentio
732 3438 1089 3512 respondere
1142 3457 1248 3514 pro
1281 3438 1555 3497 omnibus
1585 3439 1778 3513 impo-
1833 3438 2159 3513 respondet
2176 3435 2601 3521 (223—304).
2633 3439 2695 3497 L.
2727 3440 2808 3497 ad
2840 3438 3123 3497 Victorem

497 3525 809 3588 uebatur.‘
870 3526 1024 3585 Hinc
1055 3528 1280 3604 egregii
1312 3526 1553 3603 quidam
1585 3526 1777 3586 libelli
1835 3523 2247 3609 (507—528)
2298 3534 2503 3588 contra
2553 3546 2885 3586 sermonem
2928 3527 3121 3585 Fasti·

497 3632 563 3671 ex
578 3615 707 3689 ejus
719 3615 1778 3690 prodieruntcalamo.Thrasa1nundo
1835 3616 1987 3675 diosi
2019 3617 2211 3675 ariani
2243 3612 2572 3698 (quondam
2605 3617 2883 3675 catholici
2913 3619 2975 3675 et
2993 3634 3120 3674 mo-

497 3702 736 3761 demum
784 3703 1065 3763 defuncto
1120 3698 1308 3786 (523)
1353 3706 1649 3781 episcopis
1680 3724 1779 3764 ex·
1834 3705 2027 3776 nachi‚
2078 3707 2184 3781 qui
2233 3706 2306 3765 ad
2357 3706 2613 3765 Arianos
2662 3699 3000 3787 defecerat).
3034 3738 3120 3748 —

496 3791 728 3849 sulibus
760 3810 867 3867 per
898 3793 1269 3852 Hildericum
1313 3795 1445 3869 ejus
1478 3812 1777 3854 successo·
1835 3795 2007 3853 Liber
2037 3794 2112 3852 ad
2132 3795 2414 3854 Scarilam
2445 3797 2515 3853 de
2544 3796 2946 3853 incarnatione
2975 3792 3125 3852 Filii

494 3898 619 3938 rem
682 3880 875 3940 redire
936 3882 1126 3941 licuit.
1204 3883 1447 3960 Ingenti
1509 3882 1777 3942 fidelium
1836 3885 1947 3942 Dei
1979 3887 2041 3942 et
2074 3883 2285 3942 vilium
2307 3884 2654 3943 animalium
2687 3886 2928 3942 auctore
2965 3890 3121 3945 573-

496 3969 714 4046 gaudio
746 3970 1102 4047 Fulgentius
1152 3972 1339 4031 redux
1372 3976 1655 4048 exceptus
1686 3974 1782 4032 est
1838 3974 2010 4050 603).
2044 4006 2130 4017 -
2160 3973 2339 4032 Liber
2368 3980 2572 4032 contra
2602 3973 2931 4032 Fabianum
2966 3971 3119 4031 aria-

494 4061 809 4134 totumque
833 4061 960 4136 jam
992 4078 1055 4118 se
1086 4060 1396 4137 impendit,
1431 4064 1501 4121 ut
1530 4061 1781 4120 vulnera
1834 4082 1980 4121 num
2010 4061 2208 4138 periit,
2244 4063 2349 4121 sed
2384 4065 2712 4138 supersunt
2740 4062 2935 4120 adhuc
2963 4061 3123 4138 frag-

495 4150 618 4205 tam
650 4148 935 4208 diuturna
966 4148 1215 4225 diraque
1235 4150 1646 4225 persecutione
1671 4151 1778 4208 Ec·
1833 4155 2036 4208 menta
2088 4160 2168 4213 39
2234 4152 2494 4227 pretiosa
2542 4147 2971 4232 (us—834),
3033 4150 3124 4208 ita

494 4237 703 4295 clesiae
748 4238 976 4297 inflicta
1020 4241 1272 4298 sanaret.
1336 4238 1464 4308 Qua
1510 4239 1575 4297 in
1607 4258 1779 4299 occu·
1835 4239 2012 4298 etiam
2074 4239 2255 4315 periit
2316 4258 2465 4316 opus
2526 4241 2806 4298 adversm
2867 4240 3121 4311 Pb'ntam,

494 4327 733 4400 patione
778 4329 957 4403 atque
989 4327 1053 4386 iu
1085 4327 1278 4386 omnis
1310 4328 1551 4403 pietatis
1583 4329 1780 4404 operi·
1834 4347 1969 4386 nam
2001 4330 2042 4387 1.
2066 4346 2185 4402 pro
2213 4325 2332 4403 fide
2362 4330 2641 4389 catholica
2670 4328 2955 4387 adversus
2977 4328 3121 4386 Pin-

497 4414 609 4473 bus
640 4416 941 4492 reliquum
962 4417 1244 4492 temporis
1275 4418 1582 4494 transegit.
1622 4418 1779 4476 Mor·
1832 4420 1956 4477 tam
1987 4436 2077 4494 ep.
2109 4418 2398 4488 arianum,
2433 4419 2536 4495 qui
2569 4416 2684 4476 sub
2715 4417 2846 4493 ejus
2877 4417 3119 4476 nomine

495 4502 570 4561 bo
605 4502 893 4564 diuturno
943 4509 1251 4582 correptus
1296 4506 1454 4564 inter
1495 4506 1781 4584 gravissi·
1835 4506 2269 4578 circumfertur,
2303 4526 2422 4567 non
2459 4508 2738 4567 censetur
2786 4506 3119 4583 genuinus3

498 4610 624 4650 mos
657 4593 886 4652 dolores
931 4595 1072 4653 haec
1117 4595 1525 4670 ingeminabat
1569 4594 1779 4653 verba:
1835 4596 2018 4671 periit
2032 4598 2095 4654 et
2110 4597 2625 4657 commonitorium
2645 4590 3120 4677 (brevissimum)

499 4680 806 4752 ,Domine‚
843 4683 918 4741 da
937 4683 1083 4741 mihi
1101 4683 1273 4742 modo
1295 4683 1388 4741 hic
1407 4683 1779 4760 patientiam,
1835 4685 1903 4743 de
1936 4684 2163 4761 Spiritu
2193 4705 2257 4756 3.,
2291 4687 2462 4762 cujus
2487 4688 2726 4745 exstant
2746 4685 2862 4744 duo
2883 4685 3122 4744 tantum

497 4771 702 4843 postea
732 4770 1228 4846 indulgentiam,‘
1263 4774 1442 4847 atque
1474 4772 1561 4831 ita
1589 4773 1684 4848 pie
1716 4774 1782 4831 in
1835 4772 2181 4852 fragmenta.
2247 4775 2423 4834 Hisce
2471 4774 2750 4851 operibus
2798 4774 2918 4832 fere
2962 4791 3120 4832 com-
