3505 5161
531 224 653 277 399
1129 212 1428 261 431—500.
1459 206 1611 259 Isaac
1637 203 1899 275 Magnus,
1931 205 2189 269 Balaeus,
2218 206 2261 258 B
2301 204 2570 267 chiarius,
3014 223 3092 275 40
3105 224 3139 273 0

524 392 840 454 tidissimO.
908 391 1168 467 Operum
1228 392 1550 451 editionem
1613 390 1809 466 coepit
1862 410 1966 450 zur
1998 391 2325 450 Keuntniss
2359 391 2463 450 der
2491 390 2816 467 religiosen
2843 389 3147 467 Dichtung

528 482 597 539 cl.
618 480 957 550 Bickell,
992 481 1097 540 sed
1116 481 1486 556 prodierunt,
1520 479 1679 555 quod
1702 480 1808 539 do·
1863 480 2115 538 Balai'
2138 499 2165 538 s
2216 481 2365 539 nach
2415 480 2530 537 den
2581 478 2891 556 syrischen
2940 479 3144 537 Hand-

526 569 785 636 lendum,
851 569 980 628 dira
1027 569 1383 628 necessitate
1432 569 1805 645 prohibente,
1864 568 2148 628 schristen
2170 569 2273 627 des
2293 569 2432 629 brit.
2454 570 2757 628 Museums
2777 571 2885 627 etc.
2905 569 3146 645 Leipzig

527 659 646 717 duo
675 661 912 717 tantum
945 659 1110 726 tomi,
1159 659 1381 734 quibus
1420 658 1808 718 continentur
1872 667 2059 721 1902.
2106 658 2190 716 Ea
2210 658 2473 734 pretiosa
2492 661 2637 717 sunt
2665 657 2738 715 ad
2759 656 3145 716 evincendam

526 748 720 807 solum
736 748 996 806 carmina
1014 748 1107 806 vel
1129 748 1453 806 carminum
1474 747 1809 824 fragmenta
1863 750 2146 825 Syrorum
2180 747 2246 804 in
2277 747 2391 805 fide
2422 765 2557 805 cum
2580 746 2840 805 Ecclesia
2859 746 3148 805 catholica

526 831 686 919 (37),
710 836 946 895 Giessae
975 845 1351 908 1873—773
1384 838 1499 895 alia
1519 836 1804 912 quaedam
1862 836 2233 895 concordiam
2248 830 2315 917 ¹).

524 925 720 984 edidit
750 926 811 989 P.
846 925 1211 1001 Zingerle
1241 926 1304 985 in
1336 926 1596 988 Monum.
1618 926 1806 1002 syria·

526 1014 628 1085 cis,
681 1014 1016 1090 Oeniponte
1074 1024 1272 1085 18693
1338 1014 1810 1075 Chrestomathia
1956 1022 2100 1077 223.
2133 1014 2243 1072 His
2275 1013 2571 1072 addantur
2601 1013 2791 1072 adhuc
2823 1013 3142 1072 Bachia-

526 1121 663 1178 syr„
697 1104 913 1163 Romae
952 1113 1109 1167 1871
1138 1126 1151 1174 ;
1185 1104 1367 1163 theol.
1401 1103 1653 1173 Qtlschr.
1686 1104 1807 1162 Tfi—
1862 1103 2029 1162 rius
2076 1103 2317 1162 natione
2362 1102 2514 1162 forte
2548 1101 2869 1178 Hispanus,
2916 1101 3142 1177 profes-

526 1191 751 1268 bingen
789 1200 951 1255 1870
1000 1213 1057 1268 p.
1109 1203 1313 1256 92-1
1336 1203 1431 1256 14.
1494 1192 1807 1252 Bickell
1864 1193 2029 1251 sione
2060 1192 2402 1263 monachus,
2456 1191 2593 1258 ,vir
2624 1191 2979 1249 christianae
3012 1191 3143 1267 phi·

526 1281 704 1339 etiam
736 1281 938 1356 aliqua
968 1282 1304 1358 germanice
1336 1282 1535 1352 vertit,
1574 1282 1806 1358 Ausge-
1863 1280 2179 1357 losophiae‚
2224 1282 2400 1356 juxta
2444 1279 2925 1339 Gennadium
2955 1298 3001 1342 c.
3039 1290 3140 1353 24,

526 1370 741 1429 wahlte
792 1370 1076 1429 Gedichte
1137 1371 1243 1430 der
1304 1389 1420 1447 syr.
1470 1371 1805 1441 Kirchenv„
1861 1369 2062 1428 nudus
2106 1373 2171 1429 et
2214 1369 2524 1445 expeditus
2560 1387 2761 1427 vacare
2791 1368 2912 1427 Deo
2944 1368 3142 1444 dispo-

527 1459 815 1534 Kempten
880 1469 1063 1523 1872.
1129 1460 1338 1519 Plures
1401 1461 1607 1537 hymni
1669 1478 1806 1536 pro·
1862 1477 2028 1530 nens,
2081 1459 2258 1517 etiam
2291 1458 2829 1536 peregrinationem
2860 1475 2970 1534 pro
3003 1476 3143 1516 con·

526 1547 768 1606 dierunt
787 1549 964 1607 etiam
999 1550 1159 1607 inter
1190 1568 1368 1624 opera
1399 1568 1446 1612 s.
1476 1549 1804 1625 Ephrae-
1862 1548 2152 1606 servanda
2199 1548 2490 1623 propositi
2546 1547 2892 1623 integritate
2941 1547 3141 1623 elegit.

527 1636 621 1694 mi
666 1636 730 1694 in
775 1637 865 1696 ed.
896 1656 1138 1697 romana
1171 1634 1577 1720 (1732—46)
1613 1655 1806 1713 ‚quae
1862 1636 2136 1696 Edidisse
2185 1636 2411 1695 dicitur
2458 1638 2628 1713 grata
2676 1636 2979 1711 opuscula,
3041 1635 3143 1693 sed

526 1726 859 1800 permixtis,
922 1727 1124 1801 inquit
1172 1727 1483 1786 Bickell
1545 1727 1609 1785 in
1664 1745 1801 1785 con·
1860 1745 1970 1802 ego
2001 1744 2070 1785 ex
2091 1725 2217 1784 illis
2237 1724 2424 1784 unum
2446 1721 2683 1783 tantum
2704 1726 2774 1783 de
2800 1722 2914 1797 fide
2944 1725 2983 1782 1.
3002 1724 3140 1801 legi,

528 1818 734 1889 spectu
780 1815 867 1873 rei
913 1815 1038 1890 Syr.
1072 1815 1160 1876 lit.
1199 1836 1257 1890 p.
1295 1826 1373 1879 23
1426 1817 1644 1886 annot„
1693 1816 1804 1874 hu·
1860 1815 1924 1873 in
1956 1833 2077 1890 quo
2113 1814 2407 1873 satisfacit
2435 1813 2702 1890 pontifici
2725 1813 2900 1872 Urbis
2932 1812 3140 1872 adver-

527 1921 752 1977 cusque
773 1921 1015 1979 prorsus
1047 1905 1269 1981 ignota,
1298 1906 1499 1980 justae
1530 1904 1803 1964 aestima-
1860 1922 1991 1962 sum
2024 1904 2307 1979 querulos
2354 1907 2415 1961 et
2462 1902 2841 1961 infamatores
2877 1902 3140 1979 peregri-

524 1992 677 2050 tioni
740 1992 1003 2068 poeticae
1065 2011 1109 2050 s.
1165 1993 1481 2063 Ephraemi
1544 1994 1803 2052 multum
1862 1993 2120 2052 nationis
2142 2010 2302 2065 suae,
2336 1995 2398 2051 et
2428 1991 2653 2051 indicat
2683 2010 2744 2053 se
2776 2010 2899 2050 non
2928 1990 3141 2050 timore

527 2080 783 2140 obfuit.‘
863 2081 1142 2140 Testatur
1216 2085 1417 2140 autem
1491 2082 1649 2140 idem
1713 2082 1807 2140 vir
1863 2082 2189 2150 hominum,
2230 2081 2332 2139 sed
2368 2082 2475 2139 Dei
2506 2077 3140 2157 causa'peregrinatio·

527 2169 904 2229 doctissimus
936 2170 1115 2229 Isaaci
1148 2171 1392 2246 scriptis
1438 2190 1558 2231 uon
1609 2172 1805 2230 solum
1861 2190 1995 2230 nem
2029 2171 2378 2246 suscepisse,
2427 2172 2498 2227 ut
2541 2170 2743 2228 exiens
2789 2169 2862 2227 de
2893 2172 3054 2227 terra
3083 2170 3145 2226 et

528 2259 718 2317 multa
749 2259 1042 2318 contineri
1071 2260 1249 2319 utilia
1292 2279 1400 2336 pro
1446 2260 1696 2319 historia
1732 2260 1805 2318 de
1860 2260 2212 2337 cognatione
2245 2278 2352 2318 sua
2383 2259 2620 2318 coheres
2653 2259 2821 2317 fieret
2845 2257 3139 2316 Abraham

527 2346 758 2405 bellicis
790 2348 1105 2407 Persarum
1151 2351 1213 2407 et
1250 2350 1511 2408 Arabum
1546 2348 1804 2408 invasio·
1862 2349 2229 2425 patriarchae
2244 2356 2292 2409 ‘.
2374 2347 2625 2423 Scripsit
2672 2350 2734 2406 et
2782 2346 3138 2423 opusculum

525 2435 719 2506 nibuS,
754 2437 825 2495 de
845 2438 1112 2497 Arabum
1144 2438 1270 2496 vita
1301 2442 1361 2497 et
1391 2437 1698 2514 religione,
1732 2437 1804 2496 de
1859 2439 1928 2496 de
1947 2439 2318 2511 reparatione
2335 2439 2489 2510 lapsi
2517 2429 2816 2518 (monachi
2836 2436 2896 2494 in
2916 2436 3139 2494 crimen

524 2524 993 2600 antiquitatibus
1040 2526 1222 2586 sacris
1269 2527 1658 2603 moribusque
1710 2526 1808 2586 sui
1860 2521 2175 2610 luxuriae).
2253 2527 2612 2586 Prodierunt
2686 2524 2938 2602 junctim
3002 2542 3141 2584 cura

522 2617 806 2690 temporis
821 2610 892 2696 1).
923 2649 1010 2658 -
1042 2616 1081 2673 J
1085 2615 1262 2676 unior
1306 2616 1504 2675 Isaaco
1536 2618 1631 2675 est
1660 2618 1802 2675 Ba·
1858 2617 2107 2675 Florii
2140 2634 2272 2675 cum
2304 2615 2538 2674 duabus
2557 2615 2699 2676 diss.
2720 2614 2995 2682 eruditis,
3030 2614 3139 2672 Ro·

522 2703 742 2762 lacus
775 2698 994 2787 (BalaJ)
1018 2705 1491 2784 chorepiscopus,
1512 2706 1617 2781 qui
1631 2707 1807 2781 juxta
1861 2724 1987 2763 mae
2027 2713 2225 2775 17483
2258 2722 2468 2764 recusa
2499 2725 2533 2762 a
2564 2702 2933 2763 Gallandi
2964 2708 3007 2760 t.
3041 2703 3136 2772 IX,

522 2792 754 2867 aliquos
784 2797 1037 2852 exeunte
1059 2812 1171 2853 sec.
1193 2794 1293 2859 IV.
1313 2795 1604 2868 floruisse,
1630 2796 1807 2870 juxta
1869 2803 2245 2862 181-202;
2279 2794 2533 2871 Migne
2568 2794 2628 2851 P.
2649 2793 2711 2851 L.
2732 2793 2851 2861 XX,
2887 2802 3140 2855 1015-

525 2881 672 2941 alios
707 2883 917 2942 saltem
963 2901 1156 2958 usque
1201 2883 1277 2942 ad
1320 2903 1370 2946 a.
1419 2893 1544 2946 432
1578 2884 1697 2941 imo
1729 2882 1806 2942 ad
1864 2893 1962 2946 62.
2029 2883 2165 2941 Non
2197 2883 2414 2941 desunt
2457 2883 2563 2957 qui
2607 2900 2742 2940 cum
2777 2881 3138 2956 Schepss,

526 2991 575 3032 a.
612 2981 736 3033 460
774 2972 993 3030 vixisse
1026 2971 1266 3030 dicitur.
1333 2971 1601 3048 Reliquit
1630 2972 1807 3049 plura
1861 2974 2146 3049 Berger
2176 2975 2283 3035 etc.
2306 2971 2641 3048 conjiciant,
2674 2990 2810 3030 eum
2844 2971 2998 3028 forte
3031 2970 3140 3027 sub

523 3060 801 3129 carmina,
855 3079 1114 3135 quorum
1145 3060 1346 3136 aliqua
1374 3065 1609 3136 recepta
1638 3060 1805 3120 fuere
1860 3061 2273 3139 Peregrini
2319 3061 2562 3119 nomine
2612 3061 2812 3130 latere,
2864 3059 2972 3135 qui
3015 3059 3140 3116 Pri-

524 3149 589 3205 in
620 3147 820 3207 divina
841 3150 1125 3225 Syrorum
1145 3149 1352 3220 officia,
1387 3150 1587 3225 aliqua
1618 3150 1807 3209 edidit
1861 3150 2119 3209 scilliani
2163 3168 2414 3209 canones
2459 3149 2524 3207 in
2569 3150 2851 3227 epistolas
2898 3167 2943 3210 s.
2978 3146 3145 3205 Pauli

525 3237 571 3294 O
591 3238 922 3296 verbeck
955 3237 1015 3297 S.
1047 3238 1370 3312 Ephraemi
1403 3239 1562 3313 Syri,
1605 3239 1805 3297 Baba·
1860 3239 2139 3298 correctis
2184 3239 2295 3309 his,
2344 3257 2494 3314 quae
2524 3257 2706 3313 pravo
2738 3256 2921 3297 sensu
2953 3237 3143 3312 posita

519 3326 609 3383 lae
630 3344 715 3398 ep.
752 3328 858 3401 ed„
889 3327 1102 3385 Balaei
1117 3329 1474 3404 aliorumque
1507 3345 1685 3403 opera
1715 3346 1806 3386 se·
1860 3332 2044 3398 erant,
2097 3346 2274 3386 sanae
2320 3327 2622 3387 doctrinae
2670 3326 2952 3394 reddidit,
3004 3325 3144 3400 quia

523 3414 692 3483 lecta,
741 3414 952 3473 Oxonii
1003 3424 1201 3486 18653
1253 3434 1484 3474 carmen
1533 3418 1603 3474 de
1650 3417 1806 3474 obitu
1860 3417 2128 3491 alioquin
2191 3417 2469 3493 ,plurima
2543 3416 2715 3475 valde
2791 3414 3139 3474 necessaria‘

526 3503 935 3578 MoysisWen
954 3505 1026 3580 ig
1057 3504 1122 3562 iu
1141 3506 1339 3563 schola
1358 3505 1601 3583 syriaca,
1624 3505 1803 3564 Oeni-
1860 3510 2030 3565 erant
2062 3505 2124 3563 in
2156 3505 2281 3564 illis
2314 3505 2570 3576 ,utiliter
2604 3500 2973 3584 ordinata‘2).

525 3594 707 3667 ponte
737 3601 899 3655 1866
924 3613 937 3663 ;
971 3594 1304 3668 germanice
1336 3612 1505 3652 versa
1523 3593 1807 3652 Bickell

525 3681 944 3756 Ausgewahlte
962 3681 1243 3741 Gedichte
1259 3682 1364 3740 der
1384 3683 1804 3757 syr.Kirchen-
1956 3692 2101 3746 224.
2135 3683 2559 3743 Salvianus
2606 3682 2884 3742 Coloniae
2929 3681 3142 3760 Agrip-

525 3772 690 3827 vater
724 3769 1203 3844 Cyrillonas,
1239 3771 1555 3845 Balarus,
1588 3771 1808 3831 Isaac
1861 3773 2037 3848 pinae
2069 3774 2165 3832 vel
2193 3773 2451 3832 Treviris
2483 3774 2732 3832 exeunte
2765 3789 2876 3831 sec.
2909 3770 3007 3833 IV.
3040 3789 3142 3829 na-

523 3877 578 3915 v.
623 3858 979 3917 Antiochien
1026 3860 1148 3917 und
1196 3859 1440 3919 Jacob
1490 3880 1545 3919 v.
1597 3861 1806 3937 Sarug,
1863 3864 1963 3920 tus
1997 3862 2272 3920 humanis
2305 3861 2644 3937 divinisque
2681 3860 2877 3919 literis
2908 3858 3144 3937 egregie

524 3947 820 4022 Kempten
878 3957 1040 4011 1872
1065 3970 1080 4020 ;
1142 3950 1547 4007 recentissime
1609 3951 1677 4007 K.
1744 3950 1807 4008 V.
1861 3950 2193 4010 instructus
2235 3951 2478 4025 juvenis
2511 3949 2960 4009 matrimonium
3008 3949 3146 4008 iniit

525 4035 1021 4096 Zettersteen
1043 4038 1219 4114 plura
1239 4037 1427 4096 edidit
1445 4038 1509 4097 in
1532 4038 1807 4116 Beitrage
1862 4058 1997 4098 cum
2030 4040 2291 4098 Palladia
2321 4039 2588 4099 nondum
2620 4039 2963 4108 christiana,
2995 4056 3144 4114 quae

1861 4132 2064 4187 tamen
2094 4128 2266 4187 fidem
2301 4129 2521 4188 Christi
2562 4131 2657 4188 est
2686 4128 2970 4204 amplexa.
3031 4126 3143 4185 Va·

1862 4218 2051 4277 nitate
2084 4217 2271 4276 seculi
2301 4220 2607 4293 perspecta
2650 4236 2720 4275 ex
2762 4218 2976 4276 mutuo
3008 4234 3144 4274 con·

599 4267 631 4318 Ι)
661 4258 786 4311 Una
832 4276 964 4314 cum
1011 4262 1200 4314 Isaaco
1246 4264 1718 4316 commemoratur
1744 4261 1805 4314 in

522 4329 774 4384 Historia
801 4330 1180 4396 miscellanea,
1197 4349 1367 4400 quam
1394 4333 1578 4386 edidit
1603 4334 1645 4387 L
1662 4350 1697 4385 a
1713 4352 1751 4385 n
1769 4334 1805 4386 d

520 4401 581 4453 in
608 4402 822 4455 Anecd.
849 4420 960 4470 syr.
986 4406 1024 4457 t.
1055 4404 1149 4467 ΙΙΙ,
1195 4403 1241 4456 D
1259 4404 1435 4457 adas
1474 4405 1808 4468 monachus,
1944 4407 1978 4476 ⁸)
2009 4403 2091 4458 Cf.
2118 4404 2416 4460 Bickell
2442 4404 2554 4458 KL.
2585 4405 2624 4468 1,
2659 4409 2812 4461 1872.

523 4471 628 4539 qui
645 4474 816 4542 juxta
843 4473 1109 4528 Amidam
1151 4475 1438 4529 habitasse
1478 4479 1536 4528 et
1561 4481 1665 4530 300
1693 4477 1808 4529 fere
1939 4480 1978 4547 2)
2007 4475 2087 4530 cf.
2118 4475 2477 4528 Prooemium
2494 4475 2789 4546 Peregrini
2816 4475 3071 4547 episcopi
3086 4474 3144 4527 iu

523 4543 735 4613 scripta
776 4546 1083 4599 confecisse
1120 4546 1351 4611 dicitur,
1397 4546 1610 4614 quibus
1648 4547 1739 4600 vel
1767 4565 1807 4600 s.
1865 4563 1952 4616 ep.
1980 4565 2021 4600 s.
2050 4545 2218 4600 Pauli
2242 4563 2334 4616 ap.
2362 4547 2423 4601 in
2435 4547 2521 4600 ed.
2539 4565 2753 4612 eorum,
2781 4564 2931 4615 quae
2958 4562 3145 4617 super-

526 4615 878 4694 Scripturam
903 4616 1220 4685 explicavit
1245 4620 1334 4673 vel
1354 4620 1677 4672 sanctorum
1699 4634 1809 4671 me·
1865 4620 2001 4671 suut
2045 4617 2393 4671 Priscilliani
2479 4635 2567 4688 ag.
2616 4624 2717 4675 109
2761 4617 2823 4671 in
2851 4617 3017 4688 Corp.
3043 4634 3144 4670 szr.

527 4702 765 4765 monam
778 4687 1103 4742 celebravit.
1121 4688 1272 4741 Haec
1285 4691 1810 4770 taiiientemporuin
1864 4689 1963 4742 lat.
1991 4693 2122 4746 eccl.
2150 4692 2190 4745 t.
2218 4689 2403 4743 XVIII
2498 4688 2700 4743 iennae
2745 4695 2897 4752 1889,
2942 4689 3041 4743 ubi
3067 4704 3143 4741 re·

529 4758 742 4825 injuria
769 4758 1066 4826 perierunt
1092 4759 1181 4812 vel
1196 4759 1385 4813 adhuc
1403 4760 1585 4813 latent
1600 4779 1662 4813 1n
1677 4778 1808 4814 mss.
1864 4760 2047 4830 peries
2072 4762 2177 4815 hos
2203 4777 2447 4815 canones
2473 4760 2800 4815 emendatos
2826 4780 2881 4831 p.
2904 4765 3144 4816 109·14·.·.
