3505 5161
552 228 675 281 803

1371 215 1671 266 851—900.
1700 208 2045 264 Hincmarus
2070 208 2358 268 remensis,

3043 225 3172 279 804

549 396 623 454 ob
658 396 971 454 formulam
1008 395 1232 465 ,Trina
1251 395 1504 466 deitas,‘
1538 413 1692 471 quae
1722 414 1828 471 pa·
1886 413 1947 454 se
1979 395 2189 471 gessit,
2237 394 2531 454 sollicitus
2576 394 2650 453 de
2681 395 2837 454 bono
2869 394 3175 471 spirituali

548 484 696 544 riter
709 484 1237 544 contradictionem
1256 484 1505 555 invenit,
1515 485 1638 560 jam
1651 502 1831 560 supra
1884 488 1948 543 et
1978 483 2294 560 temporali
2311 502 2455 542 suae
2471 484 2766 554 ecclesiae,
2797 484 3173 559 irreprehen-

547 574 926 633 meminimus
958 594 1016 651 p.
1053 583 1198 637 789.
1236 573 1382 649 Ejus
1414 573 1830 633 collectionem
1885 573 2015 632 silis
2049 573 2330 644 moribus,
2363 591 2399 632 a
2429 573 2620 631 carnis
2665 591 2774 631 esu
2797 573 2972 649 juxta
3000 584 3170 632 suam

547 681 616 721 ex
650 681 727 722 ss.
760 663 1080 738 Scripturis
1114 667 1176 721 et
1205 662 1671 722 orthodoxorum
1703 662 1828 732 dic·
1884 663 2150 740 regulam
2204 679 2393 737 usque
2439 662 2515 720 ad
2557 664 2811 721 mortem
2840 661 3168 732 abstinens,

547 752 627 809 tis
659 753 729 810 de
758 771 878 811 una
907 760 959 811 et
988 770 1104 811 non
1134 754 1295 811 trina
1336 752 1547 811 deitate
1590 754 1831 811 sanctae
1883 751 2110 810 tenacis
2144 751 2436 828 energiae,
2471 751 2673 810 cedere
2702 751 2959 822 nescius,
2993 770 3169 829 sagax

548 840 826 900 videlicet
906 848 967 900 et
1027 841 1440 917 inseparabilis
1503 840 1826 900 Trinitatis
1883 843 1944 899 et
1992 839 2296 916 politicae,
2347 840 2452 899 sed
2501 858 2624 899 non
2666 859 2799 899 raro
2850 841 3031 899 etiam
3070 841 3165 899 vel

548 931 781 989 unitate
857 932 930 989 ad
1006 930 1377 1006 repellendas
1428 929 1826 989 Gotteschalci
1883 948 2024 1007 erga
2085 929 2286 988 sedem
2344 928 2733 1005 apostolicam
2796 934 3164 1005 praepotens.

548 1018 946 1095 blasphemias
991 1021 1241 1095 ejusque
1286 1020 1525 1078 naenias
1556 1018 1828 1078 refutan-

549 1109 653 1167 das
685 1108 866 1168 habes
913 1108 1166 1185 Migne
1198 1108 1414 1180 CXXV,
1451 1116 1828 1172 473—-618,

638 1296 785 1350 439.
815 1286 1048 1362 Triplex
1082 1286 1247 1344 aliud
1265 1286 1578 1363 negotium
1607 1286 1828 1345 moles-

546 1377 848 1436 tissimum
897 1374 1289 1434 Hincmarum
1344 1375 1449 1434 diu
1498 1376 1827 1451 occupavit,

548 1466 837 1542 depositio
870 1465 997 1528 scil.
1027 1466 1099 1523 W
1117 1464 1240 1522 ulf
1248 1464 1390 1535 adi,
1424 1465 1828 1541 praeceptoris

549 1553 971 1625 carolomanni,
1024 1572 1204 1629 quem
1252 1553 1418 1613 Ebbo
1467 1557 1608 1628 post
1658 1572 1828 1612 suam

549 1644 978 1719 depositionem
1017 1643 1298 1702 clericum
1340 1643 1732 1713 ordinaverat,
1766 1645 1828 1700 et

549 1733 792 1792 Carolus
824 1733 1037 1791 Calvus
1062 1731 1576 1808 archiepiscopum
1608 1732 1828 1790 bituri-

550 1840 780 1882 censem
831 1822 1046 1881 habere
1095 1820 1291 1881 voluit
1305 1816 1385 1904 ¹);
1429 1824 1491 1879 et
1535 1820 1828 1895 depositio

550 1910 886 1970 Bothadi
930 1910 1190 1986 episcopi
1246 1910 1681 1970 suessionensis
1731 1910 1829 1968 sui

551 2000 693 2058 olim
725 1996 1177 2081 ordinatorisss):
1223 1999 1288 2057 in
1328 2002 1588 2073 utroque
1620 1998 1826 2057 cedere

549 2087 759 2147 debuit
789 2089 1120 2164 praeceptis
1167 2088 1469 2164 minisque
1500 2088 1731 2147 Nicolai
1765 2089 1825 2157 I;

552 2177 790 2235 demum
823 2177 1116 2253 depositio
1162 2178 1559 2236 Hincmari
1612 2177 1829 2235 laudu-

550 2266 773 2337 nensiS,
807 2265 882 2324 de
913 2285 1032 2342 qua
1060 2265 1231 2324 infra.
1294 2267 1570 2325 Ceterum
1612 2285 1831 2343 magna

545 2355 739 2413 valuit
769 2356 1121 2415 auctoritate
1168 2356 1327 2432 apud
1376 2355 1645 2431 quinque
1678 2373 1831 2431 pon-

543 2444 751 2516 tifices,
783 2445 1055 2520 quamvis
1088 2444 1370 2503 Nicolaus
1390 2446 1433 2502 Ι.
1467 2444 1704 2504 fortiter
1722 2462 1824 2502 su·

544 2532 724 2593 binde
768 2534 824 2593 ei
868 2533 1162 2593 restiterit
1208 2533 1508 2609 minisque
1540 2533 1830 2611 gravibus

546 2623 629 2682 sit
656 2641 824 2695 usus,
871 2627 942 2681 ut
984 2641 1120 2682 eum
1170 2623 1244 2681 ad
1275 2623 1670 2682 obediendum
1703 2623 1831 2682 suis

547 2713 797 2771 decretis
847 2712 1117 2789 adigeret
1162 2707 1261 2794 (cf.
1308 2713 1490 2788 hujus
1531 2712 1831 2789 pontificis

546 2821 637 2877 ep.
673 2798 798 2883 29).
860 2801 1046 2876 Major
1075 2801 1270 2860 adhuc
1300 2805 1429 2861 erat
1459 2803 1589 2878 ejus
1620 2805 1826 2861 aucto-

546 2891 692 2950 ritas
723 2890 883 2966 apud
902 2891 1290 2967 imperatores
1310 2894 1369 2950 et
1391 2910 1557 2969 reges
1579 2891 1824 2960 Galliae,

546 2998 799 3056 quorum
847 2980 1048 3056 plures
1094 2980 1419 3043 coronavit.
1480 2981 1610 3038 Etsi
1657 2980 1829 3039 nullo

545 3069 898 3145 fungeretur
972 3086 1218 3127 munere
1295 3072 1489 3128 status
1566 3069 1828 3144 publice,

545 3158 897 3234 praecipuas
946 3160 1146 3216 tamen
1197 3157 1407 3217 habuit
1455 3159 1517 3216 in
1568 3159 1827 3235 negotiis

550 3247 810 3323 politicis
840 3249 1055 3324 partes,
1089 3264 1241 3323 quae
1263 3247 1439 3323 juxta
1468 3248 1597 3323 ejus
1630 3248 1829 3305 consi·

549 3337 697 3394 lium
760 3336 1210 3395 dirimebantur.
1308 3337 1502 3395 Natus
1564 3340 1692 3395 erat
1754 3336 1828 3393 ad

549 3444 766 3502 magna
796 3443 1053 3498 suaeque
1084 3425 1403 3501 dignitatis
1454 3425 1629 3501 plane
1690 3443 1830 3484 con-

548 3515 706 3571 scius
719 3514 921 3590 vigore
943 3532 1116 3588 saepe
1136 3515 1198 3571 et
1208 3514 1485 3573 libertate
1504 3514 1830 3589 apostolica

626 3706 661 3753 ¹»
690 3698 905 3752 Revera
969 3701 1154 3754 factus
1218 3703 1304 3754 est
1364 3701 1830 3772 archiepiscopus

547 3770 913 3826 bituricensis
962 3789 1012 3824 a.
1051 3778 1157 3829 866
1208 3777 1266 3826 et
1313 3775 1387 3828 ab
1428 3773 1717 3828 Hadriano
1762 3775 1829 3826 11.

546 3842 788 3913 pallium
835 3843 1092 3897 obtinuit
1116 3848 1163 3912 (†
1194 3850 1240 3897 l.
1269 3847 1405 3914 Apr.
1433 3849 1576 3917 876).
1631 3845 1832 3898 Exstat

546 3913 670 3984 ejus
713 3919 932 3983 epistola
982 3918 1275 3984 pastor-alls
1331 3915 1403 3968 ad
1449 3917 1726 3986 parochos
1773 3918 1832 3970 et

548 3985 927 4055 parochianos
953 3987 1108 4067 apud
1138 3986 1194 4038 M
1211 4003 1243 4038 a
1263 3985 1453 4042 billo
1473 4005 1508 4039 n
1538 3988 1703 4044 Anal.
1732 3987 1828 4052 IV,

547 4063 860 4119 6022—610;
914 4057 1162 4127 Migne
1214 4057 1405 4122 cxxi,
1463 4065 1829 4115 1135-114-2.

545 4129 628 4182 Cf.
671 4129 813 4183 Hes
822 4129 933 4183 ele
979 4127 1462 4199 Conciliengesch.
1512 4131 1584 4182 IV
1625 4142 1651 4196 9·
1692 4137 1828 4188 452z

546 4203 680 4258 4722
703 4200 849 4254 Hist.
877 4201 964 4257 lit.
991 4201 1058 4264 V,
1086 4203 1349 4256 477-81.

619 4277 659 4342 2³)
689 4271 875 4342 Hujus
916 4272 1149 4326 libellus
1175 4276 1541 4341 appellationis
1584 4272 1673 4326 vel
1702 4291 1827 4341 pro·

544 4342 906 4397 clamationis
951 4360 1047 4397 seu
1094 4343 1518 4412 provocationis
1561 4344 1633 4396 ad
1664 4344 1829 4400 Nico·

548 4414 703 4467 laum
732 4416 789 4478 Ι..
816 4415 878 4468 in
908 4431 1022 4482 quo
1050 4418 1177 4468 totu
1190 4435 1233 4469 .n
1281 4415 1387 4470 hoc
1415 4415 1710 4486 negotium
1739 4433 1827 4469 ex-

546 4485 714 4554 ponit
752 4489 937 4539 exstat
980 4485 1041 4539 in
1072 4485 1358 4540 Harduini
1398 4487 1526 4540 coll.
1573 4505 1730 4541 conc.
1761 4489 1826 4552 V,

1885 1018 2151 1078 Decessit
2169 1017 2494 1090 laboribus,
2529 1019 2689 1077 curis
2708 1018 3160 1078 certaminibus-

1884 1126 2002 1183 que
2032 1107 2357 1166 exhaustus
2395 1117 2493 1171 21.
2528 1108 2658 1167 Dec.
2695 1116 2820 1172 882
2856 1109 3013 1167 iuter
3028 1108 3162 1167 Gal·

1884 1196 1998 1255 liae
2029 1196 2335 1272 praesules
2381 1197 2514 1272 ejus
2565 1196 2850 1273 temporis
2898 1197 3163 1255 nomina-

1884 1286 2161 1345 tissimus
2178 1281 2245 1366 ¹).

2009 1509 2156 1562 440.
2236 1498 2506 1575 Reliquit
2565 1499 2921 1557 Hincmarus
2990 1517 3163 1574 quam

1885 1588 2146 1664 plurima
2177 1588 2401 1664 scripta
2439 1590 2594 1667 (125
2630 1590 2908 1648 numerat
2937 1587 2990 1645 N
3008 1605 3162 1646 oor-

1885 1676 2024 1736 den
2077 1694 2170 1754 op.
2218 1678 2319 1738 cit.
2352 1698 2405 1754 p.
2440 1687 2566 1741 403
2603 1672 2726 1758 ss.)‚
2779 1677 2882 1736 sed
2932 1676 3051 1735 fere
3094 1694 3161 1735 ex

1882 1769 2183 1825 occasione
2214 1770 2452 1825 tantum
2468 1766 2724 1841 alicujus
2741 1765 3162 1825 controversiae

1885 1856 2226 1932 composita,
2248 1875 2400 1931 quae
2418 1862 2650 1915 vastam
2671 1855 2916 1931 quidem
2934 1858 3156 1913 testan-

1882 1947 1989 2002 tur
2019 1944 2419 2004 eruditionem
2452 1944 2930 2020 indefessamque
2963 1943 3160 2003 lectio·

1884 2052 2039 2104 nem,
2077 2033 2179 2092 sed
2211 2034 2502 2092 minorem
2532 2033 3050 2108 accurationemss).
3080 2032 3160 2090 Ea

1885 2122 2130 2199 collegit
2174 2122 2482 2199 ediditque
2529 2121 2879 2182 Sirmondus
2926 2121 3164 2181 Parisiis

1896 2220 2056 2274 1645
2090 2214 2136 2269 t.
2162 2220 2194 2274 2
2234 2211 2299 2270 in
2321 2212 2377 2282 f„
2411 2212 2735 2289 praemissa
2766 2211 2907 2270 utili
2926 2212 3163 2287 synopsi

1886 2299 2160 2360 chronica
2189 2302 2263 2359 ad
2295 2301 2563 2360 ordinem
2595 2320 2795 2359 rerum
2827 2301 3042 2359 melius
3072 2301 3160 2358 in-

1888 2389 2300 2468 telligendum,
2333 2390 2572 2467 plenius
2606 2389 2858 2466 Migne
2890 2394 2933 2453 t.
2955 2388 3162 2451 CXXV.

1887 2478 2136 2543 CXXVI.
2159 2479 2399 2538 Potiora
2416 2482 2651 2555 praeter
2668 2499 2751 2549 ea,
2775 2498 3028 2555 quorum
3041 2480 3162 2554 jam

1886 2568 2288 2639 meminimuS,
2325 2572 2495 2628 sunt:
2530 2569 2618 2628 De
2634 2568 2881 2628 divortio
2901 2568 3163 2628 Lotharii

1886 2659 2046 2734 regis
2081 2663 2142 2717 et
2173 2658 2497 2736 'Petbergae
2528 2658 2769 2736 reginae
2788 2658 2854 2717 in
2880 2668 2960 2722 23
2984 2659 3162 2716 inter·

1885 2747 2223 2824 rogationes
2271 2753 2333 2806 et
2383 2756 2414 2808 7
2480 2748 2861 2824 quaestiones
2908 2748 3160 2806 divisum

1888 2836 2170 2916 (Migne
2219 2836 2434 2908 CXXV,
2487 2832 2881 2918 619—772),
2933 2837 2996 2894 in
3045 2854 3161 2912 quo

1884 2925 2121 3002 egregie
2151 2924 2492 2985 nullitatem
2512 2926 2928 3002 exceptionum
2958 2925 3160 2984 adver·

1886 3033 1990 3073 sus
2038 3015 2303 3091 reginam
2352 3019 2413 3074 et
2458 3015 2909 3091 perversitatem
2953 3014 3163 3092 agendi

1887 3104 2136 3162 rationis
2169 3104 2576 3180 episcoporum
2597 3103 2926 3163 aulicorum
2948 3105 3013 3162 in
3032 3122 3159 3179 per-

1964 3350 1999 3414 ¹)
2030 3344 2111 3398 Cf.
2140 3345 2176 3398 S
2193 3361 2222 3398 c
2238 3346 2277 3398 h
2293 3363 2320 3397 r
2337 3363 2368 3400 o
2385 3362 2414 3399 e
2431 3364 2459 3397 r
2474 3363 2528 3399 s:
2558 3346 2840 3400 Hinkmar
2866 3346 3029 3402 Erzb.
3054 3364 3160 3401 von

1885 3414 2094 3468 Reims.
2143 3416 2277 3470 Scin
2305 3417 2491 3471 Leben
2521 3419 2638 3472 und
2666 3418 2821 3472 scine
2848 3419 3160 3476 Schriften:

1886 3503 1938 3538 v.
1991 3486 2038 3539 N
2060 3504 2091 3540 o
2109 3505 2141 3541 o
2160 3489 2284 3541 rde
2301 3507 2337 3541 n
2391 3488 2673 3543 Hinkmar
2709 3489 2772 3543 E.
2803 3507 2852 3543 v.
2880 3490 2960 3552 R..
3007 3491 3161 3545 Bonn

1891 3563 2058 3618 1863;
2099 3559 2142 3611 L
2159 3578 2190 3614 o
2211 3578 2248 3614 u
2265 3579 2302 3630 p
2321 3578 2352 3613 o
2372 3562 2397 3612 t
2439 3561 2713 3614 Hincmar
2737 3562 2894 3615 arch.
2920 3561 2990 3616 de
3017 3562 3077 3614 R.
3103 3579 3160 3614 sa

1887 3628 1977 3683 vie
1997 3646 2353 3695 ,sesoeuvres,
2371 3649 2471 3685 son
2488 3632 2986 3696 influence,Reims
3005 3639 3160 3690 1869:

1887 3699 2065 3754 Vidi
2086 3717 2168 3756 eu
2221 3702 2492 3757 Hincmar
2535 3705 2605 3757 de
2652 3703 2735 3769 R„
2786 3704 2948 3758 Paris
3004 3711 3161 3761 18'0'5:

1889 3771 2248 3827 Potthast
2291 3791 2348 3842 p.
2377 3781 2479 3830 598
2507 3793 2608 3834 ss.;
2662 3776 2928 3829 Hefele
2974 3775 3163 3830 Conci·

1884 3843 2193 3914 liengesch.
2223 3849 2261 3901 t.
2292 3845 2385 3902 lV.
2416 3845 2656 3915 passim:
2708 3845 2939 3901 Ebert
2977 3849 3042 3903 11.
3069 3849 3104 3902 l.
3133 3858 3162 3904 5

1885 3932 1931 3968 c.
1963 3924 1986 3970 l
2002 3924 2044 3971 l.

1960 3989 1999 4057 2)
2028 3987 2390 4041 Schroers
2417 3987 2780 4052 KL.V1,11:
2827 3990 2993 4044 Seine
3019 3991 3163 4044 zahl-

1884 4057 2112 4111 reichen
2132 4057 2343 4113 Werke
2353 4059 2484 4112 sind
2495 4061 2609 4113 fast
2618 4060 2729 4114 alle
2742 4060 2784 4113 G
2794 4062 2991 4132 elegen
2999 4061 3164 4116 heits·

1884 4128 2177 4192 schrit'ten,
2206 4131 2442 4195 schnell,
2487 4131 2547 4186 in
2581 4131 2998 4203 naohlassigem
3025 4132 3163 4187 Stile

1887 4200 2001 4253 und
2049 4202 2256 4255 breiter
2291 4201 2457 4256 Form
2498 4202 2901 4272 geschrieben;
2953 4221 3012 4257 er
3052 4221 3166 4257 war

1884 4271 2017 4325 kein
2047 4273 2414 4342 productiver
2440 4273 2627 4329 Gcist:
2669 4273 2824 4328 scine
2849 4276 3050 4330 Starke
3079 4278 3166 4329 be·

1884 4344 2037 4396 steht
2061 4343 2124 4396 in
2151 4344 2309 4399 einer
2351 4347 2886 4399 staunenswerthen
2913 4346 3165 4401 Belcsen·

1886 4415 2024 4478 heit,
2054 4414 2161 4468 mit
2184 4416 2357 4470 deren
2386 4416 2671 4470 fruchten
2700 4417 2854 4473 seine
2880 4419 3165 4472 Schriften

1883 4485 1972 4540 bis
1997 4504 2128 4540 zum
2161 4486 2487 4542 Uebermass
2511 4488 2797 4558 angefflllt
2834 4489 2982 4542 sind.
3035 4489 3167 4544 Dies

549 4559 682 4615 579:
723 4557 779 4609 M
797 4557 817 4609 i
836 4577 874 4627 g
892 4575 927 4609 n
946 4573 974 4610 e
1004 4556 1194 4622 CXIX,
1225 4560 1504 4614 747--752
1527 4579 1538 4616 ;
1564 4558 1826 4629 plurimis
1884 4557 1995 4627 gilt
2023 4560 2323 4612 besonders
2368 4576 2481 4612 von
2508 4559 2703 4613 seiuen
2732 4560 3167 4630 theologischen

547 4627 815 4682 interfuit
876 4628 1108 4696 synodis
1172 4633 1230 4683 et
1289 4629 1440 4682 inter
1486 4628 1827 4683 illustriores
1885 4629 2367 4700 Abhandlungen,
2395 4630 2607 4684 welche
2630 4631 3047 4702 selbstfindiges
3068 4631 3168 4685 Ur-

548 4698 764 4751 Galliae
795 4700 1082 4767 praesules
1110 4700 1265 4754 illius
1288 4701 1557 4770 temporis
1586 4702 1826 4754 habeba-
1884 4699 2026 4754 theil
2045 4702 2351 4754 vermissen
2367 4703 2569 4755 lasseu.
2588 4704 2692 4756 Am
2714 4703 3167 4758 bedentendsten

550 4771 645 4818 tur
671 4773 717 4828 st
745 4773 885 4838 869).

1885 4770 1961 4824 ist
1985 4787 2045 4824 er
2071 4772 2154 4825 als
2183 4772 2472 4827 Canonist.
