3505 5161
387 244 499 298 381
999 228 1303 285 Vocounis.
1332 226 1592 292 Cerealis,
1619 226 1834 293 Victor,
1855 228 2145 297 SyagriuS,
2173 227 2386 285 Pastor.
2872 245 2996 301 382

382 417 618 476 castelli
649 417 715 474 in
746 414 1121 486 Mauritania,
1156 415 1260 491 qui
1291 418 1446 473 teste
1480 414 1526 473 G
1544 432 1575 471 e
1592 433 1659 472 n·
1718 415 1925 489 spuria
1957 432 2003 474 s.
2029 415 2077 471 B
2094 434 2128 472 a
2145 433 2172 473 s
2189 412 2209 472 i
2225 415 2247 472 l
2264 414 2321 471 ii
2354 416 2450 473 Mi
2464 434 2560 493 gn
2575 435 2606 473 e
2628 416 2689 476 P.
2712 417 2776 479 G.
2799 416 3000 485 XXXI,

381 505 522 566 nad
538 506 606 564 io
652 524 699 564 c.
747 514 845 567 78.
893 504 1135 580 scripsit
1162 504 1508 578 ‚adversus
1554 503 1661 561 Ec·
1727 512 2020 567 1687-1
2037 512 2070 566 7
2080 514 2179 574 04,
2245 504 2571 579 inscriptus
2631 506 2701 563 de
2747 507 3003 565 consola-

383 596 590 655 clesiae
620 594 914 664 inimicoS,
947 593 988 653 J
992 594 1207 652 udaeos
1239 598 1300 652 et
1321 594 1569 651 Arianos
1601 595 1663 650 et
1718 595 1868 652 tione
1898 595 1960 651 in
1991 588 2292 673 adversis).
2337 594 2627 652 Homilias
2646 594 2824 652 etiam
2844 613 3002 654 com-

380 686 526 744 alios
540 683 880 743 haereticos.
917 682 1261 758 Composuit
1276 682 1455 742 etiam
1472 700 1660 741 sacra·
1719 682 1924 758 posuit
1952 682 2189 752 multae,
2223 701 2372 758 quas
2405 702 2438 741 a
2468 683 2756 741 fratribus
2789 685 3002 743 salutis

380 776 714 833 mentorum
760 774 1068 849 egregium
1112 772 1464 831 volumen‘:
1513 790 1661 845 quo·
1719 771 1993 847 propriae
2043 771 2314 830 sollicitis
2378 773 2441 829 in
2502 772 2676 831 libris
2737 772 3001 849 digestas

384 882 512 921 rum
543 863 836 921 librorum
866 862 1066 919 tamen
1096 861 1247 919 nihil
1265 864 1554 937 superest.
1574 893 1660 902 —

381 952 579 1027 Hujus
609 956 683 1009 ut
713 950 956 1010 videtur
987 968 1290 1009 successor
1321 949 1663 1009 Cerealis

383 1040 714 1117 disputavit
749 1049 872 1103 478
923 1038 1275 1116 Carthagine
1309 1058 1446 1098 cum
1477 1037 1660 1097 Maxi-

382 1130 544 1188 mino
577 1131 855 1205 episcopo
896 1128 1118 1199 arian0,
1166 1130 1337 1204 cujus
1371 1147 1659 1187 summam

383 1218 653 1278 exhibuit
682 1220 746 1277 in
780 1219 818 1279 l.
862 1219 932 1275 de
964 1219 1076 1291 fide
1106 1236 1151 1278 s.
1198 1219 1503 1277 Trae'm'tatis
1536 1235 1660 1275 sae-

382 1309 519 1383 pius
538 1308 717 1379 edit0,
751 1310 823 1365 ut
852 1308 918 1365 in
937 1307 1082 1365 bibl.
1102 1326 1252 1365 max.
1271 1307 1437 1385 lugd.
1458 1309 1501 1363 t.
1525 1305 1662 1364 VIII

381 1397 663 1473 Lugduni
703 1407 863 1461 1677
886 1418 899 1465 3
940 1397 1004 1454 in
1035 1397 1234 1472 Migne
1265 1397 1326 1454 P.
1359 1398 1422 1455 L.
1455 1395 1660 1463 LVIII,

387 1496 709 1550 757-68.
772 1519 857 1529 -
933 1485 1245 1553 „Victor
1322 1487 1660 1560 Cartennas,

381 1579 535 1634 teste
587 1575 983 1634 Gennadio
1028 1594 1074 1634 c.
1126 1584 1224 1644 77,
1273 1574 1663 1633 Mauritaniae

382 1664 642 1723 civitatis
695 1664 1029 1741 episcopus,
1092 1664 1330 1739 scripsit
1391 1664 1665 1723 adversus

381 1755 649 1813 Arianos
666 1754 704 1812 l.
726 1773 910 1812 unum
931 1756 992 1812 et
1011 1753 1273 1830 longum,
1311 1772 1487 1828 quem
1510 1753 1663 1811 Gen·

383 1843 567 1901 serico
599 1843 728 1919 regi
748 1860 855 1918 per
874 1860 1014 1901 suos
1035 1842 1398 1902 audiendum
1418 1841 1660 1910 obtulit,

383 1932 539 1990 sicut
584 1951 653 1990 ex
699 1932 1000 2008 prooemio
1045 1932 1185 1990 libri
1230 1931 1419 2007 ipsius
1463 1930 1662 1989 didici.

384 2020 638 2097 Scripsit
682 2023 743 2079 et
803 2021 873 2078 de
924 2023 1284 2093 poenitentia
1324 2021 1563 2093 publica
1623 2020 1662 2077 l.

381 2128 596 2180 unum,
660 2110 724 2167 in
788 2128 906 2184 quo
968 2111 1032 2168 et
1088 2110 1360 2186 regulam
1421 2108 1662 2167 vivendi

379 2198 830 2275 poenitentibus
855 2200 1030 2273 juxta
1049 2198 1492 2274 Scripturarum
1525 2216 1663 2256 auc-

380 2290 683 2346 toritatem
716 2288 932 2346 statuit
970 2282 1100 2367 (qui
1145 2288 1183 2349 l.
1230 2293 1322 2346 est
1365 2288 1518 2346 forte
1561 2287 1663 2345 ille

370 2378 546 2452 juxta
576 2377 854 2452 Czapla
899 2377 962 2435 in
1006 2378 1061 2436 h.
1108 2395 1173 2446 c.,
1226 2377 1329 2453 qui
1376 2377 1487 2435 sub
1522 2378 1662 2433 Am-

378 2465 564 2524 brosii
625 2466 865 2524 nomine
936 2465 1350 2524 circumfertur
1411 2465 1663 2542 Migne

377 2554 560 2627 XVII,
620 2558 1071 2630 971—1004);
1136 2558 1197 2613 et
1246 2557 1326 2615 ad
1371 2554 1664 2614 Basiliam

378 2644 676 2719 quendam
701 2663 881 2720 super
910 2649 1159 2703 mort-em
1190 2645 1301 2703 filii
1334 2645 1661 2703 consolato·

377 2733 535 2792 rium
574 2733 847 2792 libellum
895 2752 998 2807 spe
1044 2733 1497 2793 resurrectionis
1530 2752 1661 2809 per-

376 2822 528 2880 fecta
559 2823 953 2881 instructione
986 2822 1286 2881 munitum
1333 2823 1507 2897 (forte
1540 2823 1659 2892 ille,

375 2914 445 2969 ut
464 2911 708 2986 conjicit
729 2912 769 2970 C
783 2932 811 2969 z
827 2931 860 2970 a
874 2912 1029 2988 pla,
1067 2913 1170 2986 qui
1193 2912 1487 2988 reperitur
1504 2912 1664 2969 inter

377 3153 434 3224 (f.
477 3151 592 3206 tici
632 3159 768 3224 non)
812 3151 1049 3221 grandis
1092 3153 1392 3222 episcopus
1437 3151 1666 3222 scripsit

379 3224 652 3277 adversus
681 3224 727 3274 A
745 3241 774 3276 r
790 3222 810 3275 i
826 3239 859 3275 a,
877 3241 914 3275 n
930 3241 962 3278 o
981 3240 1005 3276 s
1033 3225 1090 3276 et
1115 3224 1281 3278 modo
1310 3229 1376 3295 (c.
1405 3227 1528 3294 490)
1570 3222 1664 3275 ad-

381 3312 606 3348 versum
657 3294 704 3347 D
724 3312 755 3346 o
773 3311 810 3346 n
828 3310 861 3346 a
880 3294 938 3347 ti
955 3313 980 3347 s
996 3298 1020 3347 t
1035 3311 1068 3346 a,
1086 3312 1110 3347 s
1152 3295 1394 3348 scribere
1434 3294 1662 3348 dicitur.

381 3367 443 3418 In
488 3366 744 3420 docendo
789 3368 984 3419 autem
1030 3382 1097 3418 ex
1149 3369 1405 3436 tempore
1456 3365 1664 3433 grandi

381 3436 653 3508 opinione
680 3437 1050 3491 celebratur.“
1106 3437 1269 3492 Nihil
1304 3438 1507 3490 horum
1536 3436 1664 3490 scri·

380 3511 611 3600 ptorum
638 3508 927 3576 reliquum
955 3510 1055 3564 est.
1085 3541 1151 3549 —
1180 3509 1361 3570 Alius,
1397 3507 1491 3560 cui
1521 3510 1664 3561 teste

382 3579 780 3633 bennadio
809 3596 854 3632 c.
882 3586 968 3644 86,
1011 3596 1217 3634 nomen
1259 3581 1345 3633 est
1387 3579 1665 3632 Servus

382 3649 531 3716 Dei,
559 3651 879 3721 episcopus,
923 3651 1187 3721 „scripsit
1223 3651 1526 3704 adversum
1554 3666 1663 3712 eos,

384 3722 484 3790 qui
512 3722 734 3786 dicunt,
778 3721 1069 3776 Christum
1095 3722 1157 3777 in
1178 3722 1285 3775 hac
1310 3721 1433 3775 vita.
1460 3722 1664 3791 degen-

380 3796 492 3846 tem
538 3811 654 3847 non
699 3791 908 3847 vidisse
953 3793 1171 3847 carneis
1215 3793 1395 3846 oculis
1421 3792 1664 3854 Patrem,

382 3864 479 3917 sed
531 3867 662 3935 post
700 3864 1173 3919 resurrectionem
1213 3881 1280 3917 ex
1327 3864 1567 3918 mortuis
1609 3866 1667 3916 et

1719 861 1943 920 servari
1964 861 2232 938 cognovi.
2248 869 2275 897 ¹¹
2321 862 2549 919 Harum
2570 861 2725 920 sicut
2742 862 2804 919 et
2823 862 3002 938 primi

1718 950 1861 1008 libri
1904 950 2058 1008 nihil
2104 967 2414 1026 superesse
2460 950 2718 1008 videtur.
2754 984 2839 994 -
2872 953 3000 1010 'rri-

1718 1039 1930 1097 buitur
1977 1039 2032 1098 ei
2082 1042 2146 1098 et
2205 1040 2527 1114 chronicon,
2594 1039 2753 1116 quod
2802 1043 3002 1100 tamen

1720 1128 2101 1204 suppositum
2132 1128 2236 1186 alii
2271 1132 2531 1187 censent.

1813 1316 1955 1370 213.
1990 1306 2204 1365 Contra
2247 1307 2927 1367 Priscillianistas
2958 1308 3001 1384 ¹)

1721 1395 2014 1473 pugnavit
2034 1395 2070 1453 S
2083 1395 2382 1472 yagrius
2415 1396 2538 1470 qui,
2561 1400 2634 1455 ut
2646 1396 2829 1456 refert
2849 1399 3002 1457 Gen-

1717 1485 1930 1544 nadius
1951 1502 1998 1544 c.
2024 1494 2124 1554 65,
2162 1523 2188 1553 ‚
2205 1484 2445 1560 scripsit
2472 1485 2542 1542 de
2558 1486 2671 1559 fide
2690 1485 3003 1545 adversum

1718 1575 2212 1651 praesumptuosa
2231 1573 2663 1633 haereticorum
2696 1575 3001 1646 vocabula,

1718 1682 1874 1740 quae
1919 1663 1992 1721 ad
2040 1661 2401 1721 destruenda
2430 1662 2525 1721 vel
2553 1663 2925 1721 immutanda
2957 1682 3003 1723 s.

1721 1752 2034 1811 Trinitatis
2074 1751 2315 1810 nomina
2358 1755 2653 1826 usurpata
2699 1756 2860 1821 sunt,
2911 1752 3003 1810 di-

1720 1842 1985 1900 centium
2035 1841 2271 1899 Patrem
2331 1859 2453 1899 non
2504 1840 2716 1899 debere
2768 1840 3003 1909 Patrem

1719 1930 1852 1998 dici,
1887 1949 1962 1989 ne
1995 1930 2059 1987 in
2091 1929 2287 1988 Patris
2318 1929 2557 1987 nomine
2589 1930 2776 1988 Filius
2810 1934 2999 2003 sonet,

1719 2020 1823 2078 sed
1854 2019 2193 2097 ingenitum
2242 2021 2303 2077 et
2347 2017 2634 2077 infectum
2680 2038 2746 2077 ac
2793 2020 3000 2078 solita-

1720 2109 1878 2167 rium
1898 2108 2387 2183 nuncupandum,
2421 2110 2491 2165 ut
2523 2108 2815 2184 quidquid
2838 2111 3005 2168 extra

1718 2198 1892 2256 illum
1925 2198 1989 2256 in
2021 2216 2273 2273 persona
2291 2200 2400 2267 est,
2433 2199 2604 2256 extra
2622 2197 2792 2255 illum
2827 2198 2909 2256 sit
2938 2198 3003 2256 in

1717 2291 1949 2356 natura,
1984 2285 2304 2345 ostendens
2336 2287 2398 2344 et
2415 2286 2652 2345 Patrem
2670 2304 2843 2362 posse
2865 2288 3003 2364 qui-

1719 2376 1855 2434 dem
1874 2376 1987 2434 dici
2010 2375 2363 2452 ingenitum,
2398 2375 2538 2434 licet
2557 2375 2864 2450 Scriptura
2884 2395 3005 2434 non

1719 2465 1951 2536 dixerit,
2000 2469 2062 2523 et
2106 2484 2175 2523 ex
2222 2483 2284 2523 se
2330 2464 2610 2541 genuisse
2656 2464 2720 2522 in
2752 2483 3004 2540 persona

1717 2554 1955 2625 Filium,
1992 2572 2114 2613 non
2133 2554 2369 2622 fecisse;
2405 2555 2467 2612 et
2498 2572 2567 2612 ex
2598 2572 2659 2612 se
2680 2555 3003 2630 protulisse

1719 2644 1783 2702 in
1820 2661 2076 2720 persona
2108 2643 2398 2719 Spiritum
2433 2661 2498 2713 s.‚
2546 2661 2667 2701 non
2703 2645 3000 2720 genuisse,

1719 2752 1914 2808 neque
1960 2732 2184 2793 fecisse.
2249 2731 2372 2790 Sub
2420 2731 2600 2806 hujus
2635 2732 2867 2809 Syagrii
2899 2751 3002 2791 no·

1717 2822 1878 2880 mine
1911 2825 2141 2897 septem
2185 2822 2254 2878 de
2296 2821 2407 2894 fide
2451 2827 2502 2877 et
2532 2822 2748 2896 requlis
2775 2822 2912 2895 fidei
2942 2823 3003 2883 11.

1719 2910 2137 2985 praetitulatos
2186 2909 2404 2978 inveni,
2455 2909 2557 2966 sed
2610 2909 2751 2982 quia
2795 2909 3006 2986 lingua

1717 2999 2043 3069 variantur,
2064 3017 2187 3056 non
2206 3015 2410 3056 omnes
2427 2998 2558 3072 ejus
2575 3014 2704 3055 esse
2720 2998 2958 3061 credidi,
2975 3006 3003 3035 ‘

1719 3089 1879 3146 Haec
1910 3086 2134 3162 scripta
2163 3086 2446 3145 videntur
2466 3085 2656 3144 adhuc
2677 3104 3002 3162 superesse,

1721 3178 1822 3236 sed
1854 3175 2083 3235 inedita
2100 3177 2341 3234 tantum
2372 3174 2436 3232 in
2466 3175 2591 3232 cod.
2623 3193 2814 3246 macr„
2848 3179 3005 3234 teste

1722 3266 1968 3324 Morin
2031 3266 2095 3323 in
2158 3265 2301 3323 diss.
2352 3264 2560 3322 Pastor
2610 3267 2671 3321 et
2720 3264 3003 3341 Syagrius

1721 3356 1874 3414 deux
1924 3352 2212 3412 ecrivains
2264 3353 2486 3428 perdus
2543 3352 2625 3410 du
2674 3353 3005 3428 cinquieme

1721 3444 1896 3502 siecle
1929 3442 1992 3500 in
2026 3443 2224 3502 Revue
2244 3442 2463 3502 Bened.
2496 3450 2656 3505 1893
2681 3441 2747 3512 X,
2787 3451 3005 3505 385—

1724 3542 1885 3604 3943
1939 3541 2102 3595 1895
2140 3532 2268 3597 XlI.
2323 3539 2467 3594 388.
2499 3565 2587 3573 —
2619 3531 2839 3590 Eodem
2886 3532 3005 3591 fere

1720 3625 1983 3698 tempore
2020 3621 2166 3680 vixit
2196 3621 2291 3679 hic
2322 3621 2625 3691 Pastor,
2679 3621 2999 3697 episcopus

1802 3865 1835 3931 ¹)
1865 3860 1943 3913 De
1971 3860 2062 3915 his
2088 3861 2161 3913 ad
2182 3861 2427 3914 Leonem
2457 3860 2528 3912 M.
2552 3861 2781 3931 scripsit
2807 3860 2905 3913 Tu
2923 3861 3005 3914 ri-

378 3951 767 3990 ascensionem
788 3936 850 3989 in
872 3937 1074 3999 coelos,
1101 3953 1229 3989 cum
1252 3937 1565 3989 translatus
1581 3936 1667 3987 est
1722 3935 1757 3984 b
1776 3932 1796 3986 i
1813 3951 1850 3985 u
1866 3950 1891 3985 s
1912 3933 2100 4002 patria.
2117 3931 2486 3985 Taurinensis
2503 3949 2569 3985 ex
2588 3931 2772 3986 nobili
2784 3931 3004 3985 familia

381 4005 443 4060 in
470 4007 718 4077 gloriam
754 4005 858 4060 Dei
889 4007 1090 4072 Patris,
1129 4008 1420 4078 profectus
1464 4006 1584 4061 scil.
1612 4005 1666 4058 ei
1720 4005 1790 4057 de
1818 4003 2046 4057 Becutis
2072 4003 2373 4073 episcopus
2398 4002 2765 4056 asturicensis
2791 4002 2853 4054 iu
2881 4002 3006 4055 His·

378 4078 579 4132 dantes
623 4082 679 4131 et
721 4079 1238 4132 remunerationem
1267 4078 1558 4146 martyrii;
1602 4077 1666 4129 in
1721 4075 1958 4146 pania(†
1971 4079 2113 4144 460),
2140 4075 2234 4127 cui
2259 4075 2358 4128 ille
2386 4073 2683 4143 respondit
2718 4075 3006 4142 praeclara.

386 4166 500 4217 qua
544 4149 832 4219 scriptura
871 4149 1124 4204 ostendit
1170 4155 1227 4202 et
1270 4149 1664 4220 disputatione
1721 4148 1915 4270 eupit
1954 4146 2185 4270 Stolixa
2234 4153 2293 4201 15
2339 4145 2509 4214 (inter
2552 4161 2584 4198 o
2631 4162 2744 4197 usc.
2797 4143 3006 4198 selecta

378 4237 481 4274 sua.
507 4225 567 4274 et
593 4239 662 4275 ss.
691 4221 1118 4292 Scripturarum
1148 4220 1508 4284 testimoniis,
1559 4219 1665 4272 Do·
1712 4231 1791 4272 ss.

2004 4217 2276 4287 eniponte
2322 4219 2458 4272 1874
2483 4215 2584 4269 XX
2645 4257 2656 4277 ,
2689 4221 3004 4280 118—151).

379 4291 604 4346 minum
632 4293 830 4346 Jesum
856 4293 930 4344 ab
955 4293 1079 4362 ipso
1108 4294 1232 4360 ejus
1258 4309 1427 4346 conce
1473 4295 1538 4346 tu
1566 4307 1666 4361 per
1721 4289 1861 4359 Ejus
1890 4291 1975 4342 est
2001 4289 2175 4343 etiam
2204 4305 2292 4357 ep.
2318 4290 2380 4341 de
2404 4290 2739 4341 ecclesiarum
2767 4288 3004 4352 hispani-

380 4363 660 4433 Spiritum
711 4382 754 4417 s.
781 4365 934 4417 facto
987 4367 1048 4417 et
1094 4366 1264 4434 partu
1311 4380 1377 4416 ex

1459 4362 1664 4433 irgine,
1720 4380 1909 4415 carum
1959 4371 2099 4415 statu
2155 4376 2253 4412 seu
2300 4358 2368 4411 de
2411 4374 2525 4411 non
2569 4355 2918 4425 recipiendis
2943 4356 3003 4409 iu

381 4435 535 4502 quod
564 4434 716 4489 Deus
763 4451 929 4488 verus
973 4435 1037 4489 in
1078 4435 1309 4488 homine
1361 4451 1492 4488 vero
1543 4433 1664 4504 ipse
1720 4432 2123 4487 auctoritatem
2164 4430 2297 4484 fidei
2323 4429 2667 4509 apocryphis
2707 4426 3005 4509 scripturis

380 4522 611 4575 quoque
665 4507 831 4561 homo
884 4505 1036 4559 Deus
1096 4507 1281 4559 factus
1331 4509 1501 4559 natus
1563 4507 1665 4569 est,
1720 4507 1779 4558 et
1804 4504 1873 4557 de
1892 4507 2041 4557 secta
2063 4501 2631 4580 Priscilliamstarum
2662 4499 2733 4551 ad
2754 4497 3005 4552 [datium

379 4594 601 4648 semper
627 4577 813 4632 carnis
855 4593 989 4631 suae
1031 4577 1212 4633 oculis
1247 4578 1305 4630 et
1331 4577 1556 4631 Patrem
1585 4576 1664 4629 vi·
1720 4578 1780 4628 et
1806 4575 2140 4645 Ceponium‚
2168 4572 2325 4642 apud
2353 4572 2663 4625 Bai-romum
2705 4569 2777 4622 ad
2805 4585 2853 4620 a.
2883 4573 3004 4625 447.

377 4647 524 4703 disse
553 4651 612 4703 et
635 4648 914 4719 Spiritum
941 4667 983 4702 s.
1011 4665 1110 4719 per
1136 4648 1436 4719 specialem
1458 4651 1516 4702 et
1541 4647 1664 4700 uni·
1718 4647 1871 4700 inter
1899 4663 1986 4714 ep.
2014 4665 2055 4698 S.
2085 4646 2288 4699 Leonis
2328 4645 2459 4714 post
2488 4652 2568 4698 15.
2619 4641 2801 4722 Multa
2843 4640 2912 4693 de
2940 4656 3004 4693 eo

377 4723 495 4774 tam
538 4720 643 4774 Dei
696 4722 755 4774 et
797 4720 1046 4774 hominis
1074 4720 1450 4774 societatem.“
1497 4719 1666 4773 Liber
1721 4718 1898 4771 habet
1923 4717 2047 4772 Nic.
2076 4719 2125 4770 A
2143 4735 2180 4768 n
2198 4719 2270 4769 to
2288 4715 2420 4768 niu
2439 4732 2462 4766 s
2490 4713 2634 4768 Bibl.
2663 4714 2810 4782 hisp.
2839 4713 2953 4766 vet.
2984 4713 3005 4763 I

384 4793 577 4846 tamen
603 4791 701 4845 hic
726 4791 917 4862 periit.

1721 4789 1759 4844 1.
1788 4797 1821 4846 3
1846 4807 1900 4845 11.
1930 4794 2192 4846 96—111.
2221 4787 2301 4841 Cf.
2332 4783 2735 4839 Fabricius
2762 4784 2859 4846 ΙΙΙ,
2884 4791 3005 4840 570.

3042 4943 3145 5006 s-
