3505 5161
359 197 473 249 193

1190 181 1492 245 Faciamus,
1520 179 1768 251 Optatus
1792 178 2032 235 milevit.

2851 197 2971 250 194

450 375 594 429 104.
626 365 848 425 Contra
876 365 1365 426 Novatianos
1398 364 1638 441 scripsit
1691 364 1841 425 falso
1872 366 2270 440 retorqueri‘.
2331 365 2425 424 Ita
2455 366 2975 442 Hieronymus

348 458 555 514 auctor
631 454 809 530 plane
886 456 1163 532 egregius
1252 455 1634 514 Pacianus
1691 453 1766 513 de
1796 454 1908 517 vir.
1937 454 2024 514 ill.
2054 472 2102 518 c.
2143 466 2284 517 110.
2329 454 2498 514 Nihil
2532 457 2830 531 praeterea
2861 456 2973 514 sci—

348 544 788 603 barcinonensis
852 544 1168 621 epiecopus
1183 542 1249 625 ¹),
1311 545 1636 621 castigatae
1692 561 1827 603 mus
1875 543 1946 602 de
1992 563 2036 603 s.
2083 543 2317 620 Optato.
2380 543 2632 619 Scripsit
2662 547 2864 603 autem
2906 545 2976 603 de

348 632 724 708 eloquentiae
755 636 817 692 et
846 636 969 692 tam
1002 634 1128 693 vita
1157 652 1338 710 quam
1368 651 1636 693 sermone
1690 634 1993 693 schismate
2009 633 2482 709 Donatistarum,
2516 635 2721 693 contra
2737 634 2976 692 Parme-

348 722 541 781 clarus
574 718 636 803 (†
668 739 715 784 c.
742 718 917 802 390),
950 723 1125 799 cujus
1157 726 1635 812 supersunttres
1691 723 1941 782 nianum
1991 723 2338 799 episcopum
2395 723 2805 793 donastistam‚
2868 722 2975 798 qui

346 812 617 885 epistolae
678 811 757 869 ad
806 811 1301 888 Sympronianum
1368 810 1633 871 novatia-
1690 814 1838 872 tunc
1885 812 2173 887 temporis
2222 812 2381 871 inter
2429 828 2568 871 suos
2618 811 2975 871 auctoritate

347 919 509 971 num,
557 900 623 960 in
670 919 922 975 quarum
968 901 1161 976 prima
1191 906 1253 960 et
1282 902 1471 961 altera
1500 901 1636 976 pul-

349 988 639 1049 cherrime
671 989 915 1048 disserit
943 987 1017 1049 de
1058 992 1331 1050 catholico
1362 989 1636 1058 nomine;

349 1078 409 1137 in
460 1088 516 1141 3.
562 1078 799 1156 egregie
829 1077 1127 1138 Ecclesiae
1172 1079 1440 1140 vindicat
1468 1083 1633 1155 pote-

350 1170 564 1226 statem
597 1166 944 1227 remittendi
971 1171 1208 1244 peccata
1238 1172 1377 1244 post
1407 1168 1638 1243 baptis·

349 1275 512 1315 mum
533 1256 861 1319 commissa.
895 1256 1147 1334 Scripsit
1178 1262 1239 1317 et
1257 1259 1638 1331 paraenesin·

351 1363 456 1404 seu
488 1345 760 1404 libellum
799 1345 1272 1406 adhortatorium
1316 1348 1396 1406 ad
1431 1347 1634 1420 poem'-
1672 1415 1676 1418 Α

348 1436 584 1493 tentiam
614 1440 676 1493 et
706 1452 1033 1495 sermonem
1067 1437 1136 1495 de
1167 1436 1468 1509 baptismo.
1523 1435 1632 1494 Ra·

346 1523 763 1583 tiocinationes
826 1523 1055 1584 validae
1113 1528 1276 1595 sunt,
1340 1524 1636 1585 scribendi

350 1613 501 1673 ratio
539 1612 827 1689 jucunda,
876 1613 1054 1673 stilus
1100 1614 1339 1692 elegans
1389 1618 1450 1674 et
1498 1631 1635 1674 con-

349 1701 523 1761 cisus.
576 1705 761 1779 Saepe
793 1701 1146 1778 prodierunt
1175 1704 1319 1763 haec
1349 1702 1636 1779 opuscula

348 1793 417 1849 ut
461 1792 526 1849 in
572 1791 918 1851 collectione
954 1792 1210 1851 maxima
1238 1810 1401 1852 conc.
1464 1790 1633 1867 Hisp.

347 1898 482 1939 cum
511 1880 675 1939 notis
706 1880 959 1940 eruditis
1000 1880 1155 1941 card.
1203 1880 1632 1958 D'Aguirre,

347 1969 409 2027 in
439 1968 809 2027 Gallandi
836 1969 1119 2029 Bibl.PP.
1142 1969 1268 2040 VII,
1296 1980 1631 2040 255—763

348 2058 601 2135 Migne
646 2058 708 2119 P.
746 2058 812 2121 L.
846 2058 1004 2129 XIII,
1062 2069 1425 2130 1051—94,
1474 2059 1633 2118 inter

347 2148 631 2223 opuscula
653 2165 731 2207 ss.
752 2147 865 2211 PP.
896 2167 931 2206 a
959 2147 1133 2208 nobis
1162 2148 1324 2208 edita
1353 2151 1416 2207 et
1446 2166 1629 2208 anno-

346 2235 679 2296 tationibus
747 2236 1048 2296 illustrata
1116 2245 1281 2301 1878
1345 2237 1629 2307 XXXVII,

348 2322 787 2405 (132—253);
839 2328 902 2383 et
930 2344 1072 2385 cura
1102 2326 1386 2403 Peyrot
1418 2325 1631 2384 Zwolle

361 2423 544 2478 1896.
608 2413 691 2474 cf.
737 2413 810 2474 de
841 2414 1094 2474 Paciano
1126 2415 1268 2479 (1133.
1300 2417 1629 2475 accuratam

347 2503 648 2562 Gruber
699 2503 949 2563 Studien
1001 2523 1073 2563 zu
1122 2504 1411 2564 Pacianus
1460 2523 1515 2562 v.
1562 2504 1630 2566 B.

348 2593 642 2653 Miinchen
682 2604 866 2657 1901.

445 2782 583 2834 105.
617 2770 951 2847 Optatus
984 2771 1484 2848 afer‚episcopus
1515 2771 1627 2830 mi-

346 2859 646 2919 levitanus
695 2878 764 2919 ex
814 2865 980 2937 parte
1031 2860 1336 2932 catholica,
1389 2859 1630 2935 scripsit

348 2948 461 3008 sub
492 2948 908 3009 Valentiniano
953 2953 1016 3008 et
1047 2950 1292 3010 Valente
1338 2949 1625 3026 principi-

347 3037 459 3097 bus
494 3032 904 3120 (372—375)
952 3038 1238 3099 adversus
1276 3038 1629 3098 donatianae

346 3127 533 3201 partis
566 3127 922 3188 calumniam
962 3127 1017 3185 ll.
1053 3139 1108 3198 6,
1156 3128 1221 3187 in
1265 3127 1488 3204 quibus
1532 3146 1627 3186 as-

348 3216 492 3275 serit
541 3215 763 3275 crimen
814 3216 1342 3299 Donatianorumss)
1402 3217 1466 3275 in
1516 3233 1628 3275 nos

423 3391 458 3456 ¹)
500 3385 736 3440 Paciani
791 3385 944 3440 filius
983 3373 1107 3439 erat
1152 3386 1383 3440 Flavius
1418 3385 1629 3439 Lucius

345 3455 497 3610 &pi-xii
509 3462 631 3583 tciri.)
657 3456 912 3609 figlrigiliz
946 3456 1103 3598 3³:31
1115 3458 1445 3609 pffissggtffs
1472 3460 1631 3598 ξιξ-ἓξ

344 3601 513 3670 tono)
534 3604 593 3655 et
611 3599 825 3680 Christi
843 3599 976 3654 fidei
997 3600 1225 3654 deditus
1252 3599 1325 3682 (ῌ
1341 3618 1362 3652 ι
1377 3615 1405 3652 e
1425 3616 1453 3652 r
1466 3617 1499 3654 o
1516 3617 1556 3652 n
1570 3617 1628 3668 y-

346 3671 1629 3823 aaseszsssssgeze‘..gf-gaesa

344 3817 471 3868 viris
498 3818 571 3869 iu.
594 3829 762 3881 eique
789 3813 1094 3867 dedicavit.
1124 3813 1425 3883 Scripsisse
1452 3811 1627 3866 credi-

1692 900 1995 960 eminebat
2043 918 2315 978 opusque
2374 900 2644 959 ediderat
2690 900 2974 960 adversus

1690 989 2015 1049 Ecclesiam
2064 990 2426 1052 catholicam.
2489 988 2723 1049 Obiisse
2775 992 2975 1049 autem

1692 1078 2000 1156 colligitur
2044 1098 2094 1140 s.
2139 1080 2393 1155 Optatus
2440 1098 2497 1154 p.
2537 1098 2591 1144 a.
2626 1087 2770 1143 384.
2831 1078 2978 1155 Ejus

1691 1168 1976 1228 memoria
2018 1169 2084 1228 in
2127 1167 2553 1245 martyrologio
2597 1185 2839 1227 romano
2883 1186 2976 1227 re-

1693 1257 1881 1317 currit
1914 1268 1969 1321 4.
2000 1257 2191 1317 Junii.
2255 1257 2420 1333 Opus
2452 1275 2627 1316 suum
2660 1256 2869 1317 divisit
2911 1257 2975 1315 in

1691 1346 1757 1405 ll.
1779 1355 1814 1409 6
1834 1367 1849 1417 ;
1876 1365 2084 1406 verum
2104 1346 2170 1406 in
2187 1346 2616 1406 vetustissimis
2636 1346 2799 1408 codd.
2819 1363 2975 1405 com-

1691 1439 1904 1511 parent
1932 1436 1995 1494 11.
2033 1448 2101 1499 7:
2148 1434 2288 1495 hinc
2329 1453 2452 1495 non
2482 1434 2819 1504 defuerunt,
2867 1435 2975 1509 qui

1690 1525 1729 1583 l.
1768 1536 1822 1588 7.
1871 1524 2145 1601 spurium
2191 1524 2605 1584 existimarint.
2665 1523 2976 1582 Praevalet

1692 1616 1894 1673 tamen
1937 1613 2097 1673 inter
2141 1613 2407 1673 eruditos
2453 1612 2766 1682 sententia,
2819 1631 2973 1687 quae

1692 1702 1926 1774 statuit,
1947 1701 2187 1774 librum,
2220 1702 2325 1779 qui
2345 1719 2504 1760 nunc
2522 1704 2880 1760 numeratur
2898 1712 2972 1771 7.,

1689 1792 1844 1851 nihil
1874 1792 2040 1851 aliud
2071 1802 2203 1851 esse
2235 1810 2413 1867 quam
2445 1790 2825 1867 appendicem
2857 1789 2976 1848 tria

1688 1881 2182 1957 complectentem
2231 1880 2633 1939 additamenta
2676 1879 2748 1938 ad
2794 1878 2856 1937 ll.
2914 1886 2972 1951 3,

1689 1989 1842 2045 quae
1886 1971 2015 2046 ipse
2051 1972 2256 2029 auctor
2285 1969 2664 2045 postmodum
2697 1967 2976 2027 secundis

1689 2077 2117 2135 recognoscens
2168 2059 2330 2118 curis
2381 2076 2532 2135 opus
2584 2075 2779 2128 suum,
2829 2057 2992 2117 iun-4

1687 2148 1919 2208 strandi
1956 2147 2461 2224 confirmandique
2505 2147 2702 2224 gratia
2746 2147 2971 2223 adjece-

1686 2237 1770 2296 rit
1781 2232 1849 2318 ι).
1913 2237 2067 2306 ,Vix
2113 2239 2313 2296 autem
2355 2236 2419 2294 in
2465 2236 2730 2312 antiquis
2761 2254 2974 2296 monu-

1686 2327 1925 2395 mentis,
1948 2328 2117 2386 notat
2143 2326 2192 2384 D
2211 2346 2251 2385 u
2266 2325 2406 2384 Pin
2435 2325 2499 2383 in
2519 2325 2701 2400 praef.
2720 2324 2808 2388 ed.
2831 2343 2973 2383 suae

1688 2412 1721 2481 ἓ
1773 2425 1828 2481 2,
1879 2416 2076 2474 ullum
2126 2414 2376 2491 reperiri
2422 2416 2617 2490 potest
2665 2409 2811 2494 (non
2842 2413 2973 2472 dico

1686 2605 1722 2658 d
1741 2605 1812 2658 io
1839 2604 1910 2657 de
1937 2604 2040 2658 vir.
2068 2602 2151 2657 ill.
2177 2621 2223 2657 c.
2254 2613 2285 2659 5
2334 2621 2495 2665 „cum
2541 2603 2732 2657 adhuc
2775 2602 2837 2658 in
2876 2602 2974 2655 Ec-

1685 2675 1858 2729 clesia
1884 2675 1990 2729 Dei
2017 2675 2315 2746 presbyter
2340 2677 2502 2739 esset,
2527 2674 2601 2727 ad
2629 2675 2974 2728 confessores

1685 2750 1743 2800 et
1771 2746 2024 2816 virgines
2062 2746 2275 2799 librum
2324 2745 2555 2799 moralis
2595 2745 2847 2812 quidem,
2876 2745 2972 2798 sed

1686 2818 1854 2872 valde
1882 2817 2232 2871 necessariae
2260 2816 2554 2871 doctrinae
2583 2819 2641 2869 et
2663 2816 2973 2885 praecipue

1684 2889 1756 2942 ad
1805 2889 2241 2942 custodiendam
2287 2889 2609 2943 castitatem
2655 2886 2973 2956 aptissimis

1685 2961 1851 3014 valde
1891 2960 2196 3013 sententiis
2235 2959 2650 3014 communitum
2691 2957 2968 3027 scripsit*

1686 3031 1795 3084 Hic
1823 3034 2013 3084 tamen
2041 3031 2232 3100 periit.
2285 3029 2589 3084 Donatista
2630 3028 2815 3083 factus
2841 3027 2972 3081 scri·

1684 3103 1804 3172 psit
1829 3101 2129 3172 epistolam
2170 3102 2244 3155 ad
2286 3102 2508 3173 plebem
2550 3099 2972 3170 carthaginien-

1684 3191 1801 3226 sem
1829 3175 1890 3228 de
1908 3179 2158 3243 passione
2184 3175 2515 3227 Maximiani
2532 3181 2576 3225 et
2597 3175 2776 3226 Isaaci
2802 3170 2971 3224 dona-

1685 3245 1971 3297 tistarum.
1998 3276 2065 3285 —-
2095 3244 2367 3304 Alterius,
2396 3246 2462 3296 ut
2486 3241 2732 3304 videtur,
2762 3242 2972 3294 Macro-

1686 3316 1769 3370 bii
1798 3316 2148 3369 mentionem
2196 3315 2337 3368 facit
2362 3333 2404 3367 s.
2435 3316 2455 3366 1
2474 3312 2587 3367 sid
2605 3331 2637 3367 0
2653 3331 2681 3366 r
2703 3332 2738 3366 u
2757 3333 2781 3365 s
2821 3313 2970 3383 hisp.

1684 3387 1754 3440 de
1783 3387 1889 3442 vir.
1907 3387 1990 3441 ill.
2008 3393 2040 3441 2
2056 3387 2340 3440 scribens:
2370 3386 2460 3448 „M
2476 3404 2509 3438 a
2525 3402 2555 3440 c
2571 3403 2598 3437 r
2614 3402 2645 3437 0
2664 3385 2736 3439 bi
2753 3403 2828 3438 us
2853 3385 2974 3438 dia-

1684 3476 1861 3513 conus
1889 3459 2146 3513 studium
2173 3477 2214 3512 s.
2242 3457 2514 3529 Cypriani
2555 3457 2972 3526 ingeniumque

1684 3533 1929 3591 secutus,
1958 3531 2287 3601 complexus
2328 3533 2414 3583 est
2447 3545 2699 3597 congrua
2726 3545 2794 3581 ex
2823 3531 2971 3580 utro·

1684 3618 1796 3669 que
1838 3601 2202 3654 'I'estamento
2245 3602 2518 3654 adversus
2553 3599 2970 3652 haereticorum

1684 3673 1958 3743 capitula,
1986 3673 2056 3726 de
2083 3673 2204 3726 scil.
2232 3672 2337 3725 Dei
2359 3671 2545 3725 Patris
2572 3672 2888 3740 majestate.
2915 3673 2973 3723 et

1684 3743 1822 3797 Filii
1850 3743 1955 3797 Dei
1982 3744 2254 3806 adventu,
2282 3745 2406 3812 ejus
2432 3742 2828 3796 incarnatione
2851 3742 2969 3795 sive

1685 3815 1967 3884 passione,
1995 3815 2410 3868 resurrectione
2453 3819 2510 3866 et
2552 3813 2879 3868 ascensione
2908 3813 2968 3865 in

344 3887 438 3937 tur
481 3884 793 3939 chronicon
838 3884 911 3937 ab
938 3902 988 3938 a.
1016 3885 1227 3938 Romae
1256 3889 1361 3941 752
1404 3885 1476 3936 ad
1525 3900 1627 3937 sua
1683 3887 1886 3947 coelos,
1917 3886 2157 3954 parique
2184 3885 2348 3940 modo
2372 3889 2429 3937 et
2449 3886 2518 3937 (le
2540 3885 2817 3938 electione
2839 3902 2971 3953 gen·

346 3972 524 4023 usque
552 3958 829 4026 tempora,
855 3956 1009 4024 quod
1037 3959 1228 4009 tamen
1258 3955 1448 4025 periit.
1476 3955 1625 4009 lnud

347 4042 493 4091 vem,
521 4026 676 4095 quod
719 4026 824 4080 sub
864 4028 988 4096 ejus
1028 4026 1256 4080 nomine
1283 4026 1437 4080 Hier.
1467 4027 1625 4082 Rom.

344 4097 412 4150 de
440 4097 491 4151 H
508 4098 528 4151 i
544 4117 582 4168 g
600 4117 637 4151 u
653 4115 684 4150 e
699 4115 728 4149 r
744 4114 776 4150 a
803 4098 1075 4168 reperisse
1104 4098 1388 4167 gloriatur
1415 4100 1473 4150 et
1499 4101 1629 4167 post

344 4169 466 4239 ejus
481 4172 723 4223 mortem
743 4169 962 4238 prodiit
978 4170 1464 4240 Caesaraugustae
1493 4174 1627 4225 1619

345 4239 402 4292 in
431 4251 481 4297 4.
508 4241 817 4295 confictum
845 4243 947 4294 est.
975 4243 1058 4296 Cf.
1087 4241 1215 4294 Nic.
1243 4243 1291 4293 A
1310 4259 1345 4292 n
1364 4244 1436 4295 to
1455 4239 1583 4292 niu
1602 4257 1628 4292 s

345 4309 480 4365 bibl.
525 4315 634 4365 vet.
678 4311 827 4379 hisp.
868 4312 904 4364 1.
949 4317 980 4368 7
1020 4331 1065 4365 e.
1106 4321 1155 4368 8.
1208 4311 1445 4381 Recepit
1483 4311 1626 4364 illud

344 4381 591 4452 Migne
654 4381 716 4436 in
775 4383 836 4436 P.
887 4383 945 4436 L.
998 4385 1196 4447 xxxi,
1253 4389 1479 4439 1—636.
1544 4382 1627 4436 cf.

344 4452 377 4506 S
395 4470 423 4507 c
440 4453 478 4506 h
495 4471 522 4505 r
538 4460 569 4507 ὃ
587 4454 659 4508 (11
686 4453 914 4516 KL.111‚
948 4461 1083 4512 1656
1101 4476 1113 4514 ς
1141 4456 1209 4507 de
1230 4475 1269 4507 s.
1289 4454 1532 4507 Paciano
1555 4454 1626 4507 cf.

346 4527 487 4578 Acta
512 4525 601 4580 SS.
630 4533 679 4581 9.
709 4525 873 4580 Mart.
906 4527 968 4586 [Ι.
997 4535 1082 4581 44.

420 4600 458 4664 ²)
499 4596 803 4649 Donatista
855 4601 992 4658 erat,
1043 4598 1159 4650 imo
1204 4596 1625 4650 donatistarum

346 4665 553 4720 Romae
607 4669 866 4721 occultus
924 4668 1445 4738 pseudoepiscopus
1500 4666 1555 4719 M
1572 4682 1627 4718 a·

1685 3957 1923 4019 tium‚et
1939 3956 2339 4026 reprobatione
2360 3956 2722 4024 judaeorum.
2753 3955 2970 4008 Deinde

1684 4028 1930 4096 subjecit
1956 4028 2131 4080 etiam
2161 4033 2346 4080 cetera
2372 4028 2444 4079 ad
2474 4028 2788 4080 utilitatem
2817 4026 2969 4078 vitae

1683 4105 1742 4153 et
1767 4099 2108 4167 disciplinae
2136 4098 2432 4164 religionis
2461 4097 2827 4166 pertinentia.
2857 4113 2970 4148 om-

1685 4172 1781 4223 nia
1808 4172 1949 4224 haec
1976 4169 2032 4222 in
2069 4178 2168 4225 100
2195 4169 2469 4222 distincta
2496 4167 2817 4236 capitulis.“
2862 4166 2969 4220 Hic

1685 4247 1872 4295 tame]
1904 4241 1939 4296 l.
1969 4240 2140 4294 etiam
2205 4240 2375 4298 Jeriit,
2423 4257 2522 4290 nec
2553 4239 2737 4291 ullum
2765 4238 2834 4290 de
2863 4238 2968 4289 hoc

1684 4316 1916 4366 auctore
1986 4329 2118 4364 enee
2143 4260 2285 4364 aiios
2313 4310 2597 4379 reperitur
2639 4307 2965 4376 vestigium.

1764 4390 1799 4444 ’1
1829 4384 1909 4437 Cf.
2017 4402 2053 4435 u
2071 4402 2100 4435 c
2116 4384 2154 4436 h
2172 4401 2200 4435 e
2218 4400 2242 4434 s
2259 4400 2295 4433 n
2313 4401 2341 4434 e
2388 4382 2461 4435 Le
2508 4380 2722 4432 dossier
2762 4379 2837 4431 du
2874 4379 2967 4431 (10·

1684 4451 1928 4508 natisme
1975 4455 2032 4506 in
2087 4454 2380 4520 Melanges
2431 4454 2484 4504 ‹1‘
2501 4449 2861 4518 archeologie
2912 4453 2970 4503 et

1684 4525 1980 4581 ‹l'histoire
2014 4533 2165 4582 1890.
2187 4527 2252 4578 X.
2272 4531 2568 4580 ase—650.
2587 4522 2689 4590 qui
2707 4521 2967 4588 genuini-

1684 4603 1857 4652 tatem
1924 4600 2121 4650 tuetur
2195 4597 2467 4649 adversus
2536 4595 2578 4646 V
2600 4613 2630 4646 o
2649 4592 2715 4644 el
2738 4596 2761 4643 t
2777 4609 2804 4644 e
2823 4610 2848 4644 r
2912 4597 2970 4644 et

1684 4668 1951 4723 Seeck:
2005 4668 2552 4720 Bardenhewer
2602 4677 2629 4730 5
2679 4669 2967 4720 71n.·.>:

346 4739 651 4792 crobius
693 4745 822 4808 (11).
850 4744 993 4810 370),
1034 4740 1136 4807 qui
1182 4743 1324 4792 teste
1353 4743 1628 4790 Genua·
1685 4739 2450 4808 Fessler-Jungmann
2483 4738 2549 4792 11.
2587 4745 2604 4790 l
2638 4746 2664 4800 ,ξ
2695 4739 2811 4790 158.

557 4838 747 4897 fluiter,
774 4838 1103 4885 Nomencluwr
1131 4840 1147 4883 1
1176 4840 1246 4885 ed.
1279 4838 1356 4883 111.
