3505 5161
370 256 535 310 1025

1082 238 1413 294 Adversarii
1441 238 1702 309 Gregorii
1731 237 1850 292 Vll.
1880 237 2282 293 Theodericus.

2814 255 2980 309 1026

365 423 746 483 decretalium
791 443 937 484 rom.
981 428 1167 502 pont„
1218 426 1434 485 Romae
1473 435 1633 488 1591
1696 424 2119 484 virodunensis
2154 419 2447 506 (1046-
2485 433 2583 489 28.
2624 426 2767 500 Apr.
2814 433 2980 489 1088

363 514 468 584 111,
507 522 872 583 549-885,
907 532 1088 590 quam
1119 515 1209 573 ed.
1241 515 1473 574 curavit
1500 516 1640 576 Ant.
1700 515 1796 574 vel
1858 509 2075 595 1089),
2126 515 2363 590 praesul
2408 514 2557 573 mire
2619 513 2981 585 inconstans,

364 602 667 661 Caraffa
712 603 889 673 card„
941 606 1002 663 et
1035 608 1172 679 post
1217 605 1345 680 ejus
1391 610 1643 664 mortem
1697 604 1873 663 modo
1908 623 2094 679 papae
2127 605 2399 673 devotae,
2451 602 2625 662 modo
2658 602 2979 661 acerrimus

365 694 503 750 Ant.
551 692 622 751 de
666 692 1005 768 AquinO,
1057 693 1145 752 ed.
1192 697 1532 769 praestans;
1578 694 1641 753 in

364 780 641 840 omnibus
657 799 814 841 conc.
828 781 1296 854 collectionibus,
1313 803 1381 842 ex
1413 785 1472 841 M
1484 803 1516 840 a
1527 803 1567 841 n
1580 801 1607 842 s
1621 783 1641 840 i

364 869 481 939 XX,
508 879 833 941 60-373,
868 870 1118 949 Migne
1151 872 1447 944 CXLVIII,
1486 880 1640 936 283—

368 969 748 1029 644—7493
782 958 846 1018 in
877 958 1090 1018 Jaffe
1123 960 1270 1020 bibl.
1303 980 1417 1025 rer.
1444 962 1637 1023 Germ.

362 1049 437 1118 11,
476 1058 756 1118 5-519‚
790 1049 982 1124 prima
1012 1050 1099 1109 ed.
1121 1050 1345 1121 critica,
1381 1051 1641 1111 cuisub-

354 1138 657 1213 jiciuntur
705 1138 853 1197 aliae
900 1157 990 1213 ep.
1042 1150 1112 1203 51
1170 1159 1228 1215 p.
1275 1149 1641 1203 520—576.

363 1226 542 1302 Apud
571 1227 825 1304 Migne
865 1227 1170 1288 adduntur
1200 1249 1268 1288 ex
1301 1229 1483 1288 variis
1513 1229 1642 1287 fon-

364 1317 528 1375 tibus
559 1316 843 1376 collectae
876 1336 965 1393 ep.
1002 1326 1081 1381 83
1118 1321 1285 1376 extra
1316 1318 1642 1395 registrum

363 1407 679 1482 vagantes:
714 1405 1121 1481 subjiciuntur
1152 1426 1243 1482 ep.
1267 1402 1409 1489 (12)
1445 1407 1642 1466 diver-

365 1512 566 1553 sorum
617 1494 691 1552 ad
738 1495 1110 1571 Gregorium.
1174 1496 1227 1554 S.
1279 1496 1522 1574 Grego
1541 1496 1641 1554 rii

365 1581 490 1646 VIL
537 1582 601 1641 R.
635 1586 698 1645 P.
746 1602 832 1659 ep.
881 1592 931 1643 et
980 1586 1297 1664 diplomata
1346 1586 1643 1661 pontificia

364 1668 525 1752 (cum
573 1672 853 1748 pluribus
902 1670 1331 1756 additionibus)
1396 1674 1642 1733 Parisiis

373 1770 487 1826 187
503 1771 535 1824 7
569 1764 615 1819 t.
652 1770 706 1823 2.
768 1760 904 1820 Jam
936 1781 1096 1822 nunc
1127 1766 1519 1822 numerantur
1550 1782 1642 1839 ep.

371 1861 512 1922 549,
564 1869 716 1926 quae
765 1852 929 1927 typis
973 1852 1139 1911 fuere
1190 1851 1413 1911 editae:
1465 1872 1644 1928 quam

363 1940 656 2015 plurimae
707 1958 849 1999 sane
905 1940 1337 2000 interciderunt
1396 1942 1491 1999 vel
1542 1940 1642 2000 ad-

367 2029 485 2087 huc
506 2030 709 2088 latent.
743 2030 829 2087 De
860 2032 1116 2088 conciliis
1132 2030 1392 2089 romanis
1408 2030 1643 2106 X‚quae

370 2117 581 2176 habuit
599 2117 658 2175 in
680 2118 888 2193 primis
916 2137 1021 2195 pro
1042 2119 1429 2178 restauranda
1446 2120 1642 2179 Eccle-

372 2207 490 2265 siae
509 2206 820 2281 disciplina
840 2207 909 2266 cf.
943 2208 1147 2285 Mign
1165 2228 1196 2267 e
1226 2208 1304 2267 ib.
1332 2217 1639 2278 749-824‚

1700 692 1944 752 Henrici
1991 692 2073 751 IV
2122 687 2609 773 propugnator1),
2662 692 2726 750 in
2774 711 2857 768 ep.
2903 694 2986 750 ad

1696 785 1993 842 universos
2015 783 2312 859 praelatos
2342 789 2392 839 et
2423 782 2652 852 nobiles,
2684 799 2803 856 qua
2833 799 2981 856 pon-

1698 872 1916 931 tificem
1952 873 2176 947 injuste
2209 876 2269 930 et
2299 871 2504 930 acerbe
2544 870 2897 949 perstringit
2913 866 2980 950 ¹),

1699 965 1761 1020 et
1792 962 1909 1020 alia
1941 962 2008 1019 dc
2038 961 2332 1020 discordia
2374 959 2545 1036 regni
2577 962 2638 1018 et
2669 959 2982 1019 sacerdotii

1686 1050 1773 1120 ‚ad
1805 1049 2004 1126 ipsum
2038 1050 2384 1126 Gregorium
2421 1048 2568 1117 Vn..
2618 1068 2737 1125 qua
2780 1050 2977 1124 ipsum

1699 1140 1949 1219 subdole
1983 1139 2260 1211 consulit,
2307 1137 2454 1214 quid
2501 1138 2856 1197 adversariis
2887 1138 2982 1214 ip-

1700 1229 1829 1288 sius
1862 1229 2213 1305 respondere
2234 1228 2461 1298 debeat,
2493 1227 2648 1299 hinc,
2680 1231 2751 1286 ut
2770 1227 2980 1285 scribit

1700 1318 2172 1395 Sigebertus
2205 1318 2422 1394 gembl.
2444 1317 2975 1390 deScr.eccl.160,

1705 1426 1868 1474 „non
1900 1426 2036 1466 eum
2070 1407 2401 1483 increpans„
2437 1406 2540 1464 sed
2580 1408 2652 1464 ut
2685 1405 2978 1464 seniorem

1698 1497 2012 1555 obsecrans
2059 1499 2121 1554 et
2163 1500 2394 1572 patrem
2436 1499 2505 1578 et·
2542 1493 2838 1554 amicabili
2884 1495 2977 1552 in-

1699 1585 1979 1645 ductione
2001 1584 2172 1661 quasi
2199 1586 2412 1644 affectu
2444 1583 2723 1655 dolentis,
2758 1601 2978 1661 sugge-

1698 1693 1834 1733 rens
1865 1675 1920 1733 ei
1952 1673 2168 1743 omnia,
2216 1693 2368 1749 quae
2414 1676 2617 1733 contra
2638 1674 2742 1747 jus
2775 1673 2977 1749 legum

1702 1766 1764 1822 et
1793 1764 1879 1821 sas
1912 1763 2214 1841 religionis
2246 1783 2382 1823 eum
2413 1763 2623 1822 fecisse
2660 1765 2721 1821 et
2753 1761 2980 1821 dixisse

1701 1852 2055 1931 divulgabat
2085 1853 2301 1927 loquax
2331 1853 2545 1912 farna“.
2595 1852 2774 1927 Apud
2794 1853 2850 1909 M
2868 1870 2976 1909 ar-

1697 1943 1877 2001 tene
1923 1943 2073 2004 thes,
2104 1960 2239 2003 nov.
2272 1941 2474 2001 anecd.
2517 1953 2564 2013 1,
2606 1948 2976 2009 ‘zu—230,

1700 2033 1762 2090 et
1792 2031 1854 2089 in
1885 2033 2013 2090 ΜΘ.
2044 2031 2146 2090 lib.
2181 2031 2253 2089 de
2285 2032 2391 2090 lite
2419 2030 2466 2099 Ι,
2505 2038 2848 2094 280-299
2884 2028 2976 2085 ed.

1697 2120 1854 2179 Kun.
1905 2120 2277 2195 Francke,
2338 2138 2489 2196 quae
2540 2117 2811 2194 quamvis
2861 2118 2976 2176 sub

1699 2209 1831 2284 ejus
1846 2210 2083 2269 nomine
2094 2209 2271 2279 edita,
2299 2213 2392 2269 est
2410 2207 2724 2268 Wenrici
2741 2202 2974 2287 (Wene—

370 2299 431 2353 et
457 2295 725 2354 Hetele
747 2294 1241 2373 Conciliengesch‚
1260 2300 1304 2355 t.
1322 2298 1388 2358 V.
1409 2297 1641 2374 passim.
1697 2297 1824 2365 rici,
1857 2298 2082 2369 Wirici,
2129 2297 2398 2369 Werrici,
2445 2296 2771 2367 Guenerici,
2812 2295 2973 2353 Hen-

367 2418 455 2427 —-
504 2384 815 2444 Tribuitur
874 2404 1114 2462 quoque
1176 2386 1458 2464 Gregorio
1514 2386 1641 2445 VII.
1695 2386 1806 2445 rici
1826 2384 1961 2468 etc.)
1989 2407 2058 2447 ex
2081 2388 2291 2447 clerico
2312 2390 2372 2446 et
2390 2386 2732 2446 scholastico
2753 2384 2973 2443 vercel-

366 2474 827 2532 commentarius
871 2477 937 2532 in
994 2474 1117 2534 VII
1146 2477 1404 2555 psalmos
1446 2477 1640 2551 poeni·
1698 2475 1880 2534 lensia
1909 2476 2173 2552 episcopi
2208 2476 2566 2534 schismatici
2604 2472 2665 2555 (†
2698 2485 2797 2537 30.
2820 2474 2978 2549 Sept.

361 2564 635 2634 tentiales,
670 2563 774 2639 qui
810 2563 1046 2641 saepius
1079 2565 1239 2624 inter
1286 2584 1466 2641 opera
1498 2565 1641 2624 Gre-
1709 2573 1865 2629 1081
1909 2566 2003 2625 vel
2042 2561 2237 2647 1082)
2283 2568 2343 2624 et
2373 2565 2545 2643 regni
2588 2563 2796 2623 Italiae
2839 2580 2977 2622 can-

362 2652 516 2730 gorii
567 2654 641 2715 M.
691 2647 917 2734 (Migne
961 2654 1211 2725 LXXIX,
1264 2652 1639 2736 549-658)
1700 2654 1943 2717 cellarii.
2036 2656 2157 2714 Sub
2203 2655 2385 2731 hujus
2434 2653 2674 2714 nomine
2724 2653 2975 2710 circum-

362 2741 618 2817 prodiit;
670 2744 1131 2802 commentarius
1184 2762 1323 2802 vero
1371 2745 1435 2802 in
1485 2744 1637 2802 Mat·
1696 2742 1889 2802 fertur
1937 2745 1975 2803 l.
2030 2745 2098 2802 de
2147 2746 2369 2803 unitate
2414 2743 2704 2803 Ecclesiae
2752 2759 2975 2799 conser-

362 2833 612 2906 thaeum,
647 2850 679 2889 e
713 2850 831 2906 quo
863 2833 923 2892 P.
956 2832 1206 2891 Allixi
1226 2851 1309 2891 us
1342 2832 1638 2909 fragmen·
1697 2835 1892 2891 vanda
1924 2837 1984 2891 et
2016 2833 2088 2891 de
2120 2833 2432 2892 schismate
2464 2832 2625 2889 inter
2655 2830 2977 2889 Henricum

363 2923 491 2979 tum
539 2920 726 2979 edidit
762 2920 826 2979 in
860 2921 1040 2998 praef.
1072 2922 1144 2979 ad
1179 2921 1635 2981 Determinatio-
1695 2921 1838 2997 imp.
1891 2925 1950 2980 et
1984 2922 2333 2998 Gregorium
2367 2920 2493 2984 VII.
2542 2915 2675 3002 (pro
2721 2918 2980 2977 Hemico

362 3028 497 3068 nem
530 3009 779 3068 Joannis
810 3010 985 3086 paris.
1008 3010 1079 3069 de
1112 3011 1283 3070 modo
1314 3011 1638 3070 exsistendi
1700 3013 1907 3069 contra
1936 3006 2332 3091 Gregorium),
2379 3012 2518 3086 post
2561 3008 2753 3068 varias
2787 3008 2874 3070 ed.
2907 3026 2975 3065 ex

363 3099 623 3174 corporis
656 3098 874 3157 Christi
919 3100 983 3157 in
1029 3103 1391 3159 sacramento
1437 3100 1639 3158 altaris
1694 3100 2034 3159 recensione
2097 3097 2675 3159 Schwenkenbecher
2734 3098 2977 3155 Hanno-

361 3187 614 3246 Londini
654 3197 839 3258 1686,
874 3188 1133 3263 junioris
1165 3189 1473 3264 cujusdem
1506 3189 1635 3247 Hil-
1694 3207 1868 3247 verae
1924 3198 2122 3258 18823
2176 3194 2235 3247 et
2283 3189 2342 3246 in
2390 3189 2544 3246 Mon.
2591 3186 2782 3245 Germ.
2835 3185 2979 3248 hist,

362 3276 647 3360 debrandi
677 3293 804 3334 esse
835 3276 1093 3339 videtur.
1695 3278 1909 3336 Libelli
1962 3277 2034 3337 de
2084 3278 2191 3336 lite
2246 3286 2412 3340 1893
2465 3276 2540 3346 ΙΙ,
2610 3282 2974 3339 182-284.

1694 3367 1933 3426 Divisus
1965 3365 2140 3425 estin
2160 3367 2229 3428 ll.
2254 3375 2288 3428 3
2309 3386 2323 3424 z
2344 3365 2562 3424 tertius
2593 3383 2734 3424 vero
2754 3364 2795 3425 l.
2818 3367 2978 3421 caret

454 3463 596 3516 574.
660 3453 877 3512 Mirum
912 3473 1037 3514 esse
1057 3474 1176 3513 non
1195 3455 1373 3512 debet
1401 3458 1637 3513 tantum
1693 3454 1827 3523 fine,
1862 3455 1968 3530 qui
1999 3455 2098 3514 vel
2130 3455 2328 3530 periit,
2362 3455 2459 3512 vel
2489 3472 2799 3529 nunquam
2834 3453 2978 3510 scri·

361 3542 701 3617 pontificem
740 3560 880 3601 suos
926 3542 1200 3602 habuisse
1249 3543 1633 3613 adversarios,
1692 3545 1832 3618 ptus
1867 3547 1976 3602 est.
2039 3543 2133 3602 Ab
2177 3543 2311 3602 aliis
2360 3543 2651 3601 tribuitur
2681 3543 2974 3600 Walramo

361 3631 466 3706 qui
487 3635 548 3690 et
567 3631 808 3707 scriptis
842 3633 972 3707 ejus
1005 3633 1215 3710 agendi
1247 3632 1538 3690 rationem
1577 3638 1639 3690 et
1693 3629 2102 3712 (waleramno,
2200 3628 2547 3714 Waltramo)
2640 3627 2981 3712 episcop02)

364 3721 593 3780 decreta
669 3720 1170 3797 impugnaverint.
1248 3720 1344 3780 Ita
1418 3740 1489 3779 ex
1550 3741 1635 3797 gr.

362 3808 886 3869 Theodericus
949 3805 1264 3892 (Dietrich)
1328 3809 1637 3886 episcopus

1772 3806 1807 3872 ¹)
1837 3801 2060 3856 Partem
2102 3802 2312 3858 habuit
2352 3801 2414 3854 in
2460 3800 2817 3872 depositione
2846 3803 2981 3854 Gre-

1692 3872 1842 3942 gorii
1869 3874 1974 3927 VII
2001 3873 2352 3927 Wormatiae
2379 3878 2513 3929 1076
2532 3875 2847 3926 attentata:
2875 3873 2976 3925 hu-

1693 3944 1910 3999 milime
1928 3944 2061 3999 dein
2078 3961 2135 3997 se
2153 3943 2397 4014 subjecit
2411 3942 2672 4014 legitimo
2689 3942 2980 4014 pontifici:

361 4018 610 4070 Dictatus
630 4035 808 4084 papae
846 4032 943 4068 seu
980 4014 1233 4084 capitula
1259 4016 1487 4080 XXVII,
1515 4015 1637 4083 qui·
1692 4031 1823 4068 mox
1850 4014 2056 4070 iterum
2087 4014 2324 4069 defecit:
2369 4017 2627 4070 mortuus
2666 4017 2855 4069 tamen
2893 4018 2982 4067 est

360 4087 465 4140 bus
480 4087 850 4142 continentur
867 4086 1026 4154 quasi
1048 4103 1290 4148 normae,
1305 4088 1475 4156 juxta
1496 4104 1638 4154 quas
1693 4086 2010 4155 poenitens.
2062 4086 2145 4141 cf.
2188 4087 2334 4140 Hist.
2370 4087 2454 4141 lit.
2496 4086 2975 4150 V111‚246-·254.

361 4156 668 4228 Gregorius
689 4158 809 4211 Vll.
838 4157 1145 4212 Ecclesiam
1172 4159 1413 4212 rexerit:
1441 4174 1636 4211 verum
1770 4165 1807 4229 ²)
1837 4157 1917 4213 Cf.
1960 4158 2029 4211 de
2071 4175 2134 4213 eo
2176 4157 2469 4213 Nomencl.
2511 4158 2598 4212 ed.
2644 4156 2849 4228 prioris
2877 4156 2976 4217 IV,

359 4229 619 4284 collectio
638 4232 725 4283 est
743 4230 957 4298 spuria,
979 4232 1046 4282 ut
1057 4230 1179 4298 jam
1202 4230 1454 4283 ostendit
1470 4229 1636 4301 Pagi
1695 4235 1762 4285 16
1802 4247 1853 4283 a.
1917 4229 2056 4300 Ejus
2099 4231 2393 4299 praeterea
2437 4232 2573 4282 sunt
2615 4232 2860 4297 Epistola
2900 4229 2974 4281 ad

357 4300 430 4353 ad
458 4318 507 4354 a..
540 4303 677 4357 1077
706 4319 758 4354 n.
787 4308 836 4363 8,
867 4300 1127 4368 quamvis
1153 4301 1379 4368 aliquot
1404 4301 1635 4355 illorum
1693 4300 2046 4354 Ludovicum
2098 4300 2452 4371 Thuringiae
2514 4300 2800 4364 comitem,
2858 4315 2975 4366 qua.

358 4372 745 4441 capitulorum
797 4372 922 4426 erui
971 4372 1195 4440 possint
1262 4390 1328 4426 ex
1376 4372 1636 4442 Gregorii
1692 4372 1881 4443 ipsum
1909 4375 2117 4437 monet,
2146 4374 2212 4425 ut
2237 4372 2508 4442 pontifice
2548 4371 2768 4425 deserto
2797 4370 2976 4439 impe-

357 4443 635 4513 epistoliS.
665 4444 747 4497 Cf.
777 4443 1142 4513 hypothesim
1170 4444 1240 4496 de
1261 4445 1384 4512 ejus
1412 4445 1635 4514 origine
1691 4442 1869 4498 ratori
1898 4444 2066 4498 fidem
2110 4442 2376 4498 exhibeat
2418 4443 2509 4514 (cf.
2559 4443 2714 4514 apud
2766 4441 2975 4495 Baro-

357 4513 418 4567 in
451 4515 517 4568 N.
549 4516 716 4570 Arch.
743 4515 842 4568 der
870 4514 993 4569 Ges.
1044 4517 1134 4568 fiir
1160 4516 1334 4569 altere
1365 4516 1636 4569 deutsche
1692 4534 1729 4568 n
1747 4516 1769 4569 i
1787 4534 1821 4569 u
1839 4535 1896 4571 m
1933 4516 2022 4568 ad.
2064 4532 2114 4568 a.
2154 4519 2282 4572 1090
2311 4533 2366 4568 n.
2394 4523 2424 4569 5
2452 4517 2596 4586 etc.).
2647 4512 2972 4568 Ludovicus

358 4586 749 4640 ‹.3eschicl1tsk.
776 4594 911 4643 1890
932 4588 1077 4651 XVI,
1104 4593 1377 4642 193-202
1406 4590 1635 4641 auctore
1693 4603 1824 4641 vero
1853 4586 1913 4639 in
1943 4586 2329 4656 responsione,
2371 4602 2544 4653 quam
2580 4586 2702 4656 ejus
2740 4584 2971 4638 nomine

360 4657 400 4710 L
419 4664 451 4710 ὅ
468 4675 518 4710 w
536 4675 565 4711 e
582 4677 619 4710 n
638 4658 813 4711 feld.
866 4658 948 4712 Cf.
988 4663 1047 4711 et
1090 4658 1131 4710 P
1151 4659 1208 4711 fl
1226 4677 1261 4711 u
1280 4678 1317 4723 g
1336 4659 1373 4711 k
1394 4693 1411 4702 -
1432 4658 1482 4710 H
1499 4675 1532 4711 a
1549 4678 1575 4711 r
1592 4662 1636 4712 t·
1692 4659 1854 4712 dedit
1903 4658 2097 4728 Steph.
2145 4657 2475 4712 Herrandus
2524 4674 2610 4726 ep.
2662 4656 2969 4711 halbersta-

358 4731 436 4781 tu
455 4747 546 4798 ng
589 4728 690 4783 Die
720 4729 978 4798 Register
1005 4729 1245 4798 Gregors
1272 4723 1376 4783 VII
1405 4730 1479 4783 ib.
1508 4730 1637 4783 VIII
1692 4729 1922 4792 diensis,
1951 4745 2080 4783 eum
2109 4730 2248 4784 dure
2277 4731 2503 4783 tractat.
2558 4729 2640 4782 Cf.
2669 4727 2974 4796 utriusque

358 4803 560 4872 (1883),
589 4805 868 4856 227--242
896 4805 954 4854 et
980 4802 1055 4854 XI
1081 4804 1286 4874 (1886),
1323 4806 1612 4857 143-172.
1692 4801 1888 4853 literas
1915 4801 1976 4853 in
2004 4801 2131 4854 ΜΘ.
2160 4800 2259 4855 lib.
2282 4802 2351 4855 de
2379 4801 2467 4854 lit.
2495 4800 2564 4864 ΙΙ,
2591 4806 2838 4856 286-291.
2890 4802 2973 4853 De

573 4897 760 4951 Burter,
791 4898 1115 4945 Nomenclator
1140 4900 1160 4944 1
1186 4899 1257 4946 ed.
1289 4900 1371 4948 111.
2545 4896 2613 4946 33
