3505 5161
543 250 664 304 235

1453 237 1752 288 401-403,
1780 230 1831 284 s.
1859 229 2236 301 Epiphanius.

3030 249 3156 304 236

536 423 736 478 tamen
767 422 940 478 aestu
971 418 1224 477 subinde
1252 418 1534 495 abreptus
1556 419 1816 493 pruden-
1871 437 1996 489 nos,
2045 419 2626 495 pneumatomachos,
2677 419 3156 494 Apollinaristas,

535 509 656 567 tiae
686 508 1148 567 moderationem
1170 508 1434 584 neglexit
1450 507 1816 582 ultimosque
1873 507 2255 584 origenistas,
2291 507 2680 580 Manichaeos,
2706 508 2975 585 judaeoS,
3009 528 3154 586 gen-

536 598 694 657 vitae
728 616 867 657 suae
900 615 1084 655 annos
1118 596 1402 655 turbavit.
1464 597 1608 655 Erat
1655 596 1816 655 enim
1871 598 2008 656 tiles
2040 599 2168 666 etc.,
2201 597 2470 673 undique
2492 596 2668 655 fidem
2687 597 2963 656 muniens
2983 617 3155 675 prae-

538 705 671 745 acer
701 686 1047 762 opinionum
1083 685 1558 763 origenistarum
1608 684 1815 743 adver-

538 776 731 834 sarius
748 772 811 856 ι).
876 776 1021 835 Cum
1068 793 1208 850 ergo
1251 795 1301 833 a.
1347 785 1469 838 394
1534 774 1813 833 Hieroso-

537 864 713 939 lymis
733 882 925 923 coram
946 883 1159 940 magna
1180 864 1520 923 auditorum
1540 864 1814 938 frequen-

536 954 622 1011 tia
634 953 945 1030 Origenem
958 954 1203 1029 ejusque
1213 971 1441 1012 errores
1458 953 1815 1023 damnasset,

534 1041 575 1100 J
580 1060 797 1101 oannes
829 1060 966 1102 vero
987 1042 1154 1099 urbis
1176 1042 1504 1118 episcopm,
1541 1042 1643 1117 qui
1678 1060 1815 1101 con-

536 1132 690 1190 cioni
722 1131 946 1201 aderat,
993 1131 1267 1207 Origenis
1300 1131 1499 1190 fautor
1542 1132 1606 1189 in
1652 1131 1815 1189 dam-

534 1220 835 1280 nationem
855 1221 1043 1280 nollet
1062 1221 1414 1291 consentire,
1449 1220 1816 1279 communio-

535 1328 672 1369 nem
721 1328 856 1369 cum
905 1328 972 1368 eo
1023 1310 1281 1385 abrupit.
1357 1310 1543 1369 Auxit
1587 1308 1817 1368 dissen-

537 1399 779 1470 sionem,
815 1398 977 1474 quod
997 1402 1201 1457 contra
1221 1398 1412 1474 ipsius
1442 1399 1817 1457 voluntatem

535 1489 598 1546 in
619 1488 750 1565 ipsa
771 1506 880 1546 sua
898 1488 1149 1547 dioecesi
1169 1487 1587 1547 Paulinianum
1607 1488 1816 1546 Hiero-

534 1578 700 1653 nymi
730 1578 973 1635 fratrem
1020 1577 1081 1634 in
1125 1577 1548 1652 presbyterum
1580 1576 1815 1635 ordina-

534 1667 703 1725 verit.
753 1668 984 1743 Agente
1014 1668 1212 1725 tamen
1231 1665 1550 1741 Theophilo
1580 1667 1816 1724 alexan-

534 1755 703 1814 drino
750 1775 863 1830 pax
902 1773 1035 1813 cum
1067 1754 1298 1814 Joanne
1330 1752 1447 1813 fuit
1479 1755 1816 1829 composita.

535 1844 757 1902 Verum
796 1862 980 1902 novae
1012 1846 1175 1902 ortae
1209 1845 1351 1902 sunt
1378 1844 1608 1902 turbae.
1671 1844 1816 1902 Cum

534 1933 692 1990 enim
738 1932 1097 2008 Theophilus
1143 1933 1457 1991 monachos
1501 1932 1817 1991 nitrienses

534 2022 712 2079 nimis
734 2021 831 2079 Ori
840 2022 1009 2098 genis
1032 2021 1416 2096 opinionibus
1438 2022 1813 2080 inhaerentes

535 2111 805 2186 Aegypto
826 2110 1168 2185 expulisset,
1192 2110 1231 2168 J
1233 2129 1452 2170 oannes
1472 2129 1612 2170 vero
1631 2112 1815 2186 Chry-

538 2203 837 2258 sostomus
869 2198 1125 2275 benigne
1170 2217 1268 2258 eos
1315 2200 1656 2276 excepisset,
1704 2200 1814 2259 ite-

533 2307 668 2345 rum
714 2288 844 2363 ejus
896 2288 1113 2347 exarsit
1156 2289 1317 2347 zelus
1363 2290 1458 2346 vel
1505 2289 1568 2346 in
1614 2289 1813 2364 ipsunt

535 2376 1016 2453 Chrysostomum
1048 2379 1109 2435 et
1139 2377 1467 2454 instigante
1494 2378 1815 2452 Theophilo

534 2466 1100 2541 Constantinopolim
1136 2484 1198 2524 se
1244 2467 1516 2537 contulit,
1564 2468 1637 2524 ut
1681 2467 1813 2524 Ori-

532 2554 701 2632 genis
722 2573 947 2615 errores
968 2555 1245 2615 omnibus
1267 2555 1654 2632 patefaceret:
1679 2574 1811 2614 cum

533 2637 945 2720 Chrysostomo
996 2648 1197 2704 autem
1246 2645 1522 2724 congredi
1570 2646 1813 2720 penitus

532 2733 919 2804 detractavit;
1000 2738 1179 2810 atque
1242 2735 1475 2810 publice
1538 2735 1812 2810 Origenis

530 2823 711 2882 libros
732 2823 988 2898 illosque
1006 2825 1318 2882 monachos
1334 2826 1637 2899 tamquam
1654 2824 1811 2882 idem

531 2929 666 2970 cum
730 2913 984 2989 Origene
1055 2913 1377 2971 sentientes
1440 2913 1812 2971 anathemate

531 3000 848 3060 damnavit.
901 3003 1031 3060 Mox
1064 3020 1202 3061 vero
1235 3021 1355 3061 non
1388 3004 1692 3078 expectato
1725 3002 1810 3060 fa-

527 3108 692 3148 moso
718 3090 1108 3149 conciliabulo
1140 3091 1213 3149 ad
1245 3109 1528 3167 quercum
1552 3091 1809 3167 Cyprum

527 3180 896 3256 renavigavit
928 3220 955 3248 2
972 3198 1077 3238 seu
1106 3180 1265 3256 quod
1285 3181 1810 3256 constantinopoli-

526 3269 696 3325 tanae
744 3269 1125 3344 profectionis
1197 3271 1394 3344 ipsum
1456 3269 1808 3344 poeniteret,

527 3375 633 3415 seu
680 3356 838 3432 quod
877 3359 1035 3415 Deus
1081 3358 1317 3417 oraculo
1365 3358 1561 3432 ipsum
1607 3357 1808 3416 admo-

1872 685 2080 745 sertim
2111 686 2184 743 de
2218 704 2293 748 ss.
2327 685 2619 745 Trinitate
2652 689 2713 744 et
2744 687 2816 745 de
2849 687 3078 762 Spiritu
3112 706 3154 750 s,

1872 774 2126 850 Subjicit
2157 774 2321 850 operi
2340 773 2634 850 duplicem
2668 773 2804 833 fidei
2837 776 3155 851 professio-

1871 882 2037 923 nem:
2071 863 2418 931 breviorem‚
2442 883 2592 940 quae
2612 884 2823 941 parum
2841 865 3156 924 immutata

1870 955 2107 1029 recepta
2149 953 2268 1010 fuit
2311 973 2347 1011 a
2391 953 2616 1029 synodo
2647 954 2753 1013 ΟΡ.
2787 973 2837 1017 a.
2874 963 2989 1018 381
3033 959 3154 1013 est-

1871 1060 1989 1118 que
2022 1042 2375 1118 symbolum,
2423 1041 2582 1116 quod
2626 1044 2826 1101 vocari
2871 1043 3023 1102 solet
3058 1044 3153 1101 ni-

1872 1131 2809 1206 caeno-constantinopolitanum,
2870 1134 2931 1190 et
2978 1131 3153 1190 aliam

1871 1221 2049 1296 paulo
2097 1220 2494 1296 prolixiorem.
2542 1255 2632 1266 —·
2678 1222 3011 1297 Aggressus
3061 1224 3155 1280 est

1875 1304 2283 1391 (374—377)
2328 1310 2448 1382 iam
2491 1310 2683 1385 majus
2730 1327 2909 1384 opus:
2958 1310 3152 1368 Pana-

1871 1400 2029 1457 rium
2089 1398 2374 1457 adversus
2437 1398 2639 1456 LXXX
2706 1399 2975 1457 haereses
3040 1396 3146 1479 (2⁰

1873 1488 2105 1547 Christo
2168 1488 2553 1562 antiquiores,
2622 1498 2699 1550 60
2754 1491 2889 1563 post
2938 1487 3153 1546 Christi

1871 1577 2248 1636 nativitatem
2281 1573 2558 1657 exortas),
2605 1576 2826 1652 quibus
2864 1578 3151 1651 expositis

1873 1666 2118 1742 subjicit
2166 1666 2586 1724 refutationem
2637 1669 2937 1741 tamquam
2998 1666 3150 1725 anii-

1873 1753 2080 1813 dotum
2113 1758 2321 1813 contra
2351 1754 2689 1813 mortiferos
2727 1759 2789 1812 et
2833 1757 3152 1813 venenatos

1873 1844 2242 1918 serpentium
2274 1844 2527 1914 morbos,
2575 1844 2711 1902 inde
2756 1844 2886 1918 ejus
2916 1861 3151 1907 nomen.

1873 1930 1981 1991 Est
2011 1932 2120 1992 hoc
2158 1951 2306 2009 opus
2338 1932 2655 1991 admodum
2687 1932 3012 2007 pretiosum
3043 1951 3150 2007 pro

1872 2022 2150 2093 historia,
2215 2022 2546 2098 dogmatica
2605 2024 2667 2080 et
2727 2021 3149 2097 archaeologia,

1870 2130 2048 2170 verus
2067 2112 2446 2186 antiquitatis
2466 2111 2813 2169 thesaurus:
2844 2110 3150 2168 fatendum

1871 2203 2067 2258 tamen
2099 2205 2192 2258 est
2222 2201 2297 2258 ob
2329 2200 2573 2258 nimiam
2605 2199 2864 2258 auctoris
2896 2198 3150 2257 creduli-

1870 2291 2055 2348 tatem
2087 2307 2303 2348 naevos
2342 2289 2628 2365 quosdam
2661 2288 2972 2346 historicos
3002 2289 3147 2345 irre-

1872 2380 2079 2453 psisse.
2145 2379 2384 2448 ,Dictio
2418 2396 2670 2453 quoque,
2722 2377 2925 2452 inquit
2955 2377 3150 2434 Pho-

1868 2467 2032 2525 tius
2065 2469 2188 2529 cod.
2217 2477 2335 2529 122
2364 2463 2639 2548 (Migne
2660 2466 2806 2537 CIII,
2833 2460 2987 2548 403)
3018 2466 3149 2537 ejus

1869 2560 1961 2615 est
1991 2553 2237 2616 humilis
2269 2575 2334 2616 ac
2366 2557 2540 2634 plane
2559 2555 2716 2625 talis,
2752 2556 2988 2631 qualem
3021 2555 3150 2630 ejus

1868 2663 1998 2704 esse
2049 2647 2334 2722 oportuit,
2401 2647 2505 2722 qui
2556 2646 2769 2704 atticae
2819 2645 3150 2720 elegantiae

1870 2735 2164 2793 rationem
2225 2736 2454 2794 nullam
2517 2736 2774 2794 duceret.
2869 2734 3150 2791 Infirmus

1867 2843 2006 2882 vero
2052 2826 2124 2882 ut
2167 2824 2493 2899 plurimum
2539 2827 2628 2881 est
2671 2824 2735 2881 in
2780 2822 3151 2881 conflictibus

1867 2914 2148 2971 adversus
2169 2914 2379 2990 impias
2402 2913 2671 2972 haereses
2693 2912 3002 2986 susceptis.
3042 2912 3153 2969 Est

1865 3005 2066 3061 tamen
2124 3002 2228 3060 ubi
2290 3002 2525 3061 fortiter
2572 3001 2921 3078 aggreditur
2969 3004 3151 3076 atque

1866 3091 2086 3149 irruit‘
2139 3094 2247 3153 etc.
2312 3091 2644 3166 Subjicitur
2692 3109 2784 3166 op.
2836 3089 3034 3148 brevis
3084 3107 3150 3147 ac

1866 3198 2004 3238 vera
2023 3183 2302 3255 expositio
2319 3181 2455 3253 fidei
2473 3179 2789 3238 catholicae
2821 3183 2881 3237 et
2912 3182 3149 3253 aposto-

1866 3268 2011 3326 licae
2058 3269 2366 3328 Ecclesiae.
2436 3270 2646 3327 Exstat
2707 3269 2886 3344 hujus
2950 3268 3146 3343 operis

1865 3359 2392 3433 Anacephalaeosis
2428 3376 2533 3416 seu
2571 3356 2984 3432 recapitulatio
3015 3376 3148 3414 ver-

525 3444 760 3503 nuisset
788 3448 1155 3521 mortemque
1187 3446 1300 3520 ipsi
1335 3465 1520 3516 suam,
1552 3448 1623 3505 ut
1653 3446 1808 3504 veri·
1865 3446 1954 3505 bis
1976 3447 2166 3522 ipsius
2185 3448 2445 3506 auctoris
2468 3450 2748 3521 concepta
2779 3448 2840 3504 et
2869 3465 2939 3503 ex
2971 3462 3148 3520 opere

526 3533 721 3591 simile
754 3536 861 3605 est,
897 3535 1398 3608 praenunciasset.
1459 3536 1616 3593 Dum
1648 3535 1804 3594 enim
1863 3537 2122 3593 extracta
2167 3536 2265 3594 vel
2302 3536 2375 3594 ab
2425 3538 2554 3611 ipso
2616 3535 2950 3610 Epiphanio
2982 3536 3079 3593 vel
3113 3555 3146 3591 a

523 3621 848 3699 navigaret,
880 3623 1231 3698 priusquam
1253 3624 1581 3700 appulisset
1612 3624 1673 3682 in
1695 3624 1806 3701 Cy·
1857 3625 2094 3698 juniore
2114 3628 2371 3683 auctore.
2410 3624 2640 3683 Prodiit
2661 3625 2989 3682 Panarium
3009 3641 3146 3682 cum

523 3730 715 3786 prum,
765 3711 883 3769 fato
917 3711 1045 3788 (12.
1078 3712 1210 3787 Maj.
1248 3708 1403 3795 403)
1437 3714 1806 3789 interceptus
1862 3714 2344 3788 anacephalaeosi
2379 3732 2499 3772 cur.
2535 3714 2847 3780 Oehler‚
2882 3712 3146 3771 Berolini

523 3801 611 3857 est
658 3797 1147 3880 (Sozomenus
1194 3802 1263 3864 H.
1299 3803 1361 3860 Ε.
1409 3802 1564 3872 VIII,
1624 3801 1803 3879 15.).‘

620 3986 757 4042 128.
790 3979 973 4036 Plura
1003 3980 1250 4055 reliquit
1294 3998 1489 4056 opera,
1537 3998 1803 4056 praeser-

520 4067 630 4125 tim
677 4071 881 4126 contra
925 4068 1268 4127 haereticos
1333 4074 1668 4129 Ancoratus
1718 4069 1804 4127 sic

519 4156 712 4214 dictus
733 4158 875 4232 quia
893 4156 1157 4216 animum
1188 4158 1260 4215 de
1294 4158 1487 4215 salute
1508 4159 1802 4216 fluctuan-
1861 4209 1872 4220 .

516 4248 638 4302 tem
669 4246 859 4304 instar
879 4265 1121 4305 ancorae
1142 4247 1485 4304 moderatur
1515 4250 1577 4304 et
1607 4247 1802 4304 firmat

517 4329 593 4414 (a.
629 4329 801 4416 374).
863 4335 933 4392 In
979 4354 1045 4393 eo
1091 4337 1385 4412 praeclare
1433 4335 1557 4412 agit
1597 4338 1802 4394 contra

515 4423 705 4481 omnis
736 4424 969 4500 generis
1001 4424 1344 4494 haereticOS,
1389 4426 1596 4483 contra
1627 4425 1797 4483 Aria-

592 4649 628 4714 ¹)
657 4644 740 4697 Cf.
762 4645 822 4697 B.
850 4645 894 4697 E
914 4647 949 4698 b
965 4663 993 4699 e
1007 4664 1035 4698 r
1052 4646 1089 4698 h
1106 4661 1139 4698 a
1155 4664 1183 4699 r
1198 4646 1234 4699 d
1262 4645 1365 4700 Die
1386 4645 1798 4717 Betheiligung

1871 3811 1942 3864 18
1956 3812 2107 3864 5943
2121 3815 2146 3865 1
2177 3803 2239 3861 in
2263 3804 2532 3879 Corporis
2553 3801 2869 3864 haereseol.
2892 3806 2934 3863 t.
2956 3811 2989 3863 2
3009 3805 3068 3859 et
3089 3811 3144 3863 3.

1956 3951 2096 4005 129.
2128 3944 2221 4002 Ad
2244 3963 2288 4004 s,
2311 3944 2347 4003 S
2367 3945 2798 4022 cripturam
2831 3944 3143 4004 illustran-

1859 4030 1993 4089 dam
2026 4033 2234 4091 referri
2266 4038 2523 4109 possunt
2568 4035 2606 4096 l.
2654 4035 2723 4092 de
2767 4036 3059 4093 mensuris
3095 4041 3145 4090 et

1850 4122 2226 4196 ponderibus,
2273 4124 2335 4181 in
2368 4142 2487 4198 quo
2519 4124 2658 4200 plus
2690 4123 2933 4183 exhibet
2964 4142 3141 4198 quam

1857 4211 2173 4286 inscriptio
2201 4230 2340 4287 prae
2371 4230 2435 4271 se
2467 4213 2600 4282 fert,
2634 4213 2760 4290 agit
2778 4213 2940 4271 enim
2958 4212 3143 4270 etiam

1857 4298 1930 4356 de
1980 4302 2181 4359 textus
2245 4301 2506 4360 hebraici
2557 4301 2938 4361 versionibus
2949 4297 2997 4381 ²)
3044 4320 3140 4359 ea-

1857 4406 2111 4463 rumque
2151 4391 2514 4460 auctoribuS,
2561 4391 2634 4448 de
2681 4401 2901 4449 canon'e
2948 4390 3012 4449 V.
3061 4390 3142 4460 T„

1856 4477 1927 4534 de
1959 4480 2318 4555 geographia
2362 4479 2729 4538 Palaestinae
2757 4483 2867 4541 etc.
2920 4479 3142 4537 Textus

1930 4653 1968 4712 ¹)
1997 4649 2143 4703 Hinc
2170 4648 2464 4703 derivatus
2493 4653 2578 4704 est
2604 4649 2840 4704 libellus
2867 4648 2944 4719 (M
2963 4648 2983 4701 i
2999 4667 3038 4719 g
3054 4666 3094 4701 n
3111 4664 3140 4700 e

512 4715 613 4769 des
655 4716 758 4784 Ep.
803 4732 878 4768 an
923 4716 1049 4769 dem
1079 4717 1283 4771 Streite
1328 4719 1465 4771 iiber
1504 4718 1796 4788 Origenes,
1853 4715 2046 4783 XLIII,
2074 4723 2377 4792 373-380)
2404 4725 2468 4775 de
2493 4724 2662 4775 LXX
2680 4723 3055 4790 interpretibus
3082 4723 3146 4771 et

513 4785 672 4839 Trier
702 4793 858 4842 1859.

1852 4791 1920 4846 de
1951 4790 2021 4846 iis
2058 4791 2160 4859 qui
2177 4808 2348 4862 prave
2365 4791 2730 4864 interpretati
2751 4793 2902 4845 sunt.
2932 4790 3138 4844 Utrum
