3505 5161
383 241 465 299 25
994 229 1345 298 Apologetae
1373 229 1691 286 christiani.
1742 230 2086 296 Quadra-tue,
2115 229 2408 285 Aristides.
2925 248 3007 301 26

380 434 684 475 summam
702 434 834 475 esse
853 416 983 492 ejus
1002 416 1420 488 antiquitatem
1437 419 1498 494 ²).
1531 417 1672 476 Pro-
1726 416 2134 493 apostolorum
2196 415 2491 492 discipulo
2539 417 2721 477 refert
2781 419 3011 477 Euse-

378 505 506 564 diit
540 524 680 564 cura
711 505 1081 564 Gallandi
1127 507 1282 567 Bibl.
1332 509 1449 566 vet.
1482 506 1593 565 PP.
1622 508 1670 577 I,
1728 506 1910 565 bius
1941 505 2013 568 H.
2045 505 2111 567 E.
2144 505 2241 564 IV.
2276 515 2311 568 3
2346 524 2484 564 eum
2513 507 2684 565 Aelio
2706 506 3006 567 Hadriano

379 604 540 664 320,
586 595 842 671 Migne
891 595 952 653 P.
986 595 1051 652 G.
1082 596 1158 665 11,
1219 607 1506 660 Μὶν-ι
1531 606 1671 665 186,
1728 589 2137 677 (ιη-133)
2170 594 2464 653 obtulisse
2497 594 2569 673 (e.
2601 614 2650 658 a.
2695 592 2842 676 124)
2875 615 3004 655 ora·

377 684 573 744 Otto
623 684 689 743 in
733 701 891 760 corp.
940 685 1093 759 apol.
1145 685 1245 753 111.
1306 693 1671 755 158—211,
1726 685 1949 744 tionem
1984 702 2204 758 ,quam
2252 702 2359 759 pro
2399 682 2739 744 defensione
2770 686 3010 762 religio-

376 773 601 833 Funk
658 785 708 839 l.
761 782 1142 844 310—3333
1195 775 1355 835 inter
1385 775 1674 849 opuscula
1724 774 1823 832 nis
1855 776 2095 832 nostrae
2125 772 2345 832 idcirco
2377 774 2822 849 conscripserat,
2846 775 3008 850 quod

375 863 609 921 selecta
639 863 737 921 SS.
769 862 879 921 PP.
897 882 931 921 a
949 863 1124 923 nobis
1140 864 1299 923 edita
1313 863 1432 933 XV,
1462 872 1674 927 182-
1726 862 1969 939 quidam
1988 862 2262 921 malevoli
2274 862 3004 923 hominesvexarenostros

379 961 537 1015 200.
588 952 739 1011 Stilo
771 952 1032 1028 eleganti
1064 956 1125 1011 et
1155 954 1330 1030 plane
1361 954 1551 1012 nobili
1582 956 1675 1012 est
1727 955 1909 1027 atque
1940 952 2232 1011 incessere
2265 950 2644 1012 conabantur.
2692 952 2869 1010 Extat
2898 953 3008 1011 ho·

374 1041 746 1116 conscripta,
790 1046 971 1116 atque
1017 1044 1283 1102 continet
1312 1044 1672 1119 praeclaram
1725 1041 1943 1117 dieque
2004 1041 2162 1116 apud
2223 1041 2541 1117 plerosque
2591 1060 2659 1101 ex
2721 1040 3004 1100 fratribus

374 1130 698 1208 religionis
750 1130 1104 1190 christianae
1155 1132 1505 1210 apologiam,
1555 1150 1675 1207 qua
1726 1131 1868 1188 haec
1900 1130 2104 1199 orati0,
2139 1149 2317 1206 quam
2348 1130 2530 1189 etiam
2559 1148 2668 1190 nos
2699 1130 3007 1199 habemuS,

374 1220 522 1292 ejus
552 1219 843 1278 rationem
875 1220 1072 1278 reddit
1090 1221 1385 1297 Diogneto
1405 1221 1669 1281 nondum
1725 1238 1795 1279 ex
1828 1238 1947 1295 qua
1976 1222 2038 1277 et
2069 1220 2378 1295 ingenium
2409 1220 2539 1295 ejus
2569 1219 2685 1277 viri
2706 1222 2769 1277 et
2786 1224 3009 1279 rectam

376 1309 737 1377 christiam,
783 1310 913 1385 ejus
962 1315 1163 1368 tamen
1222 1310 1522 1370 doctrinae
1573 1327 1671 1368 co·
1727 1308 1865 1366 fidei
1927 1308 2245 1367 catholicae
2307 1308 2632 1367 doctrinam
2692 1310 3006 1385 perspicue

375 1398 761 1476 gnoscendae
793 1399 1026 1474 cupido.
1076 1399 1299 1458 Ultima
1328 1400 1448 1459 duo
1480 1399 1675 1475 capita
1725 1398 1869 1456 licet
1916 1415 2284 1474 cognoscere.
2347 1398 2418 1455 In
2466 1417 2537 1456 ea
2584 1398 3009 1474 antiquitatem

381 1490 492 1562 (cc.
535 1499 632 1550 11.
672 1483 779 1569 12)
809 1487 1065 1547 eruditis
1113 1488 1396 1548 videntur
1426 1488 1542 1547 alia
1571 1489 1672 1546 ad-
1727 1505 1869 1546 suae
1901 1486 2116 1545 aetatis
2148 1485 2485 1555 ostendens,
2537 1486 2637 1555 ait,
2685 1487 3005 1545 nonnullos

375 1578 769 1652 jectamanu:
792 1593 997 1636 eorum
1019 1581 1218 1636 tamen
1235 1578 1672 1654 genuinitatem
1726 1594 1949 1645 eorum,
1997 1576 2103 1651 qui
2148 1595 2183 1633 a
2208 1575 2476 1634 ’Domino
2520 1575 2703 1633 variis
2734 1576 3006 1651 oppressi

380 1669 606 1725 tuetur
638 1666 839 1725 Kihn
870 1665 935 1724 iu
966 1667 1004 1729 1.
1037 1666 1274 1726 erudito
1297 1669 1361 1727 et
1377 1671 1672 1726 accurato:
1726 1664 2167 1724 calamitatibus
2217 1664 2409 1723 sanati
2459 1664 2710 1732 fuerant,
2744 1669 2805 1722 et
2835 1664 2940 1740 qui
2974 1685 3014 1722 a

382 1755 708 1832 Ursprung
738 1754 844 1815 des
874 1756 1196 1815 Briefesan
1217 1755 1672 1834 Diognet,Frei—
1726 1754 1980 1814 mortuis
2026 1757 2487 1824 resurrexerant,
2533 1753 2606 1811 ad
2656 1772 2764 1812 sua
2813 1771 3010 1829 usque

380 1844 548 1921 burg
587 1853 774 1907 1882.
836 1844 1087 1919 conjicit
1135 1863 1313 1921 porro
1344 1865 1435 1921 ep.
1468 1848 1671 1904 aucto·
1725 1847 1994 1919 tempora
2011 1842 2412 1919 pervenisse<
2435 1841 2769 1901 Dolendum
2784 1844 3004 1910 tamen,

381 1952 516 1992 rem
545 1951 678 1992 esse
709 1933 862 1992 forte
892 1934 1024 1992 Ari
1043 1951 1071 1992 s
1088 1935 1150 1992 ti
1167 1934 1355 1994 dem:
1407 1935 1502 1993 cui
1533 1952 1673 1993 con-
1726 1950 1878 2009 opus
1899 1932 2230 1991 interriisse
2250 1932 2421 2007 cujus
2440 1933 2673 2007 praeter
2692 1932 2841 1990 hanc
2871 1931 3004 1990 Eu-

378 2024 653 2097 jecturae
673 2024 736 2081 et
753 2021 855 2079 alii
878 2021 996 2081 viri
1015 2023 1236 2082 eruditi
1268 2023 1499 2083 favent:
1535 2041 1672 2082 vero
1727 2021 1931 2080 sebii
1994 2021 2273 2080 notitiam
2350 2020 2501 2079 nihil
2565 2022 2856 2096 superest.
2919 2053 3001 2064 —-—

390 2130 521 2169 eam
540 2110 860 2189 impugnat
884 2110 923 2168 S
940 2129 971 2169 e
987 2130 1020 2170 e
1034 2112 1073 2169 b
1089 2130 1121 2171 e
1137 2131 1168 2169 r
1182 2132 1223 2190 g
1255 2113 1361 2171 Die
1381 2113 1672 2190 Apologie
1729 2150 1757 2179 ,
1772 2112 1823 2168 A
1838 2111 1945 2169 ris
1961 2111 2023 2168 ti
2040 2110 2076 2167 d
2093 2129 2125 2168 e
2141 2128 2169 2168 s
2201 2109 2586 2179 atheniensiS,
2623 2110 3009 2185 prosequitur

394 2199 499 2258 des
530 2200 847 2270 Aristides,
879 2199 944 2258 in
974 2200 1395 2278 Forschungen
1426 2220 1531 2260 zur
1562 2202 1671 2260 Ge·
1727 2199 2245 2274 Hieronymus
2292 2217 2339 2260 c.
2377 2209 2455 2261 20
2504 2204 2827 2275 praeeunte
2870 2198 2998 2257 Eu-

393 2288 656 2347 schichte
688 2288 794 2348 des
824 2291 1082 2348 neutest.
1114 2290 1372 2360 Kanons,
1415 2300 1578 2353 1893
1606 2290 1670 2361 V,
1727 2288 1947 2348 sebio
1995 2287 2067 2347 H.
2099 2288 2162 2346 E.
2193 2287 2293 2357 IV,
2332 2298 2387 2357 3,
2439 2288 2837 2364 philosophus
2885 2287 3008 2345 elo·

396 2386 520 2441 240
557 2396 633 2436 ss.
1728 2377 2163 2450 quentissimus
2215 2380 2276 2435 et
2326 2377 2439 2435 sub
2492 2377 2748 2452 pristino
2793 2375 3006 2434 habitu

1725 2466 2059 2540 discipulus
2092 2466 2327 2536 Christi,
2351 2466 2630 2524 volumen
2647 2466 2839 2525 nostri
2860 2466 3004 2542 dog-

490 2567 587 2619 11.
618 2556 711 2615 Ab
745 2557 854 2616 hoc
886 2557 1174 2633 scriptore
1204 2576 1517 2635 anonymo,
1552 2576 1671 2634 quo
1725 2556 1901 2615 matis
1934 2554 2246 2614 continens
2296 2555 2587 2615 rationem
2618 2554 2824 2615 eodem
2854 2557 3004 2614 tem-

393 2646 753 2722 scriptorum
800 2647 1259 2722 apostolicorum
1309 2648 1521 2707 seriem
1567 2647 1671 2707 ab·
1724 2664 1883 2721 pore,
1918 2664 2037 2722 quo
2059 2650 2122 2703 et
2143 2644 2495 2714 Quadratus,
2518 2645 2820 2704 Hadriano
2842 2645 3006 2721 prin·

393 2735 700 2804 solvimus,
735 2739 799 2793 et
826 2737 934 2812 qui
965 2736 1411 2812 apologetarum
1430 2737 1671 2815 religio·
1726 2735 1844 2810 cipi
1877 2733 2059 2800 dedit,
2097 2735 2135 2792 i.
2167 2752 2216 2792 e.
2249 2735 2682 2811 Apoloqeticum
2711 2753 2818 2810 pro
2851 2734 3008 2792 chri-

393 2824 484 2882 nis
546 2825 909 2883 christianae
959 2824 1114 2884 forte
1162 2825 1393 2900 primus
1440 2826 1670 2885 censeri
1726 2824 1957 2893 stianis,
1994 2823 2152 2897 quod
2184 2841 2376 2899 usque
2415 2823 2587 2881 hodie
2621 2841 3008 2898 perseverans

400 2915 604 2986 potest,
641 2913 714 2971 ad
746 2913 897 2972 alios
942 2932 1053 2973 sec.
1085 2914 1162 2973 H.
1207 2915 1380 2991 apol
1401 2934 1536 2992 oge
1553 2919 1670 2974 tas
1724 2912 1884 2988 apud
1915 2911 2250 2989 philologos
2283 2910 2512 2989 ingenii
2553 2912 2682 2986 ejus
2714 2911 3005 2970 indicium

400 3005 785 3070 transeamus
836 3021 1093 3078 quorum
1141 3004 1300 3063 haud
1345 3005 1519 3079 pauci
1563 3004 1672 3063 hoc
1726 3005 1878 3060 est«
1914 3001 2176 3059 Perierat
2206 3004 2268 3059 et
2299 3001 2438 3059 haec
2468 3000 2765 3077 apologia:
2801 3019 3004 3059 verum

394 3091 592 3150 seculo
652 3094 1009 3166 comparent.
1071 3092 1156 3152 De
1208 3091 1256 3162 Q
1275 3111 1365 3151 ua
1383 3090 1669 3174 drat02)
1726 3093 1923 3166 patres
1974 3089 2412 3148 Mechitaristae
2452 3097 2617 3151 1878
2665 3091 2795 3165 ejus
2847 3090 3003 3164 frag-

652 3216 707 3220 *
1725 3183 1990 3239 mentum
2012 3178 2279 3238 Venetiis
2310 3180 2663 3253 repererunt
2683 3178 2891 3254 lingua
2909 3196 3006 3235 ar-

466 3301 501 3368 2)
531 3297 612 3351 Cf·
645 3296 987 3352 Ehrhard
1035 3299 1072 3356 1⁹
1114 3305 1354 3355 64—68:
1398 3299 1467 3356 Π,
1498 3306 1671 3356 250—
1725 3287 1929 3327 mena:
1963 3267 2026 3326 in
2058 3286 2126 3327 eo
2158 3270 2364 3326 auctor
2396 3286 2594 3327 veram
2626 3267 2697 3325 de
2718 3267 2838 3326 Deo
2863 3266 3002 3324 doc·

393 3373 522 3427 252:
574 3369 627 3422 N
646 3369 709 3423 ir
726 3387 749 3422 s
767 3388 797 3424 c
816 3369 893 3423 hl
942 3379 969 3434 ξ
1010 3377 1079 3426 43
1097 3392 1108 3429 ς
1163 3371 1204 3424 F
1220 3389 1257 3424 u
1276 3388 1313 3423 n
1330 3371 1369 3424 k
1415 3370 1526 3424 KL,
1575 3370 1671 3428 111,
1724 3357 1947 3415 trinam
1967 3357 2210 3433 exponit
2227 3354 2292 3438 ¹).
2325 3357 2578 3433 Reperta
2596 3356 2714 3415 fuit
2731 3358 2794 3415 et
2807 3355 3000 3415 versio

401 3442 775 3498 1774—1779:
809 3439 1358 3495 Bardenhewer
1397 3451 1424 3507 ξ
1459 3451 1542 3504 22,
1571 3442 1669 3509 qui
1727 3447 1955 3523 syriaca
2007 3456 2203 3515 13903
2282 3445 2401 3505 imo
2446 3448 2509 3504 et
2569 3446 3001 3522 quadamtenus

394 3509 459 3563 de
485 3528 550 3565 ea
576 3512 804 3572 scribit:
846 3512 948 3566 Die
976 3515 1243 3568 Antwort
1266 3513 1526 3569 zeichuet
1551 3514 1671 3567 sich
1725 3537 1968 3595 uberior
1996 3536 2288 3610 quaedam
2306 3538 2506 3594 textus
2525 3535 2720 3612 graeci
2738 3535 3007 3594 recensio

392 3598 490 3635 aus
518 3584 700 3638 durch
729 3584 779 3637 V
784 3584 1145 3638 ornehmheit
1168 3585 1265 3638 des
1287 3586 1486 3648 ToneS,
1516 3585 1671 3639 Tiefe
2140 3624 2152 3636 .
2230 3624 2242 3636 .
2378 3625 2389 3636 .

393 3651 489 3723 der
526 3656 899 3725 ,ms-fagsung,⁸
946 3656 1157 3709 praem
1194 3657 1313 3709 und
1355 3657 1532 3712 Glanz
1573 3657 1673 3709 der
1725 3625 1823 3683 vel
1854 3629 2195 3684 retractatio
2227 3643 2290 3682 in
2323 3625 2459 3683 Vita
2479 3624 2751 3683 Barlaam
2781 3627 2843 3683 et
2862 3623 3002 3682 Joa·

395 3723 776 3794 Darstellung:
804 3727 897 3780 die
914 3727 1297 3796 Schilderung
1317 3728 1414 3780 des
1435 3728 1671 3781 Lebens-

394 3798 640 3851 wandels
685 3798 787 3851 der
831 3798 1094 3853 Christeu
1139 3803 1207 3868 (c.
1251 3809 1297 3857 5.
1340 3809 1392 3870 6)
1445 3799 1520 3854 ist
1559 3816 1670 3853 von
1806 3803 1839 3858 ¹‘)
1888 3797 1968 3854 Cf.
2022 3798 2090 3851 de
2144 3794 2393 3848 Aristide
2458 3794 2645 3847 Bard
2663 3811 2691 3847 e
2709 3812 2744 3846 n
2763 3794 2846 3846 he
2865 3811 2914 3844 w
2934 3811 3007 3846 er

393 3866 811 3925 hiureissender
836 3870 1146 3941 Wirkuug.
1725 3881 1751 3935 ἓ
1786 3879 1865 3927 15.
1912 3868 2015 3936 qui
2059 3869 2141 3920 ita
2181 3866 2249 3919 de
2291 3867 2414 3934 ejus
2459 3865 2726 3935 apologia.
2751 3865 2812 3917 in
2841 3865 2925 3920 ed.
2963 3875 3000 3920 l.

464 3942 502 4009 ²)
532 3940 783 3995 Notitiae
849 3945 1102 3995 veterum
1166 3942 1235 3996 de
1287 3942 1330 4005 Q
1348 3943 1579 3995 uadra
1599 3946 1669 3996 to
1726 3940 1951 3995 scribit:
1999 3941 2087 3992 An
2130 3938 2319 3990 Kunst
2362 3938 2460 3990 der
2506 3937 2727 4005 Aulage
2774 3935 2877 3987 wie
2929 3955 3002 3988 ιιιι

392 4009 626 4078 eiusque
653 4029 687 4064 a·
731 4013 922 4082 ologia
966 4015 1200 4068 collecta
1227 4014 1471 4083 reperies
1516 4013 1670 4084 apud
1726 4011 2174 4080 theologischem
2203 4009 2440 4064 Gehalte
2469 4008 2623 4060 kann
2650 4008 2728 4059 sie
2757 4006 2876 4061 sich
2897 4008 3001 4059 mit

393 4079 484 4135 Ro
502 4100 539 4135 ιι
558 4083 635 4135 th
761 4083 977 4152 liquiae
1041 4101 1232 4138 sacrae
1295 4087 1362 4144 1²,
1428 4089 1669 4141 69—79:
1726 4084 1838 4137 den
1883 4081 2167 4137 Schriften
2206 4080 2425 4133 Justins
2470 4079 2566 4132 des
2607 4079 2678 4131 M.
2722 4078 2882 4132 nicht
2924 4077 3003 4131 im

392 4151 564 4206 Otto
600 4170 803 4225 corpus
831 4158 1052 4226 apolog.
1097 4156 1289 4211 christ.
1330 4156 1505 4209 Jenae
1538 4160 1669 4211 1872
1728 4154 2152 4209 Entferntesten
2233 4168 2468 4206 messen.
2555 4150 2584 4201 ,Ι
2607 4165 3006 4216 ungmann·

392 4222 482 4286 IX-
528 4232 843 4284 3334-341ι
903 4227 1453 4280 Bardenhewer
1505 4236 1670 4294 §142
1728 4226 2028 4280 Fessler
2053 4235 2079 4290 ς
2108 4235 2204 4282 55;
2247 4224 2569 4290 Seeberg
2596 4221 2695 4274 der
2721 4221 3003 4289 Apologet

390 4293 501 4350 KL.
528 4297 594 4358 X,
631 4300 930 4360 645—647,
972 4298 1074 4366 qui
1113 4302 1278 4352 notat
1316 4302 1427 4352 tres
1456 4301 1543 4353 vel
1570 4301 1672 4353 sal·
1728 4296 2025 4351 Aristides,
2077 4296 2187 4349 Der
2214 4295 2356 4347 Text
2395 4293 2579 4346 seiner
2613 4309 2719 4344 uns
2764 4291 3004 4370 erhalte·

358 4365 366 4372 ”
390 4369 502 4420 tem
529 4367 674 4421 duos
700 4369 874 4438 hujus
889 4369 1140 4423 nominis
1162 4369 1311 4422 viros
1332 4371 1448 4423 fere
1468 4387 1673 4437 aequa·
1728 4388 1840 4422 nen
1869 4368 2172 4430 Schriften,
2202 4368 2367 4419 ncbst
2391 4363 2780 4442 einleitendcn
2808 4362 2832 4413 [
2857 4366 3007 4414 nter·

390 4439 467 4492 les
529 4455 648 4492 esse
698 4439 1153 4512 distinguendos.
1206 4442 1476 4495 Nostrum
1530 4443 1671 4495 forte
1726 4442 2064 4510 suehungen
2094 4440 2231 4492 iiber
2258 4437 2564 4497 ‹lieselben,
2593 4433 2825 4503 Leipzig
2853 4441 3002 4492 1894,

389 4510 632 4565 eundem
660 4528 779 4565 ease
806 4530 932 4567 cum
963 4530 1044 4570 eo.
1072 4514 1237 4580 cujus
1265 4513 1528 4567 meminit
1554 4513 1595 4565 E
1614 4532 1673 4566 u-
1727 4517 1786 4565 et
1804 4515 1926 4582 jam
1953 4513 2153 4563 antea:
2181 4509 2284 4561 Die
2307 4506 2583 4577 Apologie
2610 4506 2707 4558 des
2730 4507 2794 4558 A.
2821 4511 3006 4558 unt-er·

389 4599 457 4634 se
476 4583 645 4636 bins
674 4583 743 4638 H.
772 4583 831 4638 Ε.
862 4584 955 4642 ΙΙΙ,
985 4588 1053 4640 37
1099 4589 1394 4653 tamquam
1435 4586 1673 4656 prophe·
1727 4584 1896 4638 sucht
1937 4582 2053 4634 und
2096 4579 2638 4646 wiederhergestellt
2674 4576 2738 4629 in
2779 4577 3003 4631 Forsch.

389 4653 500 4708 tica
526 4654 717 4725 gratia.
744 4654 999 4719 illustris,
1028 4674 1143 4710 non
1183 4673 1316 4709 vero
1343 4675 1471 4711 cum
1502 4657 1545 4722 Q
1566 4676 1601 4709 ιι
1619 4674 1672 4708 a·
1727 4674 1828 4708 zur
1856 4654 2053 4707 Gesch.
2102 4653 2198 4704 des
2239 4654 2481 4704 neutest.
2510 4648 2741 4701 Kanons
2776 4655 2910 4704 1893
2935 4648 2980 4698 V
2992 4690 3004 4702 .

388 4725 604 4779 drato
647 4726 913 4798 episcopo
954 4728 1297 4791 atheniensi,
1339 4728 1439 4796 qui
1482 4728 1677 4782 floruit
1734 4733 2040 4782 159—414:
2083 4723 2296 4776 Sasse
2337 4721 2602 4774 Zeitschr.
2645 4719 2682 4777 f.
2727 4720 2779 4772 k.
2811 4720 3003 4773 Theol.

387 4795 536 4850 inter
562 4817 613 4852 a.
649 4805 943 4855 161—180.
1735 4802 1894 4852 1879
1922 4815 1973 4864 p.
2005 4803 2168 4850 812—
2184 4803 2317 4854 618:
2359 4794 2404 4846 K
2425 4799 2646 4862 riiger
2673 4803 2698 4857 ξ
2725 4797 2812 4845 34.
