3505 5161
532 192 539 197 Π
582 235 702 288 807
1007 222 1308 273 851-900.
1336 214 1765 269 Controversiae
1793 231 1922 271 cum
1951 219 2365 276 GotteschalcO.
2396 217 2756 281 Hincmarus‚
3070 234 3192 288 3ηὸ

583 403 880 487 (Douziles
901 400 1067 486 Prez)
1089 423 1137 464 a.
1162 412 1278 466 871
1308 420 1664 478 comparere,
1680 421 1863 477 quare
1917 405 1991 463 ab
2023 425 2072 465 a.
2109 416 2234 469 840
2270 400 2457 487 (841)
2493 423 2798 464 successor
2820 401 2881 482 (†
2905 413 3005 466 31.
3026 403 3191 465 Mart.

579 514 661 564 ea,
674 498 988 570 postquam
1005 492 1551 551 audiitschedulam
1573 510 1681 551 seu
1700 493 1860 550 libel·
1920 490 2091 573 852).
2141 496 2272 554 Huc
2305 497 2577 570 spectant
2608 495 2739 569 ejus
2771 494 3013 565 epistola
3047 488 3193 570 (me-

578 585 693 641 lum
728 584 1200 657 expostulationis
1245 581 1737 655 complectentem
1775 592 1853 645 35
1917 583 2117 642 diante
2178 578 2522 665 Hincmaro)
2585 582 2659 641 ad
2721 581 3189 641 Gotteschalcum

577 672 971 732 accusationis
1034 671 1229 747 capita
1278 671 1397 748 (Mi
1415 690 1557 747 gne
1610 670 1856 740 CXXVI,
1915 676 2123 732 tenera
2184 692 2326 750 erga
2375 692 2513 731 eum
2561 670 3074 732 commiseratione
3135 675 3195 728 et

583 758 956 838 566—634)
978 779 1114 819 eum
1135 760 1438 835 deposuit:
1473 778 1649 834 quam
1677 761 1858 836 depo·
1916 761 2322 821 sollicitudine
2384 762 2735 836 conscripta,
2787 761 2851 818 in
2903 778 3021 835 qua
3065 761 3192 834 ejus

579 851 856 910 sitionem
895 850 1134 908 demum
1159 850 1419 908 Joannes
1454 849 1611 910 VIII.
1643 850 1858 925 proba·
1917 852 2223 926 opiniones
2255 851 2330 910 ad
2362 869 2460 910 sex
2494 845 2775 932 (septem)
2807 852 3043 908 revocat
3062 867 3197 924 pre·

578 941 683 1010 vit,
734 944 1055 1015 postquam
1104 957 1341 997 causam
1391 937 1728 997 Hadrianus
1781 939 1854 997 11.
1912 940 2237 1017 positiones
2256 935 2319 1024 ι),
2352 959 2502 1016 quas
2535 940 2673 999 dein
2704 938 2947 1005 refellit,
2983 938 3196 1013 pieque

578 1029 694 1087 sibi
745 1031 1168 1098 reservaverat,
1215 1027 1317 1085 sed
1367 1027 1608 1086 interim
1656 1031 1849 1086 morte
1914 1049 2050 1088 eum
2072 1031 2373 1089 hortatur:
2415 1028 2888 1096 ,Nolitesensui
2907 1032 3013 1085 tuo
3035 1045 3189 1085 com-

576 1118 801 1176 obierat
835 1113 1050 1201 (872):
1085 1120 1292 1191 postea
1322 1134 1462 1175 vero
1496 1117 1857 1175 sententiam
1913 1119 2167 1187 mittere,
2231 1118 2334 1177 sed
2384 1119 2675 1193 majorum
2720 1116 2968 1194 judiciis
3018 1118 3196 1191 atque

577 1208 639 1265 in
673 1207 1055 1265 Hincmarum
1099 1207 1280 1264 latam
1325 1206 1600 1264 nonnihil
1630 1211 1856 1281 tempe·
1913 1208 2258 1278 sententiae,
2293 1208 2410 1267 imo
2443 1207 2664 1267 divinis
2695 1210 2757 1265 et
2786 1205 3194 1265 ecclesiasticis

575 1296 733 1354 ravit
750 1298 810 1369 ι).
842 1295 977 1353 Jam
1008 1294 1177 1370 prius
1209 1294 1475 1353 ediderat
1504 1294 1859 1353 Hincmarus
1913 1297 2373 1355 auctoritatibus
2408 1297 2579 1356 facile
2611 1296 2769 1365 cede,
2804 1296 3066 1353 libenter
3098 1313 3191 1351 ac-

577 1385 862 1443 remensis
895 1384 1185 1459 prolixius
1231 1402 1382 1459 opus
1429 1383 1715 1443 adversus
1746 1402 1854 1441 ne·
1914 1387 2146 1461 quiesce
2175 1396 2235 1445 et
2266 1386 2611 1445 obedienter
2649 1384 2838 1444 subde
2869 1388 2989 1446 te.‘
3055 1384 3194 1441 Res·

576 1478 775 1547 potem
814 1493 986 1532 suum
1023 1476 1299 1531 constans
1333 1490 1412 1534 cc.
1449 1482 1526 1535 55
1576 1470 1857 1552 (Migne
1903 1478 2115 1548 pensio
2148 1476 2220 1534 ad
2242 1474 2767 1552 interrogationem
2788 1473 3102 1549 cujusdam
3123 1472 3193 1530 de

576 1562 818 1632 CXXVI,
857 1557 1251 1644 282—494).
1287 1563 1445 1637 quod
1479 1562 1703 1620 lectum
1733 1561 1853 1620 fuit
1913 1565 2307 1638 praescientia
2368 1565 2462 1624 vel
2512 1564 2585 1622 de
2648 1562 3191 1639 praedestinatione

576 1652 641 1709 in
673 1669 829 1710 conc.
862 1651 1141 1710 attiniaco
1178 1647 1381 1734 (870).
1426 1651 1636 1710 Plures
1666 1650 1858 1709 adhuc
1914 1653 2117 1713 divina
2146 1656 2209 1712 et
2239 1653 2311 1712 de
2331 1654 2520 1712 libero
2536 1653 2798 1722 arbitriO,
2823 1670 2975 1727 quae
2993 1654 3192 1708 tamen

577 1742 901 1815 supersunt
930 1742 1061 1817 ejus
1094 1760 1182 1816 ep.
1215 1740 1288 1799 de
1319 1740 1427 1799 hoc
1458 1740 1718 1816 negotiO,
1760 1740 1853 1797 in·
1906 1744 2081 1817 juxta
2110 1743 2393 1802 Baluze
2441 1747 2532 1801 est
2564 1743 2773 1800 Flori
2820 1740 3077 1807 diaconi;
3126 1740 3196 1796 de

574 1832 668 1888 ter
696 1848 843 1904 quas
877 1829 1112 1905 aliquae
1146 1829 1324 1887 etiam
1359 1830 1637 1905 prolixae.
1669 1828 1853 1887 Hinc·
1909 1834 2111 1907 qratia
2144 1839 2193 1889 et
2215 1833 2613 1904 praescientia
2634 1831 2763 1907 Dei,
2801 1831 2990 1905 deque
3021 1847 3194 1904 prae-

578 1919 725 1976 mari
758 1918 1123 1976 laudinensis
1136 1915 1185 1999 2)
1230 1918 1512 1993 epistolae
1543 1920 1605 1976 et
1636 1917 1859 1992 scripta
1913 1920 2313 1979 destinatione
2345 1922 2405 1977 et
2435 1921 2622 1978 libero
2654 1920 2921 1989 arbitrio,
2970 1918 3041 1975 de
3088 1935 3192 1991 spe

576 2008 648 2065 ad
678 2025 746 2065 -se
774 2006 1067 2066 tuendum
1113 2007 1209 2065 vel
1241 2006 1642 2064 excusandum
1673 2006 1856 2064 habes
1913 2009 2055 2068 item
2088 2028 2154 2068 ac
2186 2009 2402 2067 fiducia
2433 2009 2643 2067 salutis
2687 2011 2747 2067 et
2793 2009 2866 2067 de
2898 2008 3193 2065 sententia

575 2097 638 2154 in
672 2096 922 2172 Migne
955 2097 1017 2159 P,
1044 2096 1107 2157 L.
1141 2095 1383 2165 CXXIV,
1436 2104 1847 2158 979-1072.
1913 2116 1959 2156 s.
1994 2098 2339 2174 Augustini,
2375 2098 2537 2156 edita
2567 2117 2601 2155 a
2633 2096 3032 2155 Sirmondo
3080 2096 3192 2153 Pa-

576 2184 962 2244 Concinnavit
982 2185 1279 2260 duplicem
1302 2183 1706 2243 collectionem
1730 2184 1854 2243 dic·
1911 2187 2072 2245 risiis
2102 2196 2299 2250 1649:
2334 2188 2393 2243 M
2410 2206 2442 2244 a
2457 2205 2498 2244 u
2517 2205 2614 2263 gu
2630 2186 2724 2256 in,
2749 2186 3032 2245 Veterum
3051 2202 3189 2242 auc-

576 2277 776 2332 torum
828 2293 971 2332 rom.
1017 2272 1365 2349 pontificum
1412 2273 1475 2330 in
1521 2291 1629 2332 sua
1659 2291 1853 2342 causa,
1908 2280 2131 2349 torum,
2165 2276 2269 2352 qui
2302 2276 2396 2334 IX.
2430 2294 2540 2334 sec.
2562 2275 2634 2334 de
2653 2274 3192 2351 praedestinatione

577 2381 729 2438 quae
760 2366 960 2421 tamen
992 2382 1060 2421 ex
1092 2366 1259 2437 parte
1291 2363 1505 2421 hausta
1533 2366 1624 2420 est
1654 2381 1721 2420 ex
1755 2363 1854 2420 de·
1912 2365 2566 2443 etgratiascripserunt,
2578 2382 2754 2439 opera
2768 2367 2827 2423 et
2843 2363 3189 2439 fragmenta,

575 2451 896 2510 cretalibus
940 2451 1527 2527 pseudoisidorianis.
1589 2451 1856 2526 Epistola
1911 2455 2152 2513 Parisiis
2193 2464 2377 2517 1650.
2421 2455 2492 2512 B.
2526 2455 2843 2529 Auyustini
2886 2455 3192 2510 sententiae

575 2539 732 2599 V111.
765 2537 1261 2621 (1027—1070)
1293 2539 1611 2616 respondet
1643 2539 1718 2599 ad
1749 2540 1856 2598 illa
1911 2542 1985 2601 de
2015 2543 2557 2620 praedestinatione
2590 2547 2652 2602 et
2682 2542 2880 2620 gratia
2904 2542 3005 2601 Dei
3038 2541 3192 2600 etli-

574 2631 834 2706 capitula
870 2641 945 2694 55
982 2631 1262 2690 avunculi
1295 2631 1410 2688 sui.
1442 2631 1584 2688 Post
1614 2629 1851 2689 concilii
1909 2633 2050 2692 bero
2083 2633 2339 2692 hominis
2383 2633 2648 2704 arbitrio,
2701 2634 2763 2691 in
2810 2632 3033 2691 eisdem
3063 2630 3188 2688 edi·

573 2719 1005 2796 depositionem
1052 2722 1277 2795 ejectus
1325 2722 1418 2777 est
1461 2719 1525 2777 in
1557 2719 1851 2788 exsilium,
1911 2723 2199 2785 tionibus.
2262 2723 2418 2781 Haec
2464 2722 2583 2781 duo
2615 2722 2920 2798 opuscula,
2956 2740 3087 2779 cum
3123 2739 3192 2777 ea

573 2809 941 2885 aliquamdiu
973 2809 1151 2868 etiam
1203 2808 1459 2867 vinculis
1491 2809 1854 2866 constrictus
1914 2811 2263 2870 Sirmondus
2310 2812 2373 2869 in
2424 2812 2628 2870 eodem
2671 2830 2804 2869 cum
2856 2810 3048 2886 primo
3097 2828 3188 2867 re·

572 2899 635 2956 in
667 2899 950 2956 custodia.
1013 2897 1085 2956 Iu
1114 2897 1529 2957 reclamatione
1561 2914 1670 2956 sua
1715 2913 1854 2956 con·
1910 2901 2131 2976 pererit
2195 2901 2392 2959 codice
2456 2919 2648 2976 neque
2694 2921 2729 2958 a
2772 2899 2951 2976 genio
3012 2901 3192 2956 Amo-

573 2987 865 3060 queritur',
901 3006 964 3046 se
994 2987 1181 3045 oculis
1226 3003 1463 3062 quoque
1512 2985 1699 3044 fuisse
1730 2985 1853 3062 pri·
1912 2989 2064 3048 lonis
2143 2989 2528 3060 abhorreant,
2620 2989 2898 3047 Amoloni
2990 3006 3192 3045 revera

573 3077 793 3146 vatum,
846 3075 1007 3150 quod
1058 3080 1259 3134 tamen
1305 3095 1339 3133 a
1387 3075 1744 3134 nonnemine
1790 3075 1854 3133 in
1911 3078 2156 3152 tribuit,
2210 3097 2389 3154 quam
2438 3078 2777 3153 opinionem
2815 3077 2920 3135 alii
2968 3075 3188 3135 eruditi

573 3164 825 3223 dubium
873 3168 1139 3223 vocatur.
1202 3163 1449 3233 Quando
1500 3163 1716 3222 obierit
1761 3167 1856 3222 est
1910 3166 2023 3225 viri
2086 3170 2231 3225 sunt
2279 3167 2487 3226 secuti.
2539 3199 2625 3211 ·-
2674 3166 2945 3241 Epistola
2999 3184 3101 3223 seu
3153 3165 3188 3220 l.

572 3253 890 3312 incertum:
934 3252 1323 3328 probabiliter
1355 3271 1473 3310 non
1505 3252 1610 3310 diu
1638 3256 1776 3328 post
1804 3272 1855 3315 a.
1909 3263 2107 3314 contra
2157 3255 2416 3314 Judaeos
2476 3255 2549 3314 ad
2600 3255 2876 3314 Carolum
2926 3254 3185 3321 Calvum,

577 3351 721 3416 878,
756 3345 826 3400 ut
856 3343 1095 3401 videtur
1124 3362 1173 3400 a.
1208 3341 1501 3416 sequenti.
1913 3364 2089 3420 quem
2122 3346 2334 3403 Petrus
2367 3345 2458 3402 Fr.
2491 3344 2670 3403 Chif
2678 3343 2708 3400 f
2714 3344 2828 3402 let
2860 3343 3049 3401 edidit
3077 3343 3187 3400 sub

1676 3455 1681 3462 ·
1910 3434 2052 3497 Bab.
2084 3434 2141 3490 M
2158 3454 2190 3491 a
2204 3453 2246 3491 u
2261 3433 2325 3491 ri
2359 3433 2597 3493 nomine
2619 3452 2750 3491 cum
2772 3431 2908 3490 aliis
2930 3448 3190 3508 opuscu-

665 3519 1034 3581 442.Contra
1045 3520 1517 3579 Gotteschalcum
1539 3520 1777 3594 scripsit
1793 3522 1853 3576 et
1909 3523 2001 3591 lis,
2037 3522 2285 3582 Divione
2317 3531 2502 3593 1656,
2523 3522 2584 3580 in
2603 3541 2721 3599 qua
2739 3521 2975 3580 erudite
2993 3523 3185 3580 osten·

571 3607 829 3666 Amolo
882 3607 1141 3684 (Amu10,
1177 3608 1480 3680 Hamalus,
1515 3608 1851 3666 Amalarius
1910 3611 2016 3680 dit,
2052 3629 2230 3685 quam
2262 3611 2439 3670 noxia
2484 3612 2565 3670 sit
2607 3610 2888 3687 religioni
2920 3609 3185 3668 christia·

570 3692 725 3776 ete),
801 3696 1102 3773 Agobardi
1167 3697 1561 3774 lugdunensis
1614 3696 1851 3755 ‘archie-
1909 3719 2119 3758 norum
2153 3700 2519 3759 conversatio
2540 3718 2673 3758 cum
2695 3698 2972 3770 Judaeis;
3006 3719 3094 3775 ep.
3115 3697 3184 3756 ad

570 3785 789 3860 piscopi
836 3785 1170 3861 discipulus
1220 3793 1280 3845 et
1313 3782 1677 3867 diaconus³)‚
1712 3785 1851 3843 dein
1909 3788 2311 3847 'theobaldum
2331 3792 2510 3865 episc.
2531 3789 2967 3865 lingonensem,
2990 3789 3186 3863 inqua

1906 3877 2232 3952 prudenter
2263 3877 2504 3937 disserit
2533 3877 2606 3936 de
2638 3877 2813 3935 modo
2849 3895 2912 3936 se
2945 3875 3184 3954 gerendi

674 3999 707 4050 ’,ι
727 3991 809 4044 Cf.
828 3991 959 4043 Hes
965 3992 1068 4044 ele
1097 3990 1668 4071 Conciliengesch.lV
1684 3995 1849 4054 3486.
1908 3984 2048 4042 erga
2096 3966 2398 4040 reliquum·
2450 3966 2524 4025 de
2574 3985 2827 4041 quarum
2880 3965 3185 4024 authentia

572 4069 674 4118 500
713 4080 753 4117 s.
821 4065 964 4115 Acta
1005 4061 1237 4115 concilii
1277 4061 1625 4115 duziasensis
1666 4061 1854 4114 edidit
1907 4073 2026 4113 non
2057 4057 2306 4116 constat.
2372 4055 2544 4113 Edita
2591 4056 2731 4113 haec
2775 4055 2945 4114 fuere
2992 4075 3027 4112 a
3065 4055 3182 4112 Ba·

570 4133 952 4187 Cellotius
980 4132 1209 4187 Parisiifl
1242 4139 1378 4213 165ss
1403 4136 1464 4185 ln
1492 4142 1554 4190 4:
1608 4132 1851 4187 Mansi
1908 4143 2115 4202 luzio
2159 4144 2318 4201 inter
2362 4162 2542 4219 opera
2572 4143 2893 4220 Agobgrdi,
2949 4144 3014 4202 in
3042 4142 3184 4201 bibL

569 4205 714 4267 XVI,
744 4213 848 4262 578
874 4222 976 4262 ssa
1027 4204 1418 4258 Hardouin
1466 4204 1526 4267 V,
1574 4211 1707 4260 1225
1749 4223 1849 4262 ss:

570 4276 638 4328 W
658 4294 686 4329 e
703 4293 731 4327 r
747 4295 783 4329 n
802 4294 830 4329 e
847 4294 873 4328 r
903 4276 1113 4329 Alcuin
1141 4293 1194 4345 p.
1218 4278 1524 4331 300—307.

643 4353 680 4408 ²)
712 4347 898 4416 Hujus
924 4347 1104 4400 vitim
1126 4348 1322 4399 narrat
1348 4349 1387 4399 (fi
1405 4363 1433 4398 e
1451 4346 1469 4399 l
1487 4346 1504 4399 l
1524 4364 1555 4400 o
1574 4346 1685 4399 tiu
1706 4364 1730 4398 s
1759 4363 1847 4415 op.
1909 4348 1976 4398 W
1994 4364 2023 4402 e
2040 4366 2116 4400 ru
2133 4364 2162 4401 e
2180 4366 2206 4400 r
2256 4348 2466 4402 Alcuin
2513 4369 2565 4418 p.
2612 4351 2717 4405 327
2757 4365 2832 4407 s.;
2886 4353 3183 4407 332-—3235‚

568 4419 681 4481 cit„
744 4418 898 4488 apud
964 4417 1155 4486 Migne
1220 4417 1462 4480 CXXIV,
1536 4423 1848 4476 967-979ι
1905 4419 2240 4486 quemcf.de
2252 4417 3186 4474 controversiacumGotteschalco

569 4491 605 4542 S
622 4507 651 4541 c
668 4491 704 4542 h
723 4507 749 4541 r
765 4506 797 4542 o
815 4505 844 4541 e
860 4507 887 4540 r
903 4506 927 4541 s
956 4489 1063 4541 KL,
1090 4487 1185 4552 VI,
1207 4495 1238 4544 6
1260 4506 1299 4542 s.
1322 4492 1380 4542 et
1398 4491 1657 4542 auctores
1675 4506 1848 4558 supra
1904 4490 2088 4544 fusius
2114 4489 2481 4545 disserentem
2525 4490 2723 4544 Gesch.
2759 4489 2862 4543 der
2888 4490 3039 4560 apol.
3068 4489 3179 4542 und

569 4559 747 4623 citati,
776 4560 878 4626 qui
906 4560 974 4612 de
1004 4559 1309 4614 Hincmaro
1346 4559 1589 4614 remensi
1617 4559 1848 4629 scripse·
1903 4560 2018 4632 pol.
2049 4561 2154 4614 Lit.
2188 4563 2250 4625 11,
2280 4565 2579 4619 670—693.

569 4633 722 4682 runt.
772 4630 918 4682 Hist.
946 4630 1032 4686 lit.
1060 4630 1128 4693 V,
1158 4637 1456 4687 522—528.
1983 4637 2018 4704 ¹)
2046 4634 2200 4687 Num
2226 4649 2420 4686 revera
2441 4649 2533 4685 eas
2554 4631 2814 4687 docuerit
2834 4629 3183 4685 Gotteschal·

644 4704 683 4769 θ)
713 4701 793 4753 Cf.
824 4700 967 4753 Hist.
995 4701 1082 4755 lit.
1112 4702 1177 4764 V,
1223 4709 1530 4759 104-111ς
1582 4701 1724 4754 Hef
1734 4701 1848 4755 ele
1903 4721 2001 4758 cus
2040 4707 2099 4757 et
2136 4721 2202 4757 ex
2247 4706 2370 4773 ejus
2408 4703 2635 4774 scriptis
2678 4703 2939 4756 hauserit
2965 4701 3187 4755 Amolo.

572 4770 1053 4840 Conciliengesch.
1096 4773 1189 4835 IV,
1226 4781 1251 4836 ᾗ
1277 4778 1381 4827 450
1421 4775 1478 4825 et
1504 4773 1613 4825 KL.
1644 4774 1683 4836 l,
1709 4777 1846 4830 752:
1903 4777 1990 4827 est
2015 4775 2274 4832 dubium.
