3505 5161
402 249 489 303 92
499 249 531 304 5
857 230 1202 299 Enopa-tus,
1228 229 1514 294 Letaldus‚
1541 230 1841 297 Bernerus,
1867 231 2041 297 Utho,
2066 229 2451 284 Lanthfredus
2477 229 2583 282 etc.
2898 244 3021 298 920

496 418 957 492 511.Ruoperto
973 417 1689 476 monachomediolacensi
1743 415 1885 476 Ben.
1937 437 2006 477 ex
2055 416 2339 477 monacho
2381 433 2427 478 s,
2472 414 2726 490 Remigii
2770 414 3025 473 remensi

405 503 493 590 (fl.
546 502 721 588 985),
785 506 1077 580 discipulo
1129 506 1419 577 crotberti,
1480 507 1691 566 asserit
1742 507 1975 583 primus
2019 525 2065 568 c.
2099 528 2149 570 a.
2185 500 2636 582 948—981l82
2687 504 2867 562 abbas
2914 504 3026 561 hu-

405 596 740 655 Holder-
759 596 1009 672 Egger
1056 591 1240 654 vitam
1287 615 1333 658 3.
1383 597 1690 655 Adalberti
1743 596 2120 655 molariensis
2183 593 2580 672 (Homblieres
2629 593 2693 650 in
2743 592 3027 651 Verman-

399 685 642 744 diaconi
688 683 1194 761 clariegmondani
1240 679 1327 767 (fl.
1378 703 1488 744 sec.
1523 680 1690 768 VIII)
1746 682 1925 765 duis),
1960 685 2057 743 cui
2090 683 2445 743 monasterio
2478 682 2695 740 mirum
2728 685 2821 740 est
2840 700 3027 756 quan-

406 778 471 834 et
500 774 786 833 miracula
803 772 865 851 ¹),
916 775 1089 849 cujus
1119 774 1420 850 epitomen
1452 775 1693 833 exhibet
1745 778 1878 834 tum
1892 773 2268 850 splendorem
2284 790 2352 830 ac
2364 772 2522 830 bona
2535 770 2873 841 contulerit,
2885 770 3029 829 adeo

410 864 474 923 in
505 863 632 926 ΜΘ.
667 863 765 921 88.
796 862 917 932 XV,
953 872 1009 934 2,
1048 872 1080 924 7
1091 875 1301 927 00-7
1315 874 1429 933 04;
1461 864 1688 939 reperi·
1747 866 1820 921 ut
1850 864 1964 922 viri
1998 861 2359 922 nobilissimi
2408 860 2593 919 vitam
2640 860 3029 918 monasticam

407 958 512 1013 tur
557 953 619 1010 in
664 954 794 1011 Act.
837 951 935 1011 SS.
972 961 1072 1014 25.
1103 952 1246 1011 Jun.
1279 952 1345 1024 V,
1384 962 1688 1016 97-103
1745 953 1941 1012 subeo
1965 951 2248 1028 amplecti
2266 949 2598 1028 gestierint.
2633 948 2827 1008 Habes
2866 948 3029 1007 illam

411 1041 633 1102 additis
684 1040 986 1099 miraculis
1036 1041 1171 1100 aliis
1216 1060 1323 1116 per
1372 1043 1690 1101 monachos
1746 1042 1905 1117 apud
1984 1041 2360 1101 Mabillon
2437 1040 2502 1097 in
2563 1036 2728 1097 Actis
2792 1038 2891 1097 SS.
2952 1038 3028 1109 II,

406 1130 830 1209 egmondanos,
912 1131 990 1190 ib.
1078 1140 1456 1200 104—109;
1534 1130 1693 1206 apud
1758 1140 2225 1200 1018—10303
2273 1129 2338 1199 V,
2376 1136 2756 1197 214—2263
2805 1127 2868 1185 in
2898 1127 3029 1190 Act.

407 1220 891 1295 Ghesquiere
923 1221 1050 1280 Act.
1085 1219 1182 1280 SS.
1216 1220 1413 1296 Belgii
1442 1219 1539 1290 VI,
1565 1230 1683 1283 661
1750 1219 1847 1282 SS.
1885 1229 1985 1282 25.
2019 1220 2172 1296 Aug.
2223 1219 2291 1288 V,
2330 1226 2711 1286 227—232;
2776 1217 3030 1293 Migne

412 1311 524 1368 etc.
559 1343 642 1354 --
674 1307 1049 1367 Letaldus
1092 1302 1473 1390 (Lethaldus)
1524 1309 1587 1371 Ο.
1637 1309 1692 1367 S.
1750 1308 2075 1378 CXXXVII,
2114 1318 2391 1371 49—68.
2430 1340 2507 1349 ——
2543 1307 2740 1364 Utho
2775 1306 3031 1365 Secundi

408 1400 556 1458 Ben.
586 1399 651 1457 in
682 1398 1042 1456 monasterio
1075 1398 1412 1457 miciacensi
1434 1395 1619 1481 (uici,
1637 1398 1691 1459 S.
1749 1398 2076 1457 Hermanni
2110 1396 2358 1455 Sueviae
2409 1395 2575 1454 ducis
2606 1414 2675 1453 ex
2707 1395 2890 1453 fratre
2921 1413 3028 1453 ne·

415 1482 681 1569 Mismin)
713 1505 895 1563 prope
929 1488 1333 1557 Aurelianum,
1357 1488 1511 1546 alius
1532 1487 1606 1545 ab
1626 1506 1693 1546 eo
1750 1506 1873 1563 pos,
1907 1486 2224 1562 episcopus
2255 1484 2758 1561 argentoratensis
2780 1480 3030 1564 (950-

409 1577 587 1653 cujus
639 1595 820 1652 supra
868 1594 924 1651 p.
979 1585 1098 1639 897
1155 1577 1552 1646 meminimus,
1603 1578 1696 1635 vir
1754 1572 1928 1656 965),
1950 1578 2130 1634 vitam
2148 1578 2351 1633 narrat
2369 1574 2629 1632 breviter
2647 1575 2709 1631 et
2727 1573 2869 1631 stilo
2888 1573 3032 1631 sim-

416 1666 738 1743 singularis
768 1665 1051 1723 scientiae
1082 1668 1143 1723 et
1164 1666 1381 1741 judicii
1412 1665 1621 1736 critici,
1655 1666 1694 1723 l.
1750 1665 1953 1740 plicis.
1969 1665 2287 1741 Arboqasti
2317 1662 2637 1721 decessoris
2659 1662 2754 1720 sui
2778 1655 2840 1742 (†
2864 1662 3031 1739 678),

413 1754 662 1831 reliquit
705 1756 775 1812 do
820 1755 1123 1814 miraculis
1169 1774 1215 1813 3.
1251 1755 1566 1814 Maximini
1604 1756 1692 1813 ab.
1752 1773 1932 1829 quam
1980 1754 2163 1812 babes
2214 1753 2278 1811 in
2323 1753 2452 1809 Act.
2501 1751 2598 1813 SS.
2649 1760 2747 1813 21.
2793 1750 2833 1807 J
2836 1750 2917 1810 ul.
2964 1749 3031 1819 V,

416 1843 785 1902 miciacensis
818 1846 880 1902 et
909 1843 1258 1902 confessoris
1281 1841 1346 1923 (†
1364 1837 1519 1924 520)
1537 1843 1695 1920 apud
1764 1852 1876 1905 177
1888 1851 2100 1905 -179
2192 1844 2252 1899 et
2327 1840 2485 1915 apud
2563 1837 3036 1898 Grandidier

416 1932 798 1991 Mabillon
830 1933 959 1993 Act.
992 1931 1089 1992 88.
1121 1933 1167 2003 I,
1205 1942 1573 2002 598-613;
1606 1933 1694 1995 ed.
1752 1932 1908 1990 Hist.
1970 1930 2043 1990 de
2105 1930 2336 2006 l'eglise
2374 1932 2437 1988 et
2487 1929 2589 1987 des
2646 1930 2901 2003 eveques
2962 1927 3034 1985 de

414 2039 549 2080 ven.
579 2022 624 2089 1,
661 2030 1030 2096 579—594,
1079 2039 1196 2096 quo
1241 2021 1305 2079 in
1349 2022 1389 2079 l.
1435 2021 1698 2080 breviter
1752 2019 1993 2082 Strasb..
2032 2020 2356 2095 Strasburg
2395 2027 2557 2081 1776
2580 2018 2626 2087 I,
2658 2018 2815 2075 inter
2832 2016 3034 2074 Pieces

414 2109 757 2170 monasterii
788 2109 1097 2169 historiam
1127 2110 1377 2187 attingit
1404 2128 1597 2185 usque
1623 2110 1695 2168 ad
1744 2110 1940 2185 justif.
1974 2105 2008 2175 ἓ
2049 2118 2158 2178 18;
2201 2107 2408 2184 Mign
2427 2126 2459 2166 e
2503 2106 2796 2176 CXXXIV,
2844 2116 3033 2169 1001-

413 2218 594 2258 suum
626 2202 880 2273 tempus,
914 2199 975 2256 et
994 2217 1064 2256 ex
1094 2202 1262 2275 parte
1294 2199 1475 2257 etiam
1506 2200 1695 2257 histo·
1764 2209 1948 2263 1008.

414 2288 567 2347 riam
627 2287 990 2356 dioeceseos3
1053 2288 1306 2364 Migne
1369 2288 1694 2358 CXXXVII,

416 2386 789 2441 795-824,
849 2376 1179 2434 Dolendum
1219 2377 1534 2435 Letaldum
1575 2397 1697 2435 am·
1848 2385 1992 2439 512.
2023 2376 2354 2434 Historiam
2383 2373 2787 2433 translationis
2830 2378 2882 2430 et
2925 2375 3035 2430 mi-

417 2465 664 2525 bitionis
698 2470 867 2525 aestu
899 2465 1213 2540 abreptum
1242 2466 1453 2524 turbas
1486 2466 1550 2524 in
1582 2466 1696 2525 Ro·
1754 2465 2089 2523 raculorum
2121 2483 2166 2527 s,
2200 2468 2236 2523 S
2255 2462 2591 2521 withuni
2623 2461 3035 2521 wintoniensis

415 2556 655 2615 bertum
689 2574 867 2614 suum
899 2554 1172 2613 abbatem
1193 2555 1466 2626 movisse,
1499 2555 1564 2614 in
1596 2573 1697 2614 cu-
1752 2573 1842 2630 ep.
1875 2547 1938 2636 (†
1962 2552 2115 2632 862)
2148 2552 2441 2612 scribendi
2477 2569 2693 2628 genere
2724 2551 3037 2626 perspicuo

407 2647 517 2721 jus
550 2647 745 2704 locum
779 2645 981 2703 subire
1013 2645 1348 2702 nitebatur:
1397 2645 1534 2703 hinc
1565 2664 1697 2721 gra·
1755 2647 1817 2701 et
1891 2643 2162 2718 expedito
2249 2641 2431 2701 refert
2504 2639 3035 2700 Lanthfredus

420 2735 574 2793 viter
590 2734 989 2811 reprehensus
1007 2734 1121 2792 fuit
1144 2734 1217 2791 ab
1239 2734 1484 2792 Abbone
1503 2734 1697 2793 floria·
1755 2727 2146 2814 (Lamfridus)
2168 2732 2384 2807 anglus
2409 2730 2730 2789 monachus
2748 2729 2811 2790 O.
2827 2729 3036 2790 S.Ben.

414 2823 582 2882 censi
616 2841 723 2882 suo
738 2823 1006 2898 alioquin
1026 2823 1230 2881 amico.
1264 2822 1515 2880 Secessit
1533 2825 1695 2897 post-
1756 2821 1819 2879 in
1839 2821 2026 2878 veteri
2048 2821 2328 2878 coenobio
2347 2818 2727 2877 wintoniensi
2749 2836 2795 2880 c.
2816 2836 2864 2878 a.
2890 2828 3034 2887 980,

415 2912 662 2971 modum
707 2913 769 2970 in
818 2911 1243 2970 monasterium
1274 2930 1698 2970 cenomanense
1754 2910 1828 2967 ab
1860 2909 2170 2967 excellenti
2202 2908 2473 2967 doctrina
2505 2908 2743 2976 ,Doctor
2772 2905 3037 2964 eximius‘

414 3021 475 3077 p.
525 3021 574 3063 a.
623 3011 770 3070 996,
823 3019 941 3076 quo
994 3001 1360 3059 occasionem
1423 3000 1700 3075 praebuit
1755 2998 2108 3074 appellatus,
2157 2998 2349 3055 omnis
2390 2995 2773 3071 perfectionis
2806 2994 3037 3054 studio-

419 3089 1437 3166 distinguendiduoshagiographos
1451 3089 1695 3158 Letaldi,
1757 3105 1876 3144 sus.
1924 3086 2121 3144 Habes
2143 3086 2499 3161 opusculum
2519 3103 2637 3144 non
2669 3101 2872 3141 carens
2903 3103 3036 3159 pre-

418 3180 676 3250 nomine,
709 3179 895 3237 alium
914 3180 1283 3247 miacensem,
1317 3177 1502 3236 alium
1523 3196 1696 3236 ceno-
1755 3176 1841 3234 tio
1875 3175 1939 3232 in
1971 3176 2141 3236 Anal.
2174 3174 2313 3235 boll.
2356 3183 2519 3236 1885
2554 3172 2652 3243 IV,
2690 3182 2812 3235 367
2823 3183 3033 3236 ——410

414 3287 664 3326 manum
696 3268 817 3326 fere
864 3269 1157 3342 aequales.
1223 3267 1474 3341 Scripsit
1505 3268 1596 3325 vel
1630 3285 1698 3324 ex
1757 3265 1887 3324 coll.
1919 3267 2047 3328 Act.
2083 3263 2181 3322 SS.
2201 3263 2325 3322 Jul.
2353 3274 2407 3333 1,
2446 3271 2827 3331 331-—3373
2860 3261 3038 3320 mira-

419 3357 654 3433 integro
686 3357 807 3415 fere
839 3356 1179 3415 reformavit
1198 3359 1506 3432 praeterea
1524 3358 1701 3414 vitam
1755 3354 1887 3412 cula
1906 3353 2057 3412 forte
2076 3353 2365 3428 quaedam
2387 3354 2590 3427 postea
2608 3350 2835 3426 adjecta
2853 3351 3038 3409 fuere.

417 3466 465 3503 3.
497 3446 732 3504 Juliani
775 3465 865 3521 ep.
914 3445 1379 3504 Cenomanorum
1430 3445 1696 3519 apostoli,
1755 3477 1842 3486 —
1894 3442 2187 3502 Swithuni
2247 3442 2432 3500 vitam
2493 3440 2737 3498 metrice
2783 3439 3040 3498 celebrat

417 3535 482 3593 in
514 3536 643 3594 Act.
676 3535 773 3594 SS.
810 3545 911 3596 27.
946 3535 1080 3592 Jan.
1111 3535 1187 3604 11,
1224 3541 1697 3596 762-767,--
1757 3531 2207 3590 Wolstanus
2252 3525 2606 3613 (Wulfstan)
2671 3529 2734 3586 O.
2788 3529 2840 3588 S.
2891 3529 3037 3589 Ben.

420 3624 648 3683 Delatio
691 3626 954 3697 corporis
982 3643 1027 3686 3.
1058 3623 1313 3681 Juniam·
1357 3622 1448 3683 ab.
1492 3623 1697 3680 maria·
1755 3620 2162 3679 wintoniensis
2194 3615 2278 3701 (fl.
2311 3637 2358 3677 c.
2391 3639 2441 3677 a.
2479 3614 2634 3696 990)
2680 3617 2842 3691 apud
2885 3618 3038 3675 Ma·

419 3713 611 3772 censis
642 3713 707 3770 in
739 3712 1091 3787 pictaviensi
1122 3711 1427 3786 provincia
1459 3709 1520 3788 (†
1546 3706 1696 3791 587)
1756 3709 2015 3768 billon
2061 3712 2187 3766 Act.
2223 3709 2319 3768 SS.
2353 3708 2420 3777 V,
2472 3715 2819 3769 628-635
2872 3708 2934 3763 et
2977 3707 3040 3763 in

412 3802 483 3860 in
500 3802 792 3877 synodum
814 3802 1216 3859 karrofensem
1239 3818 1286 3859 c.
1309 3821 1358 3857 a.
1382 3810 1506 3863 988
1542 3800 1698 3876 apud
1757 3798 1921 3855 Actis
1954 3796 2049 3855 SS.
2092 3809 2114 3860 1
2159 3799 2311 3873 Aug.
2352 3808 2404 3865 1,
2443 3806 2767 3866 98—100,
2807 3795 2914 3853 ubi
2945 3814 3040 3853 re-

419 3891 801 3949 Mabillon
867 3890 965 3956 IV,
1036 3901 1088 3960 1,
1155 3899 1301 3952 434.
1366 3890 1523 3947 Haec
1582 3889 1701 3947 tria
1756 3888 1948 3962 peries
1981 3887 2159 3944 etiam
2191 3906 2247 3961 p.
2272 3895 2530 3948 88-98
2567 3886 2742 3942 vitam
2771 3903 2816 3942 3.
2851 3884 3038 3942 Ethel-

412 3980 642 4055 scripta
687 3980 865 4038 habet
897 3978 1146 4054 Migne
1180 3977 1505 4047 CXXXVII,
1545 3986 1698 4040 781-
1755 3976 1925 4034 woldi
1941 3970 1984 4057 ¹)
2047 3994 2137 4050 ep.
2202 3973 2613 4032 wintoniensis
2690 3992 2758 4031 ex
2821 3973 3035 4031 abbate

421 4077 579 4131 826:
613 4068 939 4127 laudantur
956 4088 990 4126 a
1002 4067 1253 4142 judicio,
1286 4067 1511 4135 ordine,
1527 4085 1696 4124 accu-
1757 4063 2181 4123 abendoniensi
2235 4060 2295 4141 (†
2349 4056 2503 4143 984)
2562 4065 2623 4120 et
2672 4061 2737 4119 in
2786 4061 3038 4137 Migne

417 4151 733 4238 ratione2).
770 4190 848 4200 —
898 4157 1091 4214 Vitam
1123 4156 1573 4231 &Huneyundis
1597 4156 1699 4213 ab·
1759 4155 1818 4211 P.
1851 4154 1912 4213 L.
1951 4151 2276 4221 CXXXVII,
2335 4159 2676 4213 181—214
2726 4169 2857 4207 cum
2905 4150 3038 4225 qui·

416 4246 680 4305 batissae
731 4245 1200 4305 Humolariensis
1252 4239 1312 4326 (†
1348 4240 1501 4324 690)
1566 4262 1698 4301 cum
1756 4241 2009 4301 busdam
2043 4241 2333 4300 Wolstani
2367 4239 2742 4298 carminibus

418 4333 668 4393 historia
699 4334 1107 4394 translationis
1156 4336 1218 4391 et
1246 4333 1548 4392 miraculis
1598 4332 1700 4391 de·

420 4424 657 4500 scripsit
700 4426 1086 4483 Bernerus
1139 4419 1510 4501 (Wernerus)
1545 4423 1609 4484 O.
1645 4421 1699 4485 S.

1759 4502 2295 4655 Etsseggbfflbgrat·
2312 4499 2427 4626 aIIIiIa:
2477 4506 2775 4625 &ebir-1513
2814 4499 3040 4624 egigni

495 4651 537 4790 ἔξ
565 4647 646 4773 ἓξ·
674 4648 1393 4776 {133352510522‘34537-
1436 4718 1480 4770 B
1498 4735 1572 4771 r.
1588 4737 1626 4771 u
1643 4736 1702 4771 n-
1759 4644 2813 4770 tissa&{2b33¹.<?.⁹3{>;035231¹
2850 4642 3044 4766 &5335

418 4810 475 4845 m
493 4797 527 4844 a
545 4791 567 4845 1
586 4759 693 4845 ler
718 4760 831 4846 ml.
860 4759 983 4854 vn,
1017 4760 1166 4846 1'851.
1384 4761 1395 4779 '
1761 4759 1920 4841 stein
1948 4789 2016 4842 de
2045 4787 2356 4857 Abingdon
2385 4789 2423 4840 t.
2452 4787 2519 4840 Π.
2548 4786 2795 4855 append.
2829 4793 2874 4839 1.
