3505 5161
555 227 675 283 355
1288 215 1588 264 431—500.
1617 207 1669 261 S.
1700 208 1903 277 Cyrilli
1929 211 2072 264 alex.
2100 208 2425 277 dogmatica
3040 225 3163 279 356

550 395 829 479 (Migne
877 397 959 461 ib.
1014 404 1445 460 1369—1412
1496 416 1711 474 magna
1761 416 1830 456 ex
1888 398 2144 474 quadam
2190 400 2315 455 arte
2347 394 2613 454 Nestorii
2656 412 2883 452 errores
2921 394 3167 471 jugula-

547 491 716 564 parte
747 485 988 546 nonnisi
1008 480 1235 565 latine),
1270 485 1333 543 in
1364 486 1586 561 quibus
1621 506 1655 544 a
1687 486 1829 545 sim·
1884 489 2068 547 verat.
2132 486 2246 544 Eos
2284 484 2548 561 synodus
2581 483 2864 560 ephesina
2895 500 3168 558 suscepe-

547 576 796 653 plicium
828 570 1222 634 terminorum
1268 574 1675 650 explicatione,
1723 576 1829 652 qui
1887 579 2009 635 rat:
2059 576 2161 635 sed
2211 594 2345 633 cum
2381 573 2604 649 partim
2638 572 2712 631 ob
2746 572 2937 647 ipsam
2968 573 3167 631 brevi-

549 668 869 724 occurrunt
899 664 964 723 in
994 664 1103 723 hoc
1148 663 1450 740 mysteriO,
1503 664 1828 736 exorditur,
1883 668 2069 725 tatem
2113 663 2421 723 nonnullis
2468 662 2625 720 haud
2671 662 2817 720 satis
2866 662 3168 737 perspicui

549 754 688 813 dein
718 753 937 812 transit
967 754 1040 812 ad
1072 752 1529 829 propositiones,
1582 772 1734 830 quae
1766 754 1831 812 in
1887 755 2251 828 viderentur,
2289 751 2505 828 partim
2540 751 2613 809 ab
2644 750 2998 809 adversariis
3017 752 3167 808 tam·

548 843 658 901 hoc
690 845 1014 901 occurrunt
1045 844 1411 918 argumente,
1460 842 1697 901 demum
1730 862 1830 902 eos
1886 862 2067 919 quam
2099 841 2380 900 haeretici
2412 839 2878 909 diffamarentur,
2920 858 2966 897 s.
3000 857 3168 914 prae-

549 932 790 1002 refellit,
827 931 932 1006 qui
953 931 1339 1001 contendunt,
1375 931 1661 990 humanas
1693 951 1830 1007 pro·
1888 934 1983 992 sul
2035 932 2100 991 in
2151 949 2379 990 carcere
2430 929 2817 1000 constitutuS,
2871 932 2943 987 ut
2991 946 3171 1003 supra

548 1021 832 1097 prietates
867 1022 985 1079 Deo
1020 1021 1145 1079 sola
1175 1020 1479 1091 relatione,
1527 1039 1647 1079 non
1691 1039 1831 1079 vero
1885 1020 2258 1081 narravimus
2290 1041 2346 1096 p.
2372 1028 2515 1089 352,
2550 1017 2779 1095 synodo
2800 1019 3043 1094 petente
3069 1035 3169 1075 eos
3270 1044 3294 1060 -

550 1109 863 1168 convenire
925 1110 1156 1168 unitate
1218 1126 1516 1184 personae.
1568 1143 1654 1155 --
1701 1110 1832 1169 Huc
1887 1110 2134 1170 uberius
2167 1110 2426 1168 declarat
2457 1103 2737 1189 (Migne
2774 1102 3168 1184 293—312).

549 1198 762 1257 deinde
812 1200 1147 1274 pertinent:
1211 1199 1273 1257 L.
1326 1197 1499 1273 plane
1550 1199 1830 1276 egregius
1889 1235 1973 1243 —-—
2006 1200 2407 1277 Apoloqeticus
2429 1214 2546 1270 pro
2577 1196 2717 1255 XII
2740 1197 3030 1270 capitibus
3065 1195 3169 1254 ad-

547 1292 1044 1372 προσφωνητικὸς
1075 1288 1207 1370 περὶ
1237 1298 1346 1373 τῆς
1364 1282 1566 1371 ὀρθῆς
1584 1292 1834 1358 πίστεως
1889 1307 2097 1347 versus
2128 1288 2446 1347 orientales
2479 1287 2783 1361 episcopos
2815 1281 2918 1367 (ib.
2953 1295 3169 1348 315—-

550 1377 618 1434 de
648 1384 800 1435 recta
832 1379 893 1435 in
931 1377 1002 1439 D.
1033 1376 1106 1439 N.
1139 1377 1196 1433 J.
1236 1370 1526 1435 Christum
1553 1376 1726 1455 fidel)
1761 1378 1832 1434 ad
1893 1372 2061 1459 386),
2109 1395 2363 1452 quorum
2402 1375 2640 1434 nomine
2680 1374 3027 1434 Andreas
3074 1393 3168 1432 sa-

550 1465 943 1524 Theodosium
1007 1466 1147 1540 imp.
1211 1460 1487 1545 (LXXVI,
1577 1477 1833 1531 1133-—
1888 1469 2230 1525 mosatenus
2252 1466 2358 1524 illa
2377 1465 2863 1541 impugnaverat;
2894 1463 2935 1521 l.
2968 1470 3170 1522 contra

559 1554 779 1631 1200);
827 1557 887 1612 et
933 1554 1072 1612 libri
1102 1555 1160 1613 ΙΙ
1199 1553 1404 1613 eodem
1434 1558 1703 1631 tempore
1736 1574 1831 1613 ea·
1901 1556 2311 1614 Theodoretum
2341 1573 2449 1630 pro
2472 1553 2579 1612 XII
2612 1552 2890 1629 capitulis
2923 1550 3169 1631 (386-
3282 1631 3287 1635 .

551 1643 803 1719 demque
823 1645 1126 1702 occasione
1148 1643 1271 1704 scil.
1293 1643 1555 1702 Nestorii
1579 1645 1833 1703 haeresis
1892 1640 2047 1726 452)
2080 1646 2142 1703 et
2160 1643 2401 1702 demum
2432 1644 2468 1700 l.
2488 1642 2869 1721 apoloyeticm
2887 1641 2962 1699 ad
2982 1642 3168 1699 Theo-

550 1727 960 1815 (429—430)
1010 1732 1331 1807 conscripti
1393 1734 1463 1790 de
1518 1741 1674 1791 recta
1720 1734 1834 1806 fide
1889 1734 2125 1792 dosium
2164 1732 2307 1807 imp.
2342 1726 2766 1813 (453—488).
2797 1763 2886 1774 ——-
2918 1731 3172 1806 Scripsit

550 1821 624 1879 ad
655 1821 895 1898 reginas
928 1821 1031 1897 (ib.
1061 1818 1542 1904 1202—1420).
1580 1857 1658 1866 -
1695 1823 1831 1881 Dia·
1888 1823 2137 1898 insuper
2166 1812 2242 1880 tr.
2263 1820 2320 1879 11
2342 1828 2544 1880 contra
2563 1820 3172 1896 anthropomorphitas

552 1911 726 1986 logus
771 1910 1110 1986 praeclarus
1157 1927 1293 1968 cum
1324 1910 1564 1969 Hermia
1610 1912 1830 1970 amico:
1889 1906 2405 1993 (1065—1132)‚
2469 1910 2650 1969 etiam
2710 1928 2744 1968 a
2800 1910 2990 1967 Puse
3005 1928 3047 1984 y
3108 1911 3169 1966 in

550 1994 639 2062 ὅτι
673 1995 754 2069 εἷς
786 1994 819 2060 ὁ
856 1996 1132 2082 Χριστὸς,
1166 1998 1324 2073 quod
1361 2018 1520 2058 unus
1551 2000 1633 2058 sit
1666 2001 1829 2059 Chri·
1889 2020 2060 2059 suam
2090 2000 2179 2063 ed.
2210 1998 2764 2059 commentariorum
2797 1998 2860 2056 in
2879 1998 3170 2057 Joannem

553 2090 683 2146 stus
717 2085 824 2169 (ib.
867 2084 1349 2166 1253—1362).
1389 2122 1468 2132 ——
1504 2083 1685 2152 Κατὰ
1718 2100 1832 2153 τῶν
1887 2092 2154 2164 receptos
2188 2088 2397 2148 Oxonii
2439 2098 2601 2152 1872
2639 2088 2745 2157 111,
2801 2096 3169 2150 476—607.

551 2170 613 2237 N
618 2171 889 2259 εστοριόυ
923 2175 1268 2261 δυσφημιῶν
1300 2178 1697 2259 πεντάβιβλος
1727 2175 1831 2243 ἆν-
1888 2179 2011 2238 Hoc
2042 2182 2246 2237 tamen
2279 2196 2431 2254 opus
2465 2178 2676 2236 saltem
2728 2195 2799 2234 ex
2845 2180 3014 2251 parte
3060 2176 3169 2233 du-

552 2260 832 2350 τὶῤῥησις,
867 2267 1140 2324 adversus
1161 2266 1418 2325 Nestorii
1450 2266 1833 2341 blasphemias
1888 2267 2055 2326 bium
2069 2267 3168 2343 est.Supersuntaliorumoperumpo-

549 2354 607 2413 ll.
653 2354 710 2411 V
732 2349 836 2434 (ib.
869 2353 1118 2426 LXXVI,
1157 2355 1462 2433 9—248),
1511 2374 1661 2432 opus
1707 2356 1827 2415 exi·
1887 2357 2232 2416 lemioorum
2265 2357 2591 2433 fragmenta
2622 2354 3168 2437 (MigneLXXVL

548 2442 753 2513 mium,
787 2443 851 2501 in
883 2445 1053 2519 cujus
1086 2444 1124 2503 l.
1154 2456 1203 2506 1.
1254 2436 1538 2520 Deiparae
1570 2445 1830 2521 appella·
1893 2441 2377 2527 1423—1454),
2411 2446 2530 2504 alia
2547 2445 2790 2521 penitus
2810 2443 3061 2519 periisse
3082 2443 3168 2500 vi-

549 2532 774 2592 tionem
804 2532 1093 2592 catholico
1128 2551 1310 2592 sensu
1354 2535 1608 2611 exponit
1651 2536 1833 2610 atque
1888 2536 2123 2594 dentur.

547 2624 771 2692 tuetur,
806 2622 968 2698 quod
987 2622 1144 2681 idem
1167 2625 1427 2698 praestat
1457 2624 1522 2682 in
1554 2625 1831 2700 apposito

548 2710 754 2770 libello
785 2713 943 2773 κατὰ
989 2722 1102 2775 τῶν
1144 2716 1228 2798 μὴ
1263 2713 1650 2795 βουλομένων
1682 2708 1828 2796 ὁμο·
1985 2724 2125 2775 196.
2159 2714 2294 2773 Non
2326 2715 2519 2772 solum
2565 2715 2846 2772 strenuus
2890 2711 3028 2770 fidei
3075 2728 3167 2770 ea-

549 2800 747 2880 λογεῖν
780 2797 1076 2863 Θεοτόκον
1131 2805 1237 2886 τὴν
1286 2797 1462 2880 ἆγιὰν
1505 2804 1830 2884 πάρθενον,
1887 2802 2141 2862 tholicae
2173 2803 2488 2879 apologeta
2518 2805 2648 2861 erat
2680 2821 2724 2860 s.
2758 2801 3032 2879 Cyrinus,
3067 2800 3168 2858 sed

546 2889 825 2947 adversus
855 2908 965 2965 eos,
1003 2891 1103 2965 qui
1132 2909 1208 2947 ss,
1244 2889 1534 2967 Viryinem
1567 2892 1829 2949 nolebant
1886 2894 1949 2950 et
1997 2891 2255 2968 insignis
2317 2893 2674 2967 exegeta,
2739 2893 2811 2949 ut
2870 2892 3171 2949 testantur

548 2979 806 3052 confiteri
849 2978 1205 3058 Deiparam,
1276 2998 1455 3054 quem
1510 2980 1634 3054 jam
1686 2980 1828 3037 olim
1887 2999 2063 3056 opera
2082 2981 2256 3055 plane
2276 2981 2532 3057 egregia,
2571 2998 2722 3053 quae
2748 2979 2939 3037 adhuc
2960 2997 3167 3054 super·

546 3065 929 3125 Justinianus
989 3068 1129 3142 imp.
1180 3066 1245 3126 in
1295 3087 1384 3143 ep.
1447 3069 1521 3126 ad
1570 3069 1831 3145 Aegypti
1888 3075 2059 3128 sunt:
2100 3069 2261 3127 Libri
2295 3069 2459 3128 XVII
2490 3070 2622 3150 περὶ
2655 3080 2760 3155 τῆς
2791 3065 2853 3130 ἐν
2887 3070 3170 3151 πνευματι

547 3156 862 3214 monachos
913 3155 1136 3225 laudat,
1202 3157 1580 3231 primumque
1642 3157 1832 3216 edidit
1886 3160 1990 3220 καὶ
2010 3154 2265 3240 ἁλεθεία
2285 3163 2750 3242 προσκυνήσεως
2769 3158 2871 3219 ’καὶ
2892 3159 3170 3236 λατρείας

547 3243 691 3302 Mai
741 3244 806 3302 in
857 3245 975 3302 Scr.
1021 3247 1137 3303 vet.
1185 3263 1338 3304 nova
1382 3246 1512 3304 coll.
1558 3246 1713 3316 VIII,
1774 3256 1827 3315 2,
1885 3249 2378 3306 deadorationeet
2404 3249 2564 3307 calta
2594 3249 2658 3305 in
2688 3249 2906 3322 spiritu
2936 3255 2990 3305 et
3020 3248 3164 3304 veri-

557 3342 893 3395 108—-131
923 3333 1207 3409 (Migne
1232 3333 1624 3410 256—292).
1657 3335 1830 3410 Ejus·
1886 3343 1997 3394 tate
2027 3335 2090 3394 in
2122 3337 2310 3395 forma
2339 3337 2578 3415 dialogi,
2613 3337 2678 3395 in
2712 3337 2934 3410 quibus
2968 3339 3167 3395 osten-

547 3421 682 3478 dem
702 3421 1041 3497 argumenti
1061 3424 1154 3479 est
1181 3422 1378 3481 brevis
1403 3423 1673 3500 dialogus
1695 3442 1830 3482 cum
1886 3425 1993 3494 dit,
2047 3443 2164 3500 qua
2207 3427 2437 3484 ratione
2485 3429 2658 3485 vetus
2704 3427 2799 3484 lex
2845 3445 2880 3483 a
2923 3425 3167 3484 Judaeis

546 3509 824 3567 Nestorio
857 3510 926 3566 de
956 3528 1033 3568 ss.
1084 3509 1313 3586 Viryine
1358 3511 1624 3587 Deipara
1670 3513 1829 3588 pari·
1887 3514 2214 3572 seeundum
2255 3532 2486 3573 earnem
2533 3516 2847 3574 observata
2897 3534 2930 3572 a
2978 3515 3166 3584 nobis,

545 3599 638 3655 ter
676 3616 721 3658 s,
755 3597 959 3672 Cyrilli
1002 3617 1144 3673 prae
1191 3617 1252 3657 se
1297 3599 1489 3658 ferens
1536 3620 1751 3659 nomen
1797 3622 1831 3659 a
1887 3602 1990 3677 qui
2039 3621 2245 3661 sumus
2277 3604 2461 3663 Israel
2508 3604 2836 3662 secundum
2871 3603 3165 3680 spiritum,

546 3685 692 3743 Mai
723 3687 801 3745 ib.
834 3706 891 3762 p.
922 3695 1262 3751 132—-135
1300 3684 1576 3769 (Migne
1612 3699 1830 3752 249-
1887 3690 2285 3768 spiritualiter
2315 3694 2397 3751 sit
2426 3693 2806 3762 observanda,
2841 3692 2980 3751 hine
3008 3693 3166 3769 typi-

550 3771 700 3857 256)
735 3774 953 3836 edituS.
990 3810 1068 3818 —
1105 3770 1412 3848 Ἐπίλυσις
1444 3789 1558 3841 τῶν
1591 3778 1830 3842 δώδεκα
1886 3799 2013 3839 cam
2034 3781 2523 3858 significationem
2544 3781 2996 3840 institutionum
3018 3781 3167 3858 legis

543 3865 911 3948 κεφαλαίων,
933 3867 1264 3940 explanatio
1279 3866 1417 3925 XII
1428 3870 1682 3943 capitum
1704 3869 1829 3927 sive
1885 3870 2106 3928 veteris
2139 3871 2517 3945 persequitur
2548 3889 2670 3929 non
2694 3871 2870 3945 juxta
2900 3871 3166 3930 ordinem

545 3954 1196 4025 anathematismorum,
1260 3956 1482 4031 quibus
1546 3957 1825 4015 brevissi·
1886 3958 2217 4033 seriemque
2248 3979 2447 4018 rerum
2480 3963 2804 4037 gestarum,
2852 3960 2957 4018 sed
2995 3962 3169 4036 juxta

546 4061 707 4099 mum
755 4042 893 4100 fidei
937 4044 1258 4103 catholicae
1305 4045 1377 4103 de
1426 4046 1829 4105 incarnatione
1884 4051 2215 4124 praecepta,
2251 4067 2401 4122 quae
2433 4049 2507 4108 ad
2538 4049 2736 4123 capita
2763 4050 3053 4124 quaedam
3075 4068 3166 4107 re·

544 4132 956 4207 compendium
991 4133 1340 4191 exhibuerat
1389 4137 1451 4192 et
1494 4135 1828 4194 admirabili
1884 4139 2058 4195 vocat
2097 4137 2376 4213 (Migne
2424 4137 2677 4209 LXVIII,
2731 4134 3168 4220 133—1126).

1885 4225 2114 4284 Horum
2147 4226 2628 4301 supplementum
2679 4231 2825 4285 sunt
2872 4224 2917 4287 Γ
2923 4230 3168 4310 λαφυρὰ

625 4341 659 4405 ι)
688 4337 865 4392 Aliud
883 4355 925 4390 S,
941 4337 1189 4391 doctoris
1207 4340 1545 4406 opusculum
1557 4340 1829 4409 perbreve
1886 4333 1992 4372 seu
2024 4317 2445 4374 commentaria
2476 4315 2626 4374 scita
2645 4318 2705 4373 et
2725 4316 3091 4393 elegantiora
3106 4319 3167 4375 in

544 4405 887 4478 inscriptum
912 4411 975 4462 de
999 4413 1369 4463 incarnatione
1407 4414 1558 4464 Verbi
1577 4414 1680 4464 Dei
1707 4414 1834 4465 Filii
1888 4403 2010 4462 loca
2028 4404 2245 4461 selecta
2265 4404 2674 4473 Pentateuchi,
2713 4406 2951 4479 quaein
2985 4406 3168 4481 priori

545 4482 729 4532 Patri&
755 4482 942 4533 exstat
968 4479 1029 4532 in
1058 4481 1218 4533 Actis
1245 4497 1398 4535 00110.
1426 4482 1555 4551 eph.
1584 4482 1830 4552 (Mansi
1885 4510 1977 4566 op·
2011 4493 2283 4550 consulto
2316 4493 2614 4568 omiserat,
2650 4494 2709 4551 11
2744 4494 2903 4564 XIII,
2937 4495 3003 4552 in
3035 4496 3168 4569 qui-

544 4548 612 4612 V,
665 4552 961 4622 169—176)
1008 4553 1065 4604 et
1107 4567 1175 4604 ex
1219 4554 1381 4620 parte
1426 4553 1627 4606 saltem
1680 4557 1831 4607 inter
2064 4582 2075 4592 ·
2398 4583 2409 4594 ·
2668 4583 2680 4593 ·
3021 4584 3032 4595 ·

544 4622 599 4674 S.
630 4625 818 4689 Cyrssli
854 4625 922 4676 οῖ.
962 4632 1008 4675 et
1033 4626 1260 4676 ιΙοαηηιέ
1291 4627 1612 4678 Damascena·
1651 4631 1827 4692 Arqu-
1886 4669 1897 4680 .
2213 4669 2223 4682 .

547 4702 718 4744 menta
759 4694 958 4746 eontra
1003 4693 1389 4756 Nestorian08‚
1436 4697 1731 4765 Augustae
1761 4696 1828 4748 V.
1884 4669 2150 4728 sslustmt
2182 4666 2284 4751 (ὼ-
2317 4671 2515 4746 LXIX)
2543 4667 2846 4751 9·“··6Ή“3)·
2880 4705 2965 4714 -“·
3000 4673 3167 4731 com·

552 4768 681 4818 1611
708 4782 762 4831 p.
785 4769 1028 4822 9:3-952
1057 4763 1108 4815 M
1130 4764 1304 4831 igne
1332 4765 1550 4828 LXXV,
1582 4772 1829 4822 1413-20.
1884 4758 2212 4816 mentarius
2260 4762 2321 4817 in
2369 4759 2593 4818 Isaiam
2631 4761 2975 4835 prophetam
3023 4761 3085 4818 ll.
3119 4761 3170 4820 V
