3505 5161
512 212 590 266 83
1377 199 1677 248 201—300.
1705 191 1758 245 S.
1786 189 2095 259 Dionysius
2120 189 2266 243 alex.
3057 203 3138 259 84

507 379 705 455 clesia,
740 399 919 456 quam
964 377 1300 437 illustravit
1330 378 1677 437 Alexand
1697 378 1793 435 ri·
1851 376 2068 436 atomis
2100 377 2300 435 omnia
2350 374 2788 437 adscribebant.
2849 373 2967 432 Eos
3000 389 3136 432 cona

509 486 671 544 nus‚
736 470 810 527 ob
872 470 1038 543 gesta
1086 470 1147 526 et
1197 466 1408 526 merita
1452 467 1718 526 illustria
1759 485 1796 524 a
1850 466 2009 524 futat
2068 484 2138 525 ex
2201 465 2411 523 ordine
2472 463 2874 540 pulcherrimo
2924 462 3136 520 mundi

510 577 555 620 s.
587 558 809 617 Basilio
849 558 1099 632 aliisque
1142 556 1483 632 Magnae,
1532 556 1607 616 ob
1654 557 1795 615 doc·
1851 555 2164 630 ipsiusque
2196 554 2454 613 hominis
2473 556 2705 613 natura.
2737 551 2818 614 Of.
2842 552 2907 613 G.
2939 551 3140 609 Roch

510 648 730 706 trinam
776 667 812 705 a
841 665 884 705 s.
918 646 1242 705 Athanasio
1292 646 1652 714 ,catholicae
1683 645 1795 703 Ec·
1852 644 1958 703 Die
1993 643 2211 702 Schrift
2256 644 2362 702 des
2395 643 2540 704 alex.
2575 643 2641 699 B.
2673 641 3003 717 Dionysius
3036 639 3139 698 des

509 737 721 795 clesiae
752 735 1098 813 magister‘.
1134 754 1168 792 a
1198 734 1412 793 Rufino
1445 733 1794 805 ,nobilissi-
1851 733 1947 795 Gr.
2012 732 2202 791 Ueber
2245 733 2343 790 die
2375 733 2588 800 Natur,
2637 730 2769 788 eine
2817 729 3140 792 altchristl.

507 844 642 884 mus
672 828 958 903 patrum‘
994 824 1193 883 dictus
1227 827 1334 888 est.
1396 826 1467 883 In
1499 827 1796 899 martyro·
1850 822 2314 899 Wiederlegung
2328 821 2433 879 der
2456 819 2784 878 Atomistik
2798 818 3140 877 Demokrits

506 915 669 991 logio
698 932 940 972 romano
972 912 1045 970 ad
1085 924 1181 975 17.
1216 914 1362 971 Nov.
1411 913 1795 989 praedicatur
1852 911 1976 970 und
1996 911 2273 987 EpikurS,
2308 910 2549 985 Leipzig
2577 918 2761 972 1882.
2792 941 2881 950 --
2911 906 3077 965 Libri
3102 916 3137 968 2

509 1021 815 1072 ,summae
864 1001 1217 1061 eruditionis
1271 1003 1385 1071 vir,
1437 1003 1540 1077 qui
1588 1002 1796 1060 multis
1851 1003 1984 1083 περὶ
2049 998 2417 1079 ἐπαγγελιῶν
2491 1000 2560 1056 de
2626 996 3140 1073 promissionibus.

509 1092 974 1152 confessionibus
1007 1091 1206 1149 clarus
1239 1094 1302 1149 et
1321 1110 1428 1165 pro
1457 1092 1793 1167 passionum
1852 1089 2099 1148 Causa-n
2123 1088 2442 1156 scribendi,
2464 1090 2671 1146 narrat
2688 1086 2987 1145 Eusebius
3007 1085 3137 1143 VH.

506 1185 1062 1255 tormentorumque
1076 1179 1418 1238 diversitate
1439 1179 1796 1256 magnificus
1856 1187 1957 1248 24,
1992 1179 2270 1254 praebuit
2313 1177 2567 1251 Nepos
2610 1175 2874 1251 quidam,
2908 1175 3136 1249 episco-

507 1272 724 1347 plenus
757 1270 986 1328 dierum
1018 1269 1318 1327 confessor
1353 1269 1589 1344 quievit
1621 1268 1795 1326 Vale—
1851 1284 1965 1342 pus
1977 1268 2235 1344 Aegypti
2250 1261 2478 1347 1)‚,qui
2490 1264 3144 1341 promissionessanctis

508 1360 664 1418 riani
725 1361 788 1417 et
850 1359 1103 1417 Gallieni
1164 1358 1307 1433 imp.
1361 1358 1792 1433 temporibus<
1855 1356 2199 1415 hominibus
2231 1355 2416 1414 factas
2463 1355 2527 1412 in
2559 1353 2783 1412 divinis
2815 1352 3140 1411 volumini-

512 1449 705 1507 Natus
755 1451 848 1506 est
896 1447 1288 1506 Alexandriae
1336 1448 1643 1506 nobilibus
1692 1466 1798 1522 pa—
1854 1446 1967 1504 bus
1993 1446 2235 1520 judaico
2269 1462 2449 1503 sensu
2481 1442 2840 1502 exhibendas
2891 1440 3146 1499 docebat

508 1538 783 1597 rentibus
805 1537 960 1595 circa
979 1557 1029 1598 a.
1058 1546 1176 1599 190
1211 1535 1354 1594 etin
1375 1536 1798 1613 superstitione
1855 1538 1917 1592 et
1947 1535 2144 1592 nescio
2176 1536 2326 1609 quot
2355 1534 2522 1591 mille
2553 1550 2846 1591 annorum
2879 1530 3142 1607 spatium

512 1626 747 1685 ethnica
808 1626 1142 1687 institutus,
1207 1625 1299 1683 Ad
1361 1626 1537 1684 fidem
1585 1625 1799 1683 Christi
1856 1623 2263 1698 corporalibus
2308 1621 2596 1680 refertum
2644 1620 2875 1679 deliciis
2922 1620 2988 1676 in
3034 1619 3143 1677 hac

511 1734 826 1774 conversus
857 1733 998 1773 cura
1030 1713 1317 1790 Origenis‚
1368 1716 1499 1789 ejus
1545 1714 1798 1789 insignis
1853 1715 2015 1770 terra
2044 1712 2168 1770 fore
2199 1710 2545 1769 affirmabat.
2580 1709 2844 1785 Cumque
2867 1728 2937 1767 ex
2956 1707 2996 1764 J
2998 1727 3142 1766 oan-

514 1805 634 1863 fuit
695 1804 1040 1879 discipulus,
1122 1803 1414 1861 Omnibus
1478 1803 1800 1861 honoribus
1855 1802 1948 1859 nis
1981 1801 2342 1876 Apocalypsi
2383 1799 2722 1874 opinionem
2756 1816 2924 1857 suam
2958 1796 3143 1855 stabi·

510 1893 979 1967 muneribusque
994 1893 1387 1966 renunciavit,
1409 1911 1528 1967 quo
1548 1892 1800 1950 liberius
1854 1891 1964 1947 lire
1995 1908 2058 1947 se
2088 1907 2262 1966 posse
2288 1889 2673 1957 existimaret,
2707 1887 2929 1945 librum
2962 1904 3140 1961 quem

512 1981 955 2058 perfectiusque
1019 1981 1189 2056 sequi
1236 1985 1437 2056 posset
1481 1981 1798 2039 Christum.
1855 1979 1926 2037 de
1971 1979 2079 2037 hac
2123 1978 2471 2053 quaestione
2519 1979 2930 2052 composuerat
2978 1969 3064 2057 (N
3078 1994 3140 2033 e-

512 2072 838 2146 Presbyter
867 2070 1177 2128 ordinatus
1225 2070 1485 2128 scholam
1538 2070 1799 2128 cateche-
1854 2063 2017 2148 pos)
2058 2068 2522 2141 Constantianam
2554 2067 3019 2142 alleqoristarum
3049 2064 3143 2122 in—

514 2160 696 2218 ticam
716 2159 1034 2235 regendam
1052 2163 1188 2234 post
1206 2158 1513 2217 Heraclam
1537 2158 1802 2233 suscepit
1856 2157 2156 2232 scripsit.·‘
2191 2156 2276 2213 Ex
2310 2174 2380 2214 eo
2413 2157 2744 2231 fragmenta
2774 2153 3018 2212 exhibet
3043 2171 3140 2211 eo-

516 2268 568 2311 a.
603 2256 718 2310 231
762 2248 858 2305 vel
894 2256 1038 2317 232.
1074 2249 1171 2305 cui
1201 2253 1262 2305 et
1291 2248 1355 2305 in
1387 2248 1527 2306 sede
1564 2249 1800 2306 alexan·
1857 2246 1990 2303 dem
2022 2263 2070 2306 c.
2103 2248 2164 2304 et
2195 2246 2388 2320 capite
2428 2244 2722 2319 sequenti.
2784 2242 2898 2301 Hic
2926 2260 3070 2300 vero
3102 2242 3143 2304 l.

514 2337 689 2395 drina
733 2355 784 2394 a.
821 2345 946 2398 248
992 2338 1296 2398 successit.
1359 2336 1799 2395 Persecutionis
1857 2334 2080 2393 multos
2112 2335 2360 2410 decepit,
2412 2334 2599 2401 ,adeo
2630 2335 2701 2390 ut
2732 2331 3054 2390 schismata
3083 2334 3143 2388 et

514 2431 779 2501 tempore
813 2443 932 2484 non
954 2427 1140 2483 semel
1158 2427 1329 2484 exsul
1354 2426 1661 2484 ecclesiam
1683 2425 1800 2483 sibi
1857 2424 2229 2499 integrarum
2306 2423 2684 2480 ecclesiarum
2780 2419 3142 2479 defectiones

514 2514 888 2573 commissam
922 2515 1387 2590 prudentissime
1420 2515 1574 2573 rexit
1603 2520 1666 2572 et
1682 2513 1799 2572 for·
1856 2512 2122 2573 fierent-,⁴²
2185 2512 2377 2579 Quare
2437 2512 2703 2587 optimus
2766 2509 3026 2586 praesul,
3072 2511 3146 2566 ut

517 2605 663 2662 titer
695 2605 765 2661 ad
784 2624 835 2662 a.
851 2622 1044 2679 usque
1082 2614 1202 2666 264
1238 2605 1334 2662 vel
1357 2615 1502 2667 265.
1537 2605 1672 2664 Zelo
1694 2604 1801 2663 sed
1856 2603 1984 2678 ipse
2015 2604 2219 2660 narrat
2250 2602 2348 2670 ib..
2382 2618 2483 2659 eos
2502 2599 2951 2658 inArsinoitica
2969 2617 3142 2674 prae·

518 2697 581 2750 et
600 2693 786 2750 animi
806 2693 1207 2752 moderatione
1222 2688 1270 2774 ¹)
1293 2693 1592 2762 excelluit,
1622 2712 1800 2767 quam
1854 2691 2084 2749 sectura
2114 2690 2280 2750 adiit.
2346 2689 2532 2757 ,Cum
2566 2689 2725 2747 hunc
2759 2689 2797 2749 l.
2830 2691 3144 2761 tamquam

518 2781 783 2841 ostendit
813 2782 876 2838 in
895 2781 1111 2848 turbis,
1145 2800 1294 2857 quas
1314 2783 1650 2841 excitarunt
1670 2782 1800 2839 No-
1858 2784 2095 2838 scutum
2145 2778 2444 2855 quoddam
2494 2794 2855 2852 murumque
2905 2777 3146 2849 inexep-

516 2871 842 2940 vatiani,
915 2871 1362 2940 Chiliastae,
1420 2871 1801 2929 Sabellia-
1857 2868 2158 2945 gnabilem
2188 2866 2336 2926 mihi
2367 2866 2801 2942 opposuissent‚
2844 2868 2968 2923 tres
3002 2883 3141 2923 con-

518 2961 612 3020 ni.
662 2960 957 3018 Paulus
1004 2964 1414 3018 samosatenus
1446 2963 1507 3018 et
1536 2960 1801 3036 rebapti-
1857 2959 2059 3016 tinuos
2092 2957 2220 3015 dies
2252 2976 2287 3014 a
2316 2957 2507 3031 prima
2537 2955 2672 3013 luce
2703 2972 2895 3029 usque
2915 2954 2991 3012 ad
3012 2971 3143 3012 ves-

514 3051 717 3107 zantes
766 3049 841 3106 ab
891 3048 1206 3107 haereticis
1259 3049 1608 3124 baptizatoS‚
1671 3049 1801 3124 paci
1857 3066 2056 3122 peram
2087 3065 2224 3105 cum
2244 3045 2390 3120 ipsis
2412 3044 2639 3112 sedenS,
2664 3042 3144 3118 quaecunquein

522 3137 816 3196 Ecclesiae
848 3137 1099 3196 studens
1134 3138 1541 3196 sollicitudine
1556 3141 1803 3213 paterna
1856 3154 1925 3193 eo
1958 3136 2110 3193 libro
2131 3135 2354 3209 scripta
2372 3135 2559 3202 erant,
2580 3133 2882 3190 discutere
2901 3149 3145 3208 aggres-

520 3230 581 3284 et
612 3227 866 3301 scriptis,
901 3227 1093 3285 Multa
1123 3226 1366 3302 quidem
1401 3227 1661 3301 scripsit,
1697 3226 1800 3283 sed
1858 3243 1961 3281 sus
1994 3232 2202 3282 sumz‘
2254 3225 2316 3280 et
2363 3221 2604 3297 quidem
2653 3221 2810 3278 felici
2842 3237 3144 3290 successu,

520 3316 841 3374 dolendum
904 3334 1151 3390 operum
1203 3332 1516 3390 superesse
1562 3317 1799 3371 tantum
1857 3331 1994 3370 nam
2023 3312 2238 3369 fratres
2269 3315 2538 3369 errantes
2569 3310 2643 3368 ad
2670 3313 2900 3368 rectum
2935 3309 3144 3367 trami—

520 3405 869 3480 fragmenta.
903 3404 1145 3462 Potiora
1174 3408 1319 3461 sunt
1339 3403 1541 3461 brevia
1574 3403 1802 3460 Scholia
1855 3404 1977 3458 tem
2037 3400 2355 3462 revocavit.
2415 3399 2499 3458 Ea
2560 3398 2864 3457 occasione
2925 3397 3148 3456 nititur

520 3495 581 3548 in
616 3493 997 3550 Ecclesiastae
1035 3494 1226 3564 1—-3,
1268 3496 1366 3566 11,
1412 3510 1565 3565 quae
1598 3491 1802 3548 haberi
1857 3509 1927 3547 ex
1987 3488 2323 3546 rationibus
2385 3488 2639 3546 internis
2702 3487 3032 3556 ostendere,
3098 3505 3143 3548 s,

518 3588 777 3656 possunt
825 3580 1007 3637 clavis
1058 3580 1251 3638 instar
1294 3580 1368 3637 ad
1413 3579 1802 3655 aperiendum
1856 3578 2146 3637 Joannem
2178 3597 2269 3654 ap.
2304 3577 2691 3652 Apocalypsis
2711 3593 2831 3633 non
2852 3594 2984 3634 esse
3004 3593 3145 3633 auc-

520 3670 703 3744 hujus
735 3667 875 3726 libri
907 3669 1169 3726 difficilis
1201 3687 1439 3726 sensum
1452 3667 1520 3745 ἓΞ),
1549 3702 1635 3712 --
1666 3668 1800 3726 Ele·
1857 3671 2079 3725 torem:
2114 3667 2342 3724 fatetur
2372 3669 2573 3723 tamen
2606 3664 2797 3722 sancti
2829 3663 3145 3739 cujusdam

521 3757 866 3834 gautissimi
916 3758 979 3815 ll.
1030 3760 1161 3838 περὶ
1192 3760 1427 3840 φὺσεως
1476 3758 1545 3815 de
1584 3765 1801 3815 natura
1856 3760 1919 3813 et
1950 3756 2153 3813 divino
2186 3755 2418 3831 Spiritu
2450 3753 2637 3811 afflati
2677 3747 3146 3835 (θεοπνεὸπου)

518 3847 591 3904 ad
641 3846 1035 3906 Timotheum.
1098 3846 1181 3903 Ex
1231 3845 1601 3923 fragmentis
1649 3865 1801 3921 quae
1857 3845 1919 3902 id
1952 3862 2102 3919 opus
2135 3862 2283 3913 esse,
2336 3842 2562 3917 quique
2610 3845 2670 3899 et
2719 3842 2848 3916 ipse
2879 3841 3145 3900 Joannes

518 3934 692 3993 nobis
723 3936 1049 3993 asservavit
1078 3935 1375 3993 Eusebius
1421 3935 1493 3993 de
1536 3954 1801 4010 praepar.
1859 3938 2117 3992 vocetur.
2180 3933 2264 3990 Ea
2324 3931 2476 3990 forte
2539 3930 2838 3989 occasione
2884 3931 3146 4007 scripsit,

517 4043 725 4100 evang.
773 4024 810 4085 l.
865 4033 943 4086 14
992 4043 1071 4086 cc.
1108 4033 1365 4085 22—27
1414 4020 1513 4105 (cf.
1546 4024 1802 4082 Routh
1853 4065 1856 4066 ν

518 4114 641 4175 Rel.
673 4112 884 4178 s.1V2‚
936 4109 1314 4192 sss—437)
1358 4113 1554 4188 liquet
1600 4113 1801 4187 ipsum
1935 4180 1971 4222 r,
2001 4172 2080 4225 De
2121 4189 2187 4224 eo
2226 4170 2489 4239 alioquin
2513 4170 2826 4239 Dionysius
2865 4189 2984 4224 „011
3025 4172 3148 4225 sine

516 4222 580 4260 ¹¹¹
612 4220 682 4260 ‘³⁰
726 4220 919 4302 were.
954 4202 1296 4301 ⁶¹⁸9&oess
1340 4202 1627 4260 adversus
1657 4201 1800 4276 1³9¹·
1857 4243 2026 4300 laude
2051 4243 2326 4310 loquitur.
2357 4244 2454 4302 ..In
2475 4243 2740 4312 plurimis
2759 4243 2998 4310 quidem
3017 4242 3149 4296 anis

519 4309 783 4352 euraeos.
817 4310 923 4365 qm
954 4290 1392 4365 pros-mennam
1423 4290 1722 4367 negabant
1742 4293 1802 4346 et
1855 4315 2044 4378 rebus,
2070 4314 2152 4367 ita
2178 4315 2299 4384 ipse
2319 4331 2352 4366 a
2397 4314 2474 4366 ud
2497 4313 2802 4368 Eusebium
2825 4314 2863 4366 1.
2883 4331 2951 4378 c..
2971 4313 3148 4367 laudo

764 4415 833 4420 —
1859 4386 2135 4457 Nepotem
2180 4403 2248 4439 ac
2291 4334 2475 4454 difigo
2520 4403 2651 4438 cum
2694 4389 2934 4455 propter
2961 4385 3149 4448 fidem,

598 4465 633 4510 ἣ
662 4460 709 4512 Κ
727 4478 756 4512 r
774 4467 809 4512 ἰὶ
826 4476 953 4529 ger
992 4469 1019 4526 ξ
1045 4466 1117 4516 63
1166 4459 1271 4512 Die
1298 4459 1583 4513 Schriften
1610 4459 1709 4511 des
1736 4458 1802 4510 D.
1857 4463 1981 4511 tum
2007 4457 2080 4510 ob
2106 4456 2472 4526 diligentiam
2510 4459 2571 4510 et
2605 4456 2868 4509 studium
2893 4457 3148 4527 Scriptu-

520 4531 648 4584 sind
675 4531 777 4584 der
804 4537 963 4585 treue
989 4533 1023 4585 S
1068 4531 1217 4602 iegel
1257 4531 1412 4583 eines
1438 4531 1539 4585 klu
1620 4549 1655 4581 n
1682 4529 1800 4584 und
1852 4545 2082 4586 rarum:
2108 4532 2395 4598 postremo
2435 4527 2508 4579 ob
2549 4529 2900 4597 psalmorum
2941 4531 3149 4580 cantus

518 4603 901 4666 besonnenen,
954 4604 1015 4673 je
1058 4620 1147 4657 em
1214 4602 1443 4655 Extrem
1514 4617 1545 4653 a
1591 4600 1802 4655 holden
1859 4600 2198 4671 χψαιιμῳδὲαςὶ
2225 4596 2595 4667 multiplices,
2621 4597 2840 4666 quibua
2877 4598 3149 4668 plerique

519 4674 880 4728 Charakters.
1857 4687 1926 4723 ex
1953 4670 2230 4723 fratribus
2257 4670 2574 4721 etiamnum
2595 4684 2947 4739 magnopere
2966 4669 3150 4723 delec-

593 4744 1710 4814 ἠῢ.Ρθεεὶθτ-,Ῐηιιὲιιωυιιὲῗᾶ
1859 4745 2106 4800 tantm-,⁸
