3505 5161
1404 1599 1992 1711 Lectori

572 2015 645 2073 In
698 2013 1104 2072 studiosorum
1151 2013 1483 2091 theologiae
1533 2014 1860 2073 utilitatem
1907 2014 2241 2073 illustrium
2290 2013 2353 2071 in
2404 2031 2566 2072 sacra
2613 2014 2720 2072 hac
2768 2012 3016 2072 scientia

387 2122 663 2180 virorum
711 2121 1153 2196 composuimus
1204 2122 1530 2185 elenchum.
1595 2123 1739 2180 Cum
1792 2098 1952 2180 enim
2002 2121 2065 2179 in
2116 2120 2384 2198 qualibet
2443 2120 2563 2180 fere
2612 2122 2707 2181 vel
2768 2121 3040 2203 minima·

392 2230 745 2306 quaestione
795 2230 1125 2306 theologica
1171 2229 1438 2305 plurium
1487 2232 1757 2288 occurrat
1803 2229 2046 2300 menti0,
2092 2247 2267 2289 nosse
2306 2229 2549 2305 juverit,
2596 2249 2715 2307 quo
2762 2230 3038 2307 quisque,

395 2337 600 2396 seculo
633 2353 824 2412 quave
856 2335 921 2393 in
950 2335 1190 2412 regione
1221 2337 1283 2394 et
1316 2335 1677 2410 quibuscum
1706 2336 1992 2407 floruerit,
2026 2336 2182 2411 quod
2203 2336 2455 2395 aliorum
2483 2335 2556 2395 de
2575 2337 2706 2413 ipso
2719 2335 3019 2412 judicium

394 2446 461 2503 et
492 2443 791 2519 quantum
824 2441 906 2499 sit
937 2460 1182 2518 operum
1213 2441 1407 2516 ipsius
1438 2442 1715 2518 pretium.
1748 2442 1788 2500 J
1791 2442 1992 2502 uverit
2028 2461 2266 2518 quoque
2295 2460 2488 2513 nosse,
2523 2443 2769 2518 quinam
2799 2443 2863 2501 in
2896 2442 3019 2501 sin-

396 2551 563 2630 gulis
596 2548 934 2625 disciplinis
967 2548 1315 2627 theologicis
1348 2549 1728 2628 eminuerint,
1764 2567 1915 2625 quae
1947 2568 2124 2626 opera
2154 2549 2469 2627 praecipua
2500 2551 2562 2609 et
2588 2548 2845 2621 classica,
2881 2567 3022 2625 prae

398 2659 616 2718 ceteris
667 2651 1110 2740 consulenda1)‚
1160 2677 1300 2716 nam
1348 2657 1611 2715 haurit
1660 2677 1930 2733 aquam
1979 2658 2259 2729 cribr0,
2311 2658 2443 2733 qui
2490 2658 2799 2716 discere
2847 2656 3024 2714 vult

401 2765 576 2824 sine
608 2762 836 2834 libre,
870 2763 1278 2840 utinquiunt:
1312 2762 1415 2821 sed
1446 2762 1698 2822 libros
1729 2765 1943 2822 recte
1974 2781 2203 2822 nosse
2234 2766 2353 2822 est
2384 2763 2799 2823 dimidium
2828 2761 3024 2822 didi·

398 2874 513 2932 cis
532 2891 608 2932 se
633 2872 760 2946 jam
791 2875 966 2930 vetus
998 2875 1092 2931 est
1121 2872 1413 2949 adagium,
1446 2871 1854 2948 temporisque
1885 2871 2026 2930 hinc
2056 2871 2356 2930 lucramur
2387 2871 2730 2947 plurimum.

619 2978 758 3036 Non
791 2977 1073 3037 molimur
1102 2978 1346 3054 quidem
1390 2977 1809 3036 historiam
1856 2977 2179 3035 literarium
2213 2977 2560 3054 theologiae,
2594 2979 2831 3037 tantum
2865 2977 3025 3036 enim

401 3104 553 3163 opus
586 3084 770 3143 unius
801 3087 1045 3161 superat
1073 3085 1232 3144 vires
1262 3085 1711 3160 facultatesque,
1746 3084 2002 3142 maxime
2034 3102 2170 3142 vero
2189 3086 2442 3147 nostras.
2477 3084 2536 3144 Si
2566 3084 2712 3160 quid
2732 3086 2930 3142 tamen
2950 3084 3023 3142 ad

400 3212 531 3251 eam
563 3192 831 3251 conferre
868 3209 1198 3267 possumne,
1232 3195 1472 3270 gratum
1504 3192 1565 3250 id
1598 3192 1769 3250 nohis
1803 3190 2045 3250 accidet.
2075 3190 2252 3249 Haud
2282 3211 2491 3268 parum
2524 3194 2724 3251 autem
2756 3192 3026 3251 conferre

403 3297 479 3356 ad
509 3296 807 3374 ejusmodi
840 3297 1148 3357 historiam
1181 3299 1595 3377 theologorum
1630 3302 1943 3376 syntagma
1991 3299 2401 3377 chronologice
2432 3301 2785 3377 dispositum
2816 3318 3026 3360 secun·

404 3403 551 3463 dum
581 3404 858 3462 nationes
891 3407 952 3462 et
970 3404 1181 3475 variae,
1203 3424 1352 3481 quas
1366 3405 1668 3483 theologia
1685 3405 2119 3482 complectitur,
2141 3405 2482 3482 disciplinas
2501 3422 2675 3465 nemo
2694 3424 2815 3465 non
2832 3404 2997 3464 videt
3013 3424 3028 3474 ;

406 3511 568 3570 hisce
601 3510 899 3587 siquidem
946 3510 1290 3570 continetur
1320 3513 1448 3587 jam
1493 3511 1787 3586 quaedam
1835 3512 2001 3570 illius
2047 3512 2381 3575 delineatio,
2441 3512 2604 3571 Illud
2633 3530 2774 3571 vero
2806 3511 3030 3570 emolu-

408 3619 600 3677 menti
631 3637 701 3677 ex
733 3617 840 3677 hac
872 3618 1285 3697 theologorum
1329 3619 1670 3678 recensione
1717 3619 2134 3697 chronologica
2177 3622 2239 3678 et
2283 3619 2671 3696 dispositione
2704 3618 3032 3678 secundum

406 3725 758 3802 disciplinas
792 3729 854 3783 et
885 3729 1094 3803 gentes
1127 3727 1318 3802 capiet
1347 3726 1620 3802 quisque,
1652 3729 1721 3786 ut
1755 3745 1878 3785 uno
1909 3726 2099 3785 veluti
2130 3729 2450 3802 conspectu
2480 3726 2697 3798 videat,
2730 3745 2849 3802 qua
2877 3726 3034 3801 peri-

415 3832 532 3891 odo
565 3852 757 3908 quave
789 3833 854 3891 in
886 3833 1127 3910 regione
1158 3833 1402 3910 plurimi
1434 3835 1531 3892 vel
1561 3835 1867 3911 pauciores
1898 3834 2206 3893 floruerint
2237 3833 2351 3892 viri
2383 3833 2633 3905 eruditi3
2677 3851 2828 3909 quae
2860 3832 3035 3891 disci-

414 3940 619 4016 plinae
651 3959 790 4017 prae
823 3941 1033 4000 ceteris
1066 3941 1353 4012 excultae,
1387 3960 1540 4017 quae
1571 3941 1723 3999 forte
1755 3943 1818 3998 et
1849 3958 1968 4014 qua
1998 3939 2059 3997 in
2092 3942 2270 4016 gente
2300 3939 2618 4016 neglectae,
2663 3957 2815 4015 quae
2847 3938 3034 3997 scien-

413 4047 538 4105 tiae
569 4046 940 4125 theologicae
973 4047 1299 4107 seeundum
1329 4049 1521 4107 totam
1555 4064 1723 4106 suam
1761 4045 2143 4104 latitudinem
2172 4045 2355 4103 variis
2387 4046 2448 4103 in
2481 4045 2627 4104 locis
2648 4044 2838 4104 stadia
2857 4046 3035 4118 atque

413 4172 790 4232 progressae.

640 4382 681 4449 ι)
708 4377 788 4431 De
817 4375 1107 4446 theologia
1137 4374 1382 4430 maxime
1410 4392 1541 4429 vera
1577 4377 1731 4439 sunt,
1755 4372 1985 4442 quaein
2023 4391 2227 4444 genere
2250 4375 2500 4426 affirmat
2529 4372 2704 4428 Gottl.
2728 4372 2905 4426 Stoll
2934 4373 3036 4442 (in-

413 4464 563 4519 trod.
590 4463 651 4516 in
678 4463 810 4516 hist.
839 4462 986 4517 liter.
1016 4463 1195 4517 latine
1235 4462 1450 4516 editam
1478 4481 1510 4515 a
1539 4463 1660 4516 Car.
1691 4463 1865 4515 Henr.
1893 4463 2038 4515 Lan
2055 4461 2195 4532 gie.
2237 4461 2413 4514 Jenae
2444 4466 2510 4516 17
2515 4468 2583 4516 28
2611 4480 2664 4530 p.
2693 4465 2776 4534 8):
2833 4461 3038 4522 „Medi-

412 4552 561 4608 tatio
590 4555 784 4606 nostra
811 4553 1058 4606 multum
1099 4552 1320 4606 confert
1344 4552 1417 4604 ad
1445 4551 1843 4616 eruditionem,
1872 4549 2125 4604 succurri
2166 4553 2356 4602 tamen
2402 4549 2455 4602 ei
2481 4550 2652 4603 debet
2677 4551 2836 4604 bonis
2862 4550 3038 4604 libris.

413 4641 576 4695 Mille
603 4638 758 4693 oculi
785 4640 916 4710 plus
943 4645 1090 4694 certe
1118 4640 1335 4704 vident,
1363 4658 1535 4707 quam
1564 4639 1800 4708 quidem
1827 4640 1972 4698 duo;
1998 4641 2173 4706 atquc
2197 4638 2244 4692 is
2264 4638 2523 4691 insanam
2546 4638 2614 4692 de
2637 4656 2693 4692 se
2713 4638 3040 4708 opinionem

414 4732 611 4786 fovere
639 4728 841 4782 merito
869 4729 1134 4794 creditur,
1163 4727 1266 4797 qui
1292 4731 1379 4782 tot
1403 4727 1647 4798 ipsemet
1688 4727 1961 4781 veritates
1993 4726 2258 4795 reperire,
2300 4730 2442 4794 quot
2479 4726 2663 4780 millia
2692 4725 3043 4780 eruditorum

408 4822 539 4891 jam
567 4833 845 4887 reperere,
874 4823 1110 4887 sperat*
