3505 5161
516 234 593 287 47
1136 227 1229 275 101
1246 224 1432 275 -200,
1458 219 1773 291 Scriptores
1797 220 2008 290 reliqui
2034 238 2141 277 sec.
2169 222 2233 277 IL
2266 220 2458 276 Victor
2489 224 2524 277 1.

3051 239 3130 295 48

512 407 749 484 egregie
794 409 1292 477 commonstrat3‘
1340 411 1404 466 et
1446 409 1628 485 hujus
1674 410 1792 468 col-
1851 408 2150 485 designati
2183 411 2470 468 auctores
2534 408 2753 468 Verum
2786 410 2961 469 modo
2995 430 3129 470 auc-

513 496 645 573 lega
660 496 1009 573 dignissimo
1041 495 1426 573 Dionysio
1458 497 1793 557 Corinthio·
1849 502 1946 556 tor
1977 501 2095 556 fere
2126 516 2313 573 aeque
2345 495 2566 557 dubius
2599 501 2690 557 est
2708 498 2865 557 sicut
2885 500 3049 575 prius
3069 499 3129 580 ¹).

512 604 646 643 rum
680 586 970 661 episcope,
1004 584 1109 661 qui
1141 589 1384 653 ,tantae
1417 587 1795 663 eloquentiae
1851 587 2100 662 Saepius
2132 588 2330 646 editus
2361 587 2480 645 fuit
2524 587 2619 645 hic
2660 586 2920 655 libellus,
2955 592 3026 647 ut
3058 590 3131 647 ab

512 677 572 733 et
603 673 933 733 industriae
963 673 1164 753 suit1),
1199 677 1271 733 ut
1297 693 1419 733 non
1439 676 1635 735 solum
1653 694 1795 734 suae
1849 676 2202 734 Harnack
2233 676 2298 734 in
2329 694 2422 752 op.
2455 676 2572 743 cit.;
2606 695 2640 733 a
2671 676 2972 736 Miodoi'i
2993 677 3127 737 ski.

511 762 770 822 civitatis
801 767 862 822 et
890 764 1231 840 provinciae
1280 766 1551 841 populoS,
1600 766 1701 825 sed
1734 768 1797 824 et
1849 763 2082 841 Lipsiae
2153 775 2317 829 1889
2382 764 2447 822 111
2512 774 2583 835 8;
2648 765 3127 843 Hilgenfeld,

512 852 761 911 aliarum
806 853 1247 929 provinciarum
1292 856 1354 911 et
1393 855 1633 913 urbium
1666 855 1794 930 epi·
1850 853 2139 930 Freiburg
2196 863 2360 917 1889
2413 854 2477 912 in
2529 863 2602 922 8.,
2656 855 2927 913 Hartel
2974 856 3132 915 inter

511 940 684 1000 stolis
716 942 981 1000 erufiret
1013 940 1074 1021 (†
1104 960 1150 1006 c.
1179 939 1375 1022 180)‘
1408 962 1508 1002 eos
1540 961 1795 1003 comme-
1849 960 1940 1018 op.
1975 962 2020 1005 s.
2054 943 2332 1019 Cypriani
2371 951 2526 1006 1871
2570 945 2678 1005 etc.
2713 942 2878 1012 Quod
2898 946 2951 1003 si
2982 946 3132 1003 liber

512 1047 830 1102 moremus,
904 1029 978 1089 de
1055 1031 1277 1107 quibus
1354 1032 1648 1091 Eusebius
1710 1033 1796 1091 ita
1849 1036 1943 1091 est
1957 1031 2230 1103 Victoris,
2263 1032 2424 1092 haud
2456 1033 2856 1107 spernendum
2889 1035 3130 1110 praebet

511 1117 746 1177 scribit:
822 1120 1046 1189 ¹,Porro
1108 1123 1377 1180 veterum
1438 1122 1792 1182 ecclesiasti·
1849 1139 1956 1197 pro
1988 1122 2250 1197 primatu
2281 1119 2514 1180 romani
2533 1122 2793 1198 episcopi
2813 1141 3128 1200 argumen-

512 1226 713 1266 corum
777 1209 1059 1280 virorum,
1124 1209 1227 1283 qui
1302 1213 1436 1269 tum
1509 1211 1795 1286 temporis
1848 1213 1998 1269 tum.
2062 1211 2260 1287 Hujus
2294 1209 2594 1286 pontificis
2624 1215 2892 1287 tempore
2929 1212 3130 1289 gravis

512 1298 790 1373 (exeunte
838 1315 948 1359 sec.
992 1297 1070 1357 11.
1116 1297 1209 1357 vel
1253 1299 1497 1359 ineunte
1542 1297 1655 1381 111)
1702 1300 1793 1359 vi-
1849 1302 1978 1358 orta
2009 1303 2100 1358 est
2129 1298 2531 1359 contraversia
2574 1300 2644 1358 de
2676 1303 2945 1376 tempore
2978 1302 3128 1360 cele-

510 1389 742 1456 xerunt,
779 1387 1038 1462 plurima
1069 1386 1260 1447 adhuc
1287 1392 1601 1448 servantur
1631 1389 1792 1465 apud
1846 1388 2059 1448 brandi
2092 1389 2324 1465 pascha,
2371 1406 2520 1463 quae
2556 1389 2836 1464 pluribus
2863 1390 3130 1467 epistolis

512 1476 736 1534 multos
803 1476 1123 1536 laudabilis
1173 1476 1521 1555 diligentiae
1582 1498 1792 1538 monu-
1850 1477 2149 1554 synodicis
2203 1474 2297 1557 (cf.
2345 1478 2501 1552 apud
2554 1478 2646 1535 Mi
2664 1497 2807 1554 gne
2852 1480 2914 1537 P.
2964 1479 3028 1537 G.
3068 1479 3128 1548 V,

512 1568 727 1623 menta.
789 1564 1011 1624 Eorum
1060 1584 1216 1635 vero,
1275 1585 1426 1643 quos
1483 1567 1599 1643 ipsi
1662 1567 1792 1644 dig·
1854 1563 2319 1646 1475-1490)
2402 1567 2678 1642 praebuit
2742 1568 3127 1643 occasionem.

511 1672 753 1713 noscere
826 1655 1153 1731 potuimuS,
1231 1656 1371 1715 haec
1428 1655 1550 1715 fere
1630 1664 1791 1716 sunt:
1849 1674 2104 1730 quarum
2149 1655 2535 1714 Eusebius
2582 1656 2654 1713 H.
2687 1656 2750 1716 E.
2785 1656 2852 1727 V,
2889 1665 2989 1719 213.
3029 1667 3126 1719 24.

511 1743 885 1802 Heracliti
934 1745 1341 1803 commentarii
1406 1745 1471 1803 in
1535 1745 1793 1820 Aposto-
1849 1744 1989 1803 facit
2065 1744 2447 1804 mentionem.
2511 1779 2597 1790 —-
2659 1745 2907 1803 Praeter
2967 1746 3126 1815 alios,

511 1833 659 1909 lum,
710 1832 1016 1891 Maximi
1065 1828 1164 1914 (de
1228 1853 1346 1909 quo
1408 1853 1463 1909 p.
1536 1831 1693 1915 43).
1732 1884 1744 1896 .
1777 1876 1794 1893 .

511 1921 820 1980 Praeterea
882 1914 1211 1980 Candidi
1262 1924 1327 1980 in
1373 1921 1789 1994 Hexaemeron,

510 2013 571 2068 et
602 2010 850 2085 Apion
895 2010 967 2068 de
1011 2010 1215 2070 eodem
1248 2016 1602 2089 argumento
1634 2031 1790 2071 com-

511 2099 806 2157 mentarii.
868 2099 1020 2159 Item
1083 2099 1301 2159 Sexti
1364 2102 1434 2160 de
1494 2120 1789 2160 resurrec-

511 2190 679 2264 tione,
703 2191 764 2246 et
795 2190 846 2245 A
864 2207 893 2245 r
906 2209 941 2247 a
956 2188 994 2247 b
1010 2188 1031 2247 i
1046 2210 1080 2248 a
1094 2188 1171 2247 ni
1204 2208 1355 2265 opus
1373 2190 1629 2264 quodam
1647 2191 1793 2250 alio·

512 2295 765 2352 rumque
842 2278 1253 2353 complurium.
1348 2278 1612 2347 Quorum
1685 2298 1793 2339 nec

511 2368 777 2441 tempora
808 2366 1000 2425 literis
1033 2367 1331 2439 mandare,
1375 2387 1508 2427 cum
1553 2368 1790 2427 nullum

509 2455 681 2514 nobis
707 2455 1002 2531 judicium
1049 2460 1155 2514 aut
1195 2461 1611 2534 argumentum
1647 2476 1791 2533 sup-

508 2546 690 2621 petat,
767 2563 874 2604 nec
939 2547 1335 2606 narrationem
1385 2548 1573 2607 ullam
1621 2547 1793 2606 libris

510 2634 733 2693 nostris
765 2634 1028 2694 intexere
1060 2653 1396 2711 possumus.
1464 2637 1788 2695 Multorum

1846 1852 2100 1909 quorum
2145 1835 2271 1909 jam
2329 1833 2574 1892 fecimus
2607 1834 2987 1905 mentionem,
3023 1836 3130 1892 hac

1848 1922 1920 1981 de
1954 1942 2017 1982 re
2052 1922 2296 1998 scripsit
2326 1922 2763 1998 Bakchyllus
2798 1919 3129 2003 (Bachilus)

1848 2011 2115 2071 Corinthi
2161 2011 2494 2087 episcopus,
2541 2011 2854 2086 epistolam
2901 2031 3009 2071 seu
3057 2013 3129 2070 li-

1847 2101 2021 2160 brum
2098 2101 2166 2158 de
2232 2101 2529 2175 paschate.
2623 2134 2709 2144 —
2785 2100 3128 2160 Sententiae

1850 2190 2103 2248 Victoris
2150 2188 2520 2264 aliorumque
2562 2188 2990 2265 episcoporum,
3026 2192 3132 2265 qui

1847 2298 1978 2337 cum
2027 2279 2136 2337 hoc
2181 2278 2537 2346 sentiebant,
2584 2296 2647 2337 se
2694 2279 2974 2354 opposuit
3006 2280 3131 2338 Po·

1846 2368 1867 2425 1
1882 2370 2200 2443 ycrates
2233 2366 2621 2442 Ephesiorum
2652 2368 2962 2442 episcopus
2996 2387 3130 2427 cum

1847 2458 2058 2516 ceteris
2077 2456 2250 2515 Asiae
2266 2456 2576 2531 episcopis,
2610 2456 2716 2529 qui
2729 2458 2909 2532 juxta
2940 2475 3130 2531 quan-

1847 2546 1979 2605 dam
2031 2548 2291 2606 veterem
2343 2545 2835 2604 consuetudinem
2885 2548 3130 2621 quarta-

1848 2636 2073 2694 decima
2105 2635 2249 2693 luna
2281 2653 2414 2693 cum
2446 2633 2484 2692 J
2489 2634 2697 2693 udaeis
2729 2635 2946 2709 pascha
2978 2636 3131 2694 cele-

509 2725 687 2782 etiam
701 2723 1147 2783 lucubrationes
1162 2726 1234 2783 ad
1253 2729 1790 2802 nospervenerunt‚
1845 2724 2117 2795 brabant,
2153 2724 2513 2799 scripsitque
2545 2724 2856 2798 epistolam
2888 2725 2961 2781 ad
2994 2725 3131 2783 Vic-

509 2831 767 2888 quorum
811 2831 887 2871 ne
932 2813 1064 2889 ipsa
1094 2815 1336 2873 nomina
1379 2814 1621 2891 quidem
1652 2833 1789 2890 pos·

508 2920 718 2961 sumus
750 2911 1117 2961 recensere.‘

609 3002 703 3054 19.
766 2990 1039 3051 Victor
1114 3011 1395 3052 romanus
1473 2993 1789 3068 episcopus

1846 2815 2036 2870 torem
2070 2810 2430 2887 synodicam,
2481 2812 2546 2869 in
2591 2831 2708 2886 qua
2756 2813 3034 2881 affirmat,
3070 2832 3131 2871 se

1845 2899 1885 2958 J
1888 2900 2093 2960 oannis
2145 2919 2236 2976 ap.
2288 2904 2350 2957 et
2395 2903 2662 2958 veterum
2710 2901 3133 2960 auctoritatem

1847 2991 2035 3066 sequi.
2097 2989 2295 3064 Hujus
2346 3008 2436 3063 ep.
2482 2989 2884 3065 fragmentum
2931 3008 3131 3049 serva-

510 3076 1065 3163 (189—198}199)
1112 3083 1412 3142 mentione
1457 3081 1650 3141 adhuc
1699 3085 1793 3138 est
1845 3084 1991 3138 runt
2020 3077 2194 3138 nobis
2227 3077 2615 3136 Eusebius
2647 3076 2714 3148 V,
2755 3087 2833 3140 23
2869 3082 2930 3136 et
2961 3079 3132 3138 Hie-

510 3169 751 3247 dignuS.
786 3169 1082 3239 Quaedam
1115 3190 1250 3230 eum
1285 3171 1573 3247 opuscula
1604 3170 1789 3245 scrip-

509 3260 657 3318 sisse
688 3261 948 3318 testatur
977 3260 1379 3336 Hieronymus
1411 3277 1457 3317 c.
1496 3268 1594 3328 34,
1640 3276 1792 3333 quae

508 3352 710 3406 tamen
755 3349 1081 3423 perierunt.
1144 3348 1495 3406 Harnack
1548 3347 1791 3422 quidem

509 3437 745 3494 censuit
777 3437 1034 3495 Victoris
1068 3437 1255 3495 nostri
1288 3454 1417 3493 esse
1464 3436 1501 3492 l.
1534 3436 1602 3492 de
1633 3436 1789 3492 alea-

509 3525 752 3601 toribm,
808 3525 912 3599 qui
965 3525 1108 3583 olim
1142 3543 1187 3581 s.
1221 3525 1512 3600 Cypriane
1561 3523 1789 3581 tribue·

510 3615 703 3683 batur,
767 3618 948 3688 atque
1009 3631 1169 3671 nuuc
1218 3614 1377 3671 inter
1426 3613 1556 3688 ejus
1616 3629 1793 3686 opera

509 3702 718 3777 spuria
767 3705 1081 3777 comparet.
1144 3702 1298 3760 Hinc
1359 3720 1573 3777 magna
1635 3700 1793 3757 inter

509 3791 776 3850 eruditos
798 3791 1200 3849 controversia
1217 3790 1499 3861 literaria,
1533 3807 1668 3847 cum
1687 3788 1793 3847 alii

1846 3185 2205 3242 ronymus
2256 3185 2301 3225 c.
2356 3177 2456 3228 45.
2509 3163 2783 3246 (Migne
2834 3167 2896 3228 P.
2945 3169 3011 3226 G.
3064 3168 3130 3236 V,

1857 3252 2335 3332 1357—1362).
2399 3253 2863 3330 Sigebertus
2915 3255 2988 3313 de
3021 3258 3132 3318 vir.

1846 3344 1925 3402 ill.
1959 3362 2006 3402 c.
2028 3353 2062 3406 3
2097 3343 2315 3401 tribuit
2333 3343 2388 3401 ei
2406 3343 2555 3400 Acta
2573 3363 2618 3402 s.
2654 3344 2927 3402 Timothei
2959 3345 3132 3403 Pauli

1846 3453 1936 3508 ap.
1972 3431 2245 3506 discipuli
2294 3426 2355 3511 (†
2387 3450 2434 3490 c.
2472 3429 2600 3513 97),
2648 3452 2801 3508 quae
2850 3432 3033 3491 habes
3069 3434 3132 3491 in

1846 3524 1977 3584 Act.
2041 3521 2138 3579 SS.
2196 3529 2295 3582 24.
2344 3519 2475 3581 Jan.
2527 3521 2600 3590 H,
2667 3532 2790 3583 566
2846 3538 2892 3582 s.
2957 3524 3019 3579 et
3069 3522 3135 3580 in

1846 3611 2101 3686 Migne
2133 3610 2214 3666 ib.
2257 3619 2706 3672 1363-1366,

1927 3765 1960 3824 ¹)
1990 3758 2149 3815 GRH
2167 3778 2200 3813 a
2217 3779 2244 3812 r
2260 3779 2297 3813 11
2314 3778 2346 3812 a
2363 3780 2391 3815 c
2407 3761 2445 3812 k
2493 3759 2602 3812 Der
2630 3761 3135 3841 pseudocypriani-

1847 3833 1977 3886 sche
2023 3832 2263 3884 'rrakmt
2305 3832 2373 3885 de
2417 3833 2765 3885 aleatoribus
2809 3831 2902 3886 die
2931 3836 3135 3889 alteste

510 3879 649 3937 huic
671 3880 1001 3938 sententiae
1021 3879 1095 3936 ad
1115 3879 1444 3949 haererent,
1478 3878 1581 3936 alii
1603 3878 1789 3935 refra-
1845 3903 2181 3958 lateinische
2208 3902 2426 3956 chriso.
2452 3901 2680 3964 schrift,
2707 3902 2800 3956 ein
2827 3903 3006 3956 werk
3035 3905 3137 3958 des

510 3972 810 4045 gerentur.
874 3969 957 4026 Ea
1017 3967 1125 4026 diu
1185 3969 1384 4045 viguit
1428 3968 1587 4026 inter
1630 3966 1791 4025 viros

510 4058 744 4115 criticos
793 4057 1135 4131 multaeque
1185 4057 1551 4134 excogitatae
1603 4055 1790 4131 hypo·

509 4147 707 4205 theses
742 4150 804 4204 et
835 4165 904 4204 ex
937 4147 1290 4222 conjecturis
1337 4146 1436 4204 alii
1478 4148 1658 4221 atque
1690 4143 1791 4201 alii

1846 3981 1982 4029 rem.
2034 3974 2293 4027 Bischofs
2339 3974 2544 4026 Viktor
2589 3974 2628 4030 1,
2678 3972 2754 4026 1111
2795 3974 2971 4028 Texte
3014 3977 3136 4030 und

1847 4045 2073 4102 UnterS.
2100 4062 2201 4097 zur
2229 4046 2425 4098 Gesch.
2465 4044 2564 4097 der
2590 4045 2920 4101 altschristl.
2951 4047 3062 4099 Lit.
3089 4047 3136 4098 V

1848 4117 1982 4172 fasc.
2013 4126 2036 4172 1
2068 4115 2292 4186 Lipsiae
2327 4123 2476 4171 1838:
2513 4133 2614 4184 pro
2640 4117 2818 4170 altera
2848 4118 3138 4171 sententia

1848 4188 1917 4242 cf.
1948 4188 1988 4239 F
2007 4207 2044 4241 u
2062 4210 2099 4243 n
2118 4188 2157 4239 k
2199 4186 2300 4239 Die
2328 4186 2541 4240 Schrift
2581 4185 2649 4239 de
2693 4187 3048 4241 aleatoribus
3077 4189 3137 4244 in

593 4266 624 4328 ¹]
679 4263 1134 4332 Hieronymu
1155 4283 1178 4318 s
1206 4283 1250 4318 c.
1303 4269 1401 4324 *λῖς
1455 4264 1524 4317 cf.
1580 4260 1679 4314 Eu
1699 4277 1792 4314 se·
1849 4259 1980 4312 hist.
2007 4259 2203 4313 Jahrb.
2238 4264 2371 4312 1889
2413 4258 2477 4320 X,
2508 4263 2710 4316 1-222
2750 4257 2883 4311 diss.
2927 4263 3139 4313 retrac-

514 4332 637 4388 biu
656 4354 680 4386 s
708 4335 776 4390 11.
805 4341 871 4390 25
899 4339 958 4389 et
984 4336 1077 4392 IV.
1105 4341 1189 4398 23,
1218 4335 1320 4403 qui
1342 4334 1621 4403 quaedam
1644 4334 1791 4401 frag·
1849 4334 1969 4383 tata
2012 4334 2071 4384 et
2113 4327 2383 4398 ampliata
2424 4328 2484 4382 in
2522 4327 2827 4397 Kircheng.
2871 4330 3022 4383 Abh.
3065 4332 3137 4385 11.

512 4411 699 4459 menta
725 4423 793 4459 ex
813 4405 930 4461 illis
951 4407 1115 4462 nobis
1136 4406 1463 4462 asservavit.
1492 4405 1794 4458 Perierunt
1849 4409 2111 4463 299—36,
2164 4398 2267 4467 qui
2316 4417 2444 4452 cum
2497 4398 2759 4468 pluribus
2797 4399 2931 4453 aliis
2977 4400 3138 4457 illam

511 4477 618 4530 hae
645 4477 952 4547 epistolae:
980 4497 1127 4547 quae
1154 4479 1320 4534 exiis
1347 4481 1655 4548 supersunt
1680 4473 1791 4528 col·
1847 4472 2053 4526 thesim
2102 4470 2303 4538 rejicit,
2355 4470 2450 4523 sed
2502 4469 2561 4522 hi
2602 4469 2813 4523 eruditi
2855 4471 2915 4523 in
2957 4473 3137 4542 assig-

511 4548 652 4616 lssgit
693 4550 1014 4605 Galland
1033 4551 1069 4615 i,
1140 4561 1182 4608 1.
1230 4555 1364 4608 675;
1427 4549 1524 4602 Ro
1544 4565 1580 4599 u
1598 4546 1675 4599 th
1722 4546 1790 4606 1²,
1845 4545 2033 4598 nando
2081 4559 2210 4595 vero
2255 4545 2483 4595 auctore
2528 4540 2698 4616 plane
2746 4541 3040 4596 haesitant
3081 4549 3141 4598 et

515 4625 613 4674 175
634 4627 824 4677 -2()1;
878 4622 1168 4678 Harnac
1188 4623 1225 4674 k
1258 4623 1295 4685 1,
1330 4631 1371 4676 l.
1401 4625 1521 4675 235.
1576 4617 1658 4670 Cf.
1685 4615 1718 4669 J
1738 4632 1793 4667 o·
1847 4613 2195 4668 dissentiunt
2239 4611 2384 4664 inter
2428 4627 2500 4663 se.
2560 4612 2641 4664 Cf.
2688 4611 3036 4668 Ehrhard
3069 4616 3139 4676 ll,

510 4691 639 4743 cha
663 4713 712 4746 111
742 4692 976 4754 KL.111,
1013 4698 1145 4750 1798
1173 4714 1211 4745 ³²·-

1847 4691 2160 4741 273-2842
2193 4682 2800 4747 Bardenhewer§
2829 4690 2895 4737 52
2928 4704 2963 4738 n
3012 4695 3062 4740 6.
