3505 5161
509 201 588 255 43

507 369 751 440 ,Refert
780 370 961 429 etiarn
1011 390 1045 427 a
1074 370 1321 429 Tatiano
1371 368 1787 428 elucubratum

506 477 635 518 esse
687 460 1095 532 Quaestionum
1143 459 1202 528 l.,
1250 459 1314 517 in
1358 476 1478 535 quo
1510 476 1643 517 cum
1677 458 1786 517 Ta-

502 549 707 607 tianus
771 548 1054 607 obscuros
1131 549 1310 622 atque
1378 549 1681 609 involutos
1743 566 1790 609 s,

506 637 844 713 Scripturae
890 638 1049 697 locos
1095 654 1159 695 se
1203 637 1614 713 expositurum
1660 655 1790 696 esse

503 727 898 802 promisisset,
962 726 1091 803 ipse
1154 726 1394 785 Rhodon
1459 726 1789 785 solutiones

504 816 926 891 quaestionum
987 815 1220 874 Tatiani
1279 816 1563 891 peculiari
1615 834 1789 892 opere

502 904 806 963 editurum
854 923 918 963 se
968 923 1098 963 esse
1143 905 1475 980 profitetur.
1537 905 1790 963 Exstant

501 994 680 1053 etiam
747 994 1013 1069 ejusdem
1066 996 1129 1052 in
1178 992 1574 1052 Hexaemeron
1627 1013 1784 1054 com·

502 1083 843 1142 mentarii.‘
910 1082 1101 1158 Opera
1131 1082 1429 1142 Rhodonis
1475 1084 1790 1158 perierunt

502 1175 736 1247 praeter
766 1171 1099 1247 fragmenta
1117 1172 1191 1230 ab
1224 1172 1561 1231 Eusebio
1593 1191 1787 1232 asser-

501 1267 656 1324 vata.
721 1261 803 1320 Cf.
853 1260 1205 1319 Harnack
1249 1260 1296 1332 1,
1349 1271 1492 1329 599,·
1542 1264 1604 1320 et
1636 1281 1788 1336 quae

499 1350 574 1408 de
605 1351 736 1426 ipso
769 1355 1096 1426 supersunt
1138 1350 1300 1424 apud
1349 1349 1596 1409 Bouth
1630 1351 1785 1410 Reli-

499 1440 674 1513 quiae
721 1457 919 1498 sacrae
963 1438 1045 1508 12,
1102 1448 1484 1509 435—4463
1533 1441 1787 1517 Migne

499 1528 563 1589 P.
583 1529 647 1586 G.
674 1528 741 1598 V,
788 1537 1237 1592 1331—1338.
1270 1528 1375 1586 Sat
1393 1527 1646 1587 dubium
1675 1533 1785 1598 est,

498 1636 645 1675 num
695 1616 1004 1693 scripserit
1065 1616 1170 1674 illa
1218 1616 1336 1675 duo
1386 1635 1581 1692 opera,
1636 1637 1788 1694 quae

498 1706 897 1781 Hieronymus
918 1706 989 1764 de
1012 1706 1119 1763 vir.
1139 1705 1224 1764 ill.
1258 1723 1303 1768 c.
1330 1714 1407 1768 37
1448 1706 1503 1764 ei
1534 1706 1783 1766 tribuit:

498 1796 800 1854 Adversus
831 1796 1059 1870 Phryas
1090 1794 1326 1871 insigne
1346 1813 1516 1870 opuS,
1549 1798 1610 1854 et
1629 1815 1678 1855 c.
1703 1807 1783 1859 39

1527 1884 1786 1944 Priscam

501 1903 654 1959 opus
730 1885 1007 1942 adversus
1082 1884 1450 1958 Montanum,

500 1973 1018 2048 Maximilla-mque.
1105 2006 1195 2015 --
1279 1974 1330 2031 A
1347 1992 1385 2046 p
1403 1973 1475 2031 ol
1494 1973 1514 2030 l
1533 1991 1566 2031 0
1582 1976 1718 2033 niu
1735 1994 1781 2044 s,

497 2062 653 2121 alius
687 2062 762 2120 ab
793 2078 881 2128 e0‚
918 2062 1093 2136 cujus
1126 2080 1308 2137 supra
1337 2062 1585 2121 fecimus
1617 2082 1783 2122 men-

495 2149 718 2209 tionem
751 2150 831 2225 (p.
871 2146 998 2227 39),
1048 2153 1202 2208 teste
1234 2150 1578 2211 Eusebio
1611 2152 1682 2214 H.
1717 2153 1782 2212 E.

496 2239 563 2308 V,
593 2248 688 2308 18,
721 2238 1268 2315 ›Cataphrygarum
1283 2239 1568 2299 haeresim
1592 2241 1783 2301 adhuc

497 2346 605 2386 sua
639 2330 833 2387 aetate
852 2328 1154 2405 vigentem
1184 2328 1444 2387 refutare
1463 2349 1781 2407 aggressus

495 2414 558 2499 (f.
579 2435 625 2478 c.
651 2414 799 2494 197)
831 2417 1127 2493 peculiare
1159 2420 1365 2476 contra
1380 2436 1477 2476 eos
1502 2420 1782 2478 volumen

494 2505 776 2575 condidit,
823 2509 954 2563 tum
1004 2507 1181 2565 salsas
1216 2506 1576 2582 prophetias,
1628 2528 1779 2584 quae

495 2595 567 2654 ab
645 2596 768 2654 illis
862 2595 1392 2667 circumferuntur,
1485 2598 1777 2657 verbatim

491 2683 848 2759 expendens,
883 2688 1014 2743 tum
1079 2685 1262 2743 vitam
1313 2705 1626 2761 moresque
1676 2707 1777 2746 eo-

488 2793 641 2845 rum,
679 2775 785 2849 qui
819 2774 1080 2832 haeresis
1126 2774 1294 2832 illius
1345 2779 1613 2835 auctores
1646 2776 1776 2835 fue-

487 2865 658 2932 runt,
768 2863 1159 2922 discutienS.‘
1268 2865 1509 2924 Praeter
1615 2866 1774 2944 frag-

489 2955 691 3010 menta
720 2952 794 3010 ab
826 2952 874 3010 E
894 2952 1169 3012 usebio
1201 2958 1499 3013 asservata
1532 2954 1569 3014 l.
1603 2973 1650 3018 c.
1674 2951 1772 3036 (cf.

489 3040 741 3100 Routh
771 3040 854 3111 12,
906 3051 1274 3112 463—485,
1323 3043 1576 3118 Migne
1609 3044 1671 3101 P.
1706 3045 1775 3108 G.

488 3130 557 3199 V,
597 3139 752 3193 1381
775 3165 843 3173 -—
866 3129 1059 3209 1386)
1079 3150 1231 3206 opus
1253 3132 1447 3206 periit.
1483 3133 1597 3191 Sed
1619 3133 1770 3191 illud

487 3220 727 3278 omnino
747 3220 932 3279 fuisse
948 3220 1203 3296 insigne,
1227 3220 1366 3278 inde
1380 3220 1590 3295 liquet,
1610 3222 1770 3297 quod

490 3307 1061 3381 Tertullianus,
1108 3312 1263 3367 teste
1310 3327 1354 3366 s.
1388 3309 1768 3386 Hierony-

488 3415 596 3454 mo
629 3397 699 3453 de
735 3399 843 3455 vir.
876 3397 962 3454 ill.
995 3416 1042 3454 e.
1077 3407 1177 3467 40,
1227 3416 1324 3455 sex
1361 3397 1767 3457 voluminibus

487 3483 771 3543 adversus
804 3486 1126 3544 Ecclesiam
1157 3485 1352 3555 editis,
1394 3504 1544 3560 quae
1578 3486 1766 3562 serip-

489 3573 567 3631 sit
599 3577 730 3654 περὶ
763 3570 1120 3643 ἐκστάσεως,
1140 3575 1459 3650 septimum
1481 3569 1767 3634 adsersus

483 3663 989 3737 Apollonium
1073 3663 1483 3733 elaboraverit,
1533 3664 1595 3722 in
1645 3683 1765 3739 quo

484 3750 697 3819 omnia,
750 3770 902 3826 quae
953 3752 1057 3809 ille
1105 3747 1324 3828 arguit,
1371 3756 1618 3811 conatur
1664 3754 1764 3813 de·

485 3839 738 3898 sendere.
774 3874 851 3882 -
893 3839 1132 3909 ,Sedet
1163 3842 1466 3899 Musani
1501 3886 1513 3899 .
1547 3886 1562 3899 .
1597 3889 1610 3902 .
1643 3842 1764 3902 ele-

483 3928 875 4004 gantissimus
937 3930 1180 4005 quidam
1226 3935 1416 3989 exstat
1465 3931 1617 3989 liber
1666 3933 1766 3990 Ad

482 4019 760 4094 quosdam
789 4018 1033 4092 fratres,
1082 4019 1186 4094 qui
1220 4020 1291 4078 ad
1326 4020 1761 4079 Encratita-

483 4126 644 4165 rum
691 4107 978 4165 haeresim
1012 4107 1455 4167 desciverant:‘
1503 4110 1760 4186 legimus

480 4196 638 4271 apud
672 4196 927 4254 eundem
959 4196 1372 4256 Eusebium
1404 4198 1499 4268 lV,
1541 4208 1638 4261 28.
1672 4233 1756 4242 —-

480 4285 848 4343 Maximus
898 4285 1231 4360 disputavit
1263 4287 1586 4346 secundum
1621 4289 1755 4346 Eu-

480 4374 779 4431 sebium
812 4374 883 4435 H.
917 4374 979 4436 E.
1014 4375 1091 4448 V,
1120 4386 1195 4438 27
1239 4376 1311 4434 de
1342 4376 1760 4452 vulgatissima

478 4463 584 4520 illa
601 4463 757 4538 apud
776 4463 1098 4523 haereticos
1114 4466 1480 4540 quaestione,
1500 4466 1657 4523 unde
1676 4467 1758 4524 sit

478 4553 719 4625 malum,
755 4555 816 4610 et
846 4552 920 4611 de
952 4571 1021 4612 eo
1040 4554 1197 4629 quod
1221 4554 1467 4612 materia
1492 4554 1641 4611 sacta
1658 4555 1756 4617 sit.

479 4640 561 4699 Ex
614 4641 796 4716 priori
846 4642 1015 4712 libre,
1080 4643 1184 4719 qui
1236 4638 1419 4724 (sicut
1468 4646 1530 4701 et
1578 4639 1751 4722 alter)

945 189 1242 240 101—200.
1270 184 1643 254 Apologetae,
1671 182 2033 254 Apollonius,
2061 184 2352 248 Musanus,
2377 185 2683 239 Maximus.

3046 208 3126 259 44

1846 370 1893 429 E
1909 388 1950 428 u
1970 388 1998 427 s
2014 370 2195 428 ebiu
2211 389 2239 429 s
2290 371 2558 447 Praepar.
2609 392 2817 450 evang.
2871 373 2991 442 Vll,
3048 383 3130 436 22

1848 456 1923 538 (R
1939 477 1973 516 o
1990 460 2127 517 uth
2159 459 2465 535 Reliquiae
2480 478 2675 519 sacrae
2694 461 2785 520 11²
2807 471 3130 531 75—121;

1845 548 2099 624 Migne
2132 549 2169 607 l.
2189 549 2258 619 V,
2292 545 2678 632 1337-56),
2699 552 2801 609 sed
2822 570 2956 610 cum
2978 553 3128 612 illud

1847 637 2082 714 legatur
2097 638 2168 696 ad
2187 639 2434 697 verbum
2459 638 2618 714 apud
2650 640 2709 698 M
2727 658 2759 697 e
2776 645 2802 697 t
2818 641 2857 699 h
2873 659 2905 698 o
2922 641 2959 700 d
2978 642 2995 700 i
3013 662 3054 701 u
3070 662 3129 700 m

1849 728 1918 784 de
1948 727 2122 785 libero
2153 728 2421 802 arbitrio.
2443 728 2828 803 suspicantur
2849 731 3128 789 nonnulli

1845 815 2168 875 Eusebium
2222 836 2326 893 per
2369 835 2627 876 errorem
2674 818 2847 876 illum
2893 821 3126 877 cuidam

1849 905 2098 963 Maximo
2118 906 2404 964 tribuisse
2420 925 2599 981 quem
2618 913 2931 983 propterea
2951 909 3004 967 H
3021 928 3054 967 a
3069 929 3128 966 r-

1844 1012 1885 1051 n
1900 1014 1933 1051 a
1946 1012 1976 1051 c
1991 995 2029 1052 k
2062 994 2268 1053 Gesch.
2301 995 2346 1063 Ι,
2385 1005 2416 1057 7
2429 1004 2507 1058 86
2542 1014 2612 1054 ex
2644 996 3000 1071 scriptorum
3031 1016 3127 1055 ec-

1845 1083 2315 1142 clesiasticorum
2351 1084 2481 1143 albo
2515 1084 2833 1143 delendum
2867 1087 3126 1162 conjicit.

1945 1235 2038 1288 18.
2072 1227 2314 1285 Praeter
2346 1228 2452 1286 hos
2485 1227 2621 1286 fidei
2673 1228 3032 1288 christianae
3065 1234 3131 1287 et

1845 1314 2166 1373 catholicae
2185 1316 2524 1393 apologctas
2545 1318 2747 1392 plures
2769 1317 2960 1376 adhuc
2981 1327 3127 1376 sunt

1845 1404 2144 1463 mentione
2176 1404 2362 1482 digni,
2397 1407 2503 1482 qui
2537 1406 2878 1465 eruditione
2910 1407 3129 1465 inclar-

1842 1491 2062 1565 uerint,
2096 1512 2351 1568 quorum
2396 1498 2599 1553 tamen
2645 1496 2812 1553 nulla
2857 1496 2977 1555 fere
3023 1515 3126 1555 su-

1843 1584 2095 1656 persunt
2142 1588 2540 1643 monumenta.
2615 1585 3121 1658 ,Pantaenus,

1843 1670 2042 1744 inquit
2061 1671 2579 1747 Hieronymus
2601 1673 2832 1733 deviris
2848 1672 2932 1732 ill.
2951 1694 2997 1732 c.
3019 1685 3121 1745 36,

1844 1759 2062 1818 stoicae
2095 1763 2288 1819 sectae
2309 1761 2720 1838 philosophuS,
2734 1764 2909 1838 juxta
2929 1782 3120 1838 quan-

1842 1848 1978 1906 dam
2010 1852 2268 1911 veterem
2300 1850 2362 1907 in
2394 1850 2752 1909 Alexandria
2801 1857 3124 1911 consuetu·

1841 1936 2057 2007 dinem,
2091 1937 2198 1995 ubi
2229 1959 2263 1997 a
2283 1940 2475 1998 Marco
2499 1941 2868 2017 evangelista
2887 1960 3123 2017 semper

1843 2026 2225 2086 ecclesiastici
2257 2030 2420 2086 suere
2440 2028 2729 2100 doctores,
2753 2032 2954 2088 tantae
2974 2050 3120 2111 pruss

1840 2114 2073 2174 dentiae
2105 2120 2166 2173 et
2196 2117 2554 2176 eruditionis
2601 2121 2721 2176 tam
2755 2119 2818 2177 in
2852 2120 3120 2195 Scriptu-

1840 2206 1941 2267 ris,
1975 2223 2153 2279 quam
2186 2207 2251 2264 in
2272 2208 2525 2264 seculari
2545 2207 2859 2266 literatura
2891 2208 3025 2277 fuit,
3049 2219 3122 2266 ut

1839 2293 1901 2351 in
1933 2292 2161 2352 Indiam
2210 2290 2387 2376 (sorte
2421 2296 2693 2354 Arabiam
2746 2296 2840 2355 vel
2872 2297 3121 2355 Aethio—

1836 2378 2019 2461 piam)
2055 2402 2291 2458 quoque
2323 2388 2566 2461 rogatus
2600 2385 2672 2443 ab
2705 2385 2868 2443 illius
2915 2386 3120 2463 gentis

1837 2471 2050 2548 legatis
2106 2493 2140 2529 a
2184 2473 2501 2540 DemetriO,
2561 2473 2949 2533 Alexandriae
2989 2476 3118 2551 epi-

1837 2577 2032 2636 scop0,
2067 2561 2427 2624 mitteretur.
2463 2562 2575 2621 Ubi
2608 2563 2834 2639 reperit
2866 2564 3119 2623 Bartho—

1833 2649 2126 2709 lomaeum
2160 2650 2231 2710 de
2251 2652 2561 2711 duodecim
2587 2654 2871 2728 apostolis
2892 2653 3112 2712 adven·

1833 2743 1964 2797 tum
2010 2740 2249 2798 Domini
2292 2741 2440 2800 Jesu
2486 2741 2704 2799 Christi
2743 2743 2918 2817 juxta
2963 2744 3117 2802 Mat-

1831 2828 1991 2887 thaei
2053 2830 2429 2906 evangelium
2505 2831 2888 2906 praedicasse,
2953 2833 3114 2907 quod

1832 2917 2101 2976 hebraeis
2179 2919 2368 2977 literis
2448 2921 2733 2994 scriptum
2804 2925 3115 2979 revertens

1829 3006 2243 3065 Alexandriam
2260 3026 2457 3066 secum
2476 3014 2560 3066 ret
2569 3009 2701 3070 ulit.
2720 3008 2915 3085 Hujus
2935 3010 3113 3068 multi

1829 3095 2071 3170 quidem
2103 3097 2166 3154 in
2199 3117 2244 3160 s,
2279 3096 2645 3171 Scripturam
2680 3102 2917 3156 exstant
2947 3117 3110 3157 com-

1830 3185 2121 3256 mentarii,
2158 3186 2260 3243 sed
2284 3187 2475 3262 magis
2495 3188 2631 3244 viva
2672 3205 2810 3245 voce
2843 3188 3111 3246 ecclesiis

1827 3272 2115 3347 profuit.‘
2185 3274 2418 3333 Floruit
2431 3274 2478 3352 ¹)
2540 3280 2792 3334 exeunte
2857 3295 2968 3334 sec.
3030 3278 3108 3348 11,

1826 3379 1860 3417 a
1892 3361 2103 3420 Stoicis
2137 3363 2377 3421 transiit
2421 3364 2495 3422 ad
2529 3364 2893 3424 Christianos
2927 3369 3111 3440 atque

1824 3449 2114 3508 celebrem
2148 3451 2359 3510 habuit
2387 3452 2752 3528 discipulum
2791 3454 2971 3529 inque
3011 3474 3106 3513 ca-

1824 3537 2033 3596 thedra
2136 3540 2466 3616 adjutorem
2557 3544 2618 3600 et
2708 3561 3108 3602 successorem

1823 3626 2182 3687 Clementem
2227 3630 2369 3688 alex.
2431 3665 2514 3675 —-
2583 3631 2829 3708 Magnae
2870 3637 3106 3692 contro-

1823 3717 2049 3776 versiae
2083 3721 2446 3778 occasionem
2477 3719 2756 3796 praebuit
2776 3730 2980 3779 nostra
3005 3742 3104 3781 ae-

1901 3895 1936 3952 1)
1966 3887 2047 3941 Cf.
2078 3907 2225 3956 quae
2253 3890 2323 3941 de
2349 3889 2640 3944 Pantaeno
2687 3908 2859 3959 penes
2887 3895 3106 3946 veteres

1820 3960 2188 4029 reperiuntur
2212 3961 2368 4031 apud
2398 3961 2448 4012 H
2465 3977 2497 4012 a
2515 3978 2541 4012 r
2559 3980 2595 4012 n
2612 3978 2645 4013 a·
2662 3981 2690 4014 c
2710 3963 2745 4013 k
2774 3963 2971 4016 Gesch.
3002 3964 3106 4016 der

1818 4032 2019 4085 altchr.
2048 4032 2154 4085 Lit.
2199 4032 2240 4094 I,
2270 4041 2406 4087 291-
2445 4037 2581 4088 296:
2623 4038 2910 4101 praeterea
2943 4033 3036 4086 Ba
3055 4053 3103 4087 r·
3203 4051 3208 4055 ·

1818 4102 1955 4155 den
1974 4105 2056 4157 he
2075 4122 2124 4156 w
2141 4121 2170 4157 e
2187 4121 2213 4154 r
2239 4103 2352 4155 KL.
2385 4103 2472 4165 ΙΧ,
2508 4110 2886 4164 1332-1334;
2933 4105 2987 4157 Μ
3007 4105 3023 4157 i
3041 4127 3102 4174 g·

1817 4191 1854 4225 n
1874 4192 1902 4225 e
1935 4174 2000 4236 V,
2051 4183 2183 4231 1327
2207 4179 2430 4230 —13322
2470 4175 2556 4226 Za
2576 4175 2684 4237 hn,
2728 4176 2953 4230 Forsch.
2999 4195 3106 4229 zur

1817 4245 2017 4298 oesch.
2045 4246 2143 4300 des
2169 4249 2325 4298 neut.
2355 4245 2601 4308 Karmina,
2631 4245 2915 4316 Erlangen
2947 4256 3101 4304 1884.

1816 4315 2237 4380 IH,156-176;
2265 4320 2290 4370 ἓ
2313 4336 2350 4385 y
2367 4336 2396 4371 c
2413 4318 2449 4370 h
2467 4336 2498 4369 o
2518 4335 2566 4369 w
2585 4336 2609 4368 s
2626 4317 2699 4370 ki
2727 4317 2783 4373 in
2802 4332 3101 4376 comment.

1814 4387 1884 4438 ud
1915 4386 2326 4457 Hieronymum
2351 4408 2396 4441 c.
2425 4396 2509 4442 365.
2539 4388 2642 4455 qui
2663 4394 2823 4442 not-at
2845 4408 2927 4446 ea.
2951 4409 3100 4459 quae

1815 4476 1857 4509 s.
1885 4457 2268 4528 Hier-nymus
2307 4461 2375 4512 dc
2424 4460 2790 4530 expeditione
2822 4462 3099 4517 Pani-,aeni

1814 4528 2006 4584 indica
2034 4535 2242 4594 narrat,
2271 4549 2384 4584 non
2412 4532 2549 4583 satis
2577 4549 2695 4584 esse.
2723 4535 2892 4594 certa,
2915 4551 3100 4601 eaque

1812 4601 2013 4654 referri
2052 4605 2125 4654 ab
2165 4601 2410 4654 Eusebio
2439 4601 2506 4664 V,
2539 4611 2603 4657 10
2646 4604 2833 4656 verbis
2865 4605 3101 4668 „fertum

1813 4672 2078 4735 dicitur“,
2132 4674 2280 4728 sicut
2330 4673 2502 4727 etiam
2553 4690 2700 4741 quac
2766 4674 2964 4729 scribit
3028 4677 3098 4730 de,

478 4731 672 4805 periit,
709 4730 950 4808 longum
986 4733 1133 4790 citat
1163 4731 1565 4809 fragmentum
1597 4732 1754 4790 idem
1811 4744 2006 4796 multis
2034 4745 2283 4814 ‘ejusdem
2315 4745 2748 4800 commentariis.
