3505 5161
415 238 528 291 141
1109 266 1116 269 .
1279 266 1285 271 .
1435 224 1713 277 Paulinus
1740 223 2002 278 nolanus.
2893 239 3020 294 442

407 425 539 465 mus
585 411 802 482 utpote
842 410 1066 469 familia
1116 410 1409 469 senatoria
1439 427 1686 469 romana
1740 412 1931 468 morte
1946 405 1991 491 ι)
2039 409 2220 468 vitam
2262 408 2518 467 absolvit
2553 416 2651 470 22.
2685 407 2834 466 Juni
2868 418 3017 470 431.

409 500 575 554 ortus
620 501 683 554 et
725 496 958 557 divitiis
1002 496 1125 557 fere
1158 498 1464 558 immensis
1494 498 1683 557 abun·
1739 499 1832 556 Ita
1860 517 1999 557 eum
2030 498 2523 557 Fortunatus
2555 498 2619 555 in
2638 498 2763 555 vita
2780 496 3023 556 Martini

407 585 580 654 dans:
632 586 851 661 primis
875 587 1113 663 imperii
1144 587 1546 664 dignitatibus
1578 588 1683 646 ho·
1740 588 1779 648 l.
1801 597 1854 650 2.
1873 607 1925 646 v.
1948 598 2069 651 380
2090 605 2168 647 ss.
2186 584 2270 667 (M
2287 586 2306 643 i
2322 605 2415 664 gn
2433 585 2840 656 eLXXXVIIL
2864 581 3022 667 389)

405 678 669 746 notatus,
717 676 820 734 sed
865 695 1004 751 prae
1048 676 1261 752 primis
1305 676 1515 737 mundi
1546 694 1684 735 con·
1739 676 2023 736 celebrat:
2751 698 2770 707 ··

404 767 642 839 temptu
673 765 950 841 vitaeque
982 766 1296 825 sanctitate
1316 766 1684 825 clarissimus

407 853 675 911 seculum
706 854 816 913 hoc
846 873 1023 930 quam
1057 858 1308 913 maxime
1337 856 1683 917 illustravit.

403 942 594 1000 Natus
637 947 729 1001 est
774 961 821 1005 c.
859 962 907 1001 a.
944 953 1069 1006 353
1103 945 1201 1003 vel
1235 953 1360 1007 354
1396 945 1460 1002 in
1492 944 1681 1020 Aqui-

403 1032 579 1093 tania.
643 1032 713 1090 In
763 1033 1019 1091 Ausonii
1069 1033 1262 1093 schola
1306 1034 1544 1111 egregie
1588 1034 1680 1091 in-

404 1120 676 1190 stitutus,
723 1122 878 1180 tanti
921 1122 1195 1199 magistri
1241 1123 1446 1181 fruens
1491 1121 1681 1199 gratia

396 1211 521 1284 jam
540 1228 694 1268 anno
719 1210 819 1274 25'.
839 1212 1050 1271 aetatis
1078 1212 1154 1270 ad
1184 1212 1528 1271 consulatus
1547 1230 1682 1286 pro-

403 1302 601 1358 motus
644 1304 734 1358 est
776 1300 1056 1360 honorem
1105 1299 1301 1379 (378).
1365 1300 1575 1360 Adhuc
1619 1300 1682 1359 in

403 1387 601 1447 seculo
619 1389 841 1466 degens
862 1389 1181 1449 amicitiam
1200 1389 1339 1455 iniit
1357 1407 1504 1449 cum
1534 1389 1681 1448 viris

400 1476 568 1536 illius
598 1479 725 1537 aevi
760 1479 1076 1538 sanctitate
1120 1482 1182 1538 et
1225 1479 1497 1537 doctrina
1527 1480 1677 1538 cele-

402 1564 695 1634 berrimis,
743 1584 879 1625 cum
923 1585 1001 1626 ss.
1048 1568 1304 1626 Martino
1349 1568 1678 1636 turonensi,

401 1655 733 1727 Ambrosie,
755 1656 1133 1733 Hieronymo,
1154 1657 1513 1734 Augustino,
1541 1654 1681 1716 'Vic-

400 1744 575 1803 tricio
607 1748 833 1816 rotom.,
886 1763 1022 1804 cum
1055 1746 1218 1822 Sulp.
1267 1748 1481 1806 Severo
1515 1746 1680 1805 aliis·

402 1851 520 1908 que
550 1837 614 1893 et
643 1834 717 1893 ab
748 1833 823 1892 iis
854 1834 1119 1894 vicissim
1153 1836 1371 1893 summi
1418 1832 1512 1894 est
1560 1835 1677 1894 fac-

400 1925 520 1981 tus.
584 1922 907 1982 Tantorum
949 1924 1214 1983 virorum
1245 1925 1510 2000 exemplo
1542 1942 1678 1984 nec-

401 2030 521 2069 non
539 2011 850 2071 Therasiae
880 2012 1181 2088 piissimae
1212 2014 1414 2071 uxoris
1444 2014 1679 2072 assidua

399 2101 806 2161 exhortatione
827 2104 889 2160 et
910 2102 1124 2176 judicii
1144 2102 1386 2161 extremi
1411 2103 1679 2161 conside·

398 2188 630 2248 ratione
665 2194 863 2249 motus
906 2211 941 2249 a
984 2209 1032 2247 s.
1063 2191 1368 2265 Delphinoss
1393 2191 1677 2267 burdiga-

400 2278 548 2337 lensi
592 2280 867 2355 episcopo
911 2280 1276 2355 baptismum
1324 2281 1588 2357 suscepit
1633 2299 1677 2345 c.

399 2387 450 2437 a.
485 2376 630 2438 389,
664 2372 727 2427 et
756 2369 999 2444 patriae,
1034 2369 1284 2438 senatui,
1317 2370 1514 2429 seculo
1546 2389 1678 2428 mu-

401 2456 604 2532 sisque
635 2458 960 2517 valedicere
1007 2458 1321 2517 constituit
1365 2461 1679 2534 totumque

402 2564 464 2605 se
496 2546 617 2606 Deo
649 2545 844 2606 dicare
877 2542 1302 2629 (390—394).
1360 2548 1597 2608 Invitus
1647 2566 1681 2607 a

1828 766 2010 825 Dives
2039 766 2217 843 agris,
2264 765 2516 840 opulens
2549 763 2807 834 famulis,
2855 764 3018 823 locu-

2380 854 2509 930 ples
2539 858 2602 912 et
2631 854 2872 923 acerviS,

1829 944 1933 1003 Vir
1960 961 2146 1003 censu
2177 946 2404 1012 vastus,
2451 943 2572 1001 lare
2603 941 2795 1000 celsus
2829 946 2888 1000 et
2920 960 3024 1001 ore

2246 1068 2249 1073 .
2379 1030 2692 1101 rotundus,

1831 1121 2023 1180 Ditior
2053 1122 2180 1197 ipse
2224 1120 2359 1195 fide,
2405 1138 2512 1197 pro
2544 1120 2779 1179 Christo
2808 1119 2877 1177 fit
2907 1120 3021 1178 sibi

2382 1228 2624 1286 pauper,

1828 1300 1905 1357 Et
1943 1299 2108 1358 dedit
2138 1300 2481 1359 innumeros
2512 1298 2873 1356 redimentes
2906 1299 3019 1356 cri·

2378 1388 2542 1446 mina
2573 1405 2866 1456 nummos,

1830 1477 2009 1553 Cujus
2040 1495 2246 1552 sparsa
2274 1478 2399 1536 solo
2433 1476 2715 1554 migravit
2756 1476 2827 1533 ad
2862 1479 3026 1533 astra

2344 1609 2349 1614 -
2378 1565 2645 1624 facultas.

1830 1652 1995 1715 Fecit
2025 1658 2087 1714 et
2116 1656 2180 1713 in
2212 1656 2439 1714 coelum
2461 1653 2681 1730 pignus
2712 1652 3026 1711 ascendere

2378 1748 2586 1813 terras,

1827 1836 1954 1893 Uno
2006 1834 2218 1893 stando
2268 1834 2409 1903 loen,
2458 1835 2521 1890 et
2561 1833 2706 1889 dant
2735 1830 2913 1888 bruta
2947 1830 3021 1888 ad

2380 1921 2574 1980 sidera
2607 1921 2843 1978 saltum.

1826 2014 1981 2090 Ergo
2014 2011 2427 2088 evangelicum
2461 2010 2710 2068 Paulino
2744 2008 3025 2084 implente

2377 2099 2653 2168 relatum,

1828 2191 2123 2250 Martinus
2143 2190 2398 2248 monitat
2429 2187 2659 2247 cunctis
2678 2187 2860 2246 talem
2893 2204 3025 2244 esse

2379 2276 2749 2352 sequendum

1832 2368 2090 2427 Tramite
2122 2367 2369 2436 difficili,
2405 2365 2605 2442 potuit
2636 2365 2742 2439 qui
2774 2381 3023 2441 pergere

2379 2456 2543 2513 dives
2555 2451 2624 2533 ²).

1832 2556 1974 2610 249.
2007 2547 2091 2605 Ex
2123 2546 2253 2621 ejus
2284 2544 2637 2604 carminibus
2666 2543 2903 2602 circiter
2936 2551 3021 2605 33

399 2635 1682 2714 Iaampioepiscopobarcinonensipresbyter
1739 2640 2097 2712 supersunt:
2160 2654 2192 2694 e
2253 2635 2475 2710 quibus
2538 2632 2779 2691 maximi
2839 2631 3019 2708 pretii

400 2728 493 2784 est
528 2724 836 2784 ordinatus
869 2720 1074 2807 (393),
1122 2745 1191 2784 ea
1234 2729 1432 2785 tamen
1477 2727 1679 2785 condi·
1738 2729 1885 2785 sunt
1938 2736 2011 2788 13
2068 2721 2153 2806 (et
2208 2734 2308 2786 14.
2357 2720 2815 2802 fragmentum),
2870 2738 3021 2795 quae

399 2813 581 2885 tione,
627 2815 698 2872 ut
727 2815 956 2873 nullius
988 2814 1266 2873 ecclesiae
1300 2815 1543 2874 servitio
1577 2816 1679 2873 ad·
1736 2814 1993 2891 singulis
2044 2813 2216 2871 annis
2267 2812 2331 2870 in
2380 2812 2658 2870 honorem
2713 2827 2756 2874 s.
2806 2809 3020 2870 Felicis

400 2902 786 2962 scriberetur:
809 2905 1099 2962 statuerat
1112 2904 1269 2961 enim
1290 2904 1472 2962 vitam
1488 2907 1681 2962 trans-

399 2990 561 3068 igere
612 2991 685 3051 ad
736 2992 1117 3068 sepulchrum
1149 3011 1195 3051 s.
1227 2992 1438 3051 Felicis
1469 2995 1544 3051 M.
1575 3010 1681 3053 no·

399 3078 520 3138 lani
552 3081 824 3156 specialis
857 3082 953 3140 sui
985 3081 1238 3157 patroni.
1286 3082 1364 3140 Et
1393 3100 1596 3140 revera
1627 3101 1677 3141 a.

405 3177 530 3232 394
580 3170 789 3228 Nolam
851 3171 1094 3229 secessit
1141 3169 1552 3245 habitavitque
1613 3170 1680 3228 in

399 3259 759 3318 monasterio
782 3275 965 3335 prope
999 3277 1044 3321 S.
1077 3259 1354 3332 martyris
1372 3259 1678 3319 basilicam

399 3351 760 3407 constructo.
826 3347 916 3405 Ibi
958 3367 1069 3416 ,ex
1100 3348 1558 3422 opulentissimo
1590 3349 1679 3406 di-

400 3436 522 3495 vite
554 3438 865 3496 voluntate
899 3437 1310 3512 pauperrimus
1372 3443 1435 3495 et
1482 3437 1677 3512 copio-

401 3525 636 3585 sissime
667 3529 927 3595 sanctus,
975 3526 1213 3601 quando
1245 3529 1306 3584 et
1335 3526 1526 3601 ipsam
1558 3527 1677 3585 No-

399 3615 517 3672 lam
553 3615 790 3673 barbari
838 3618 1240 3684 vastaverunt,
1289 3633 1423 3675 cum
1470 3615 1545 3674 ab
1591 3615 1677 3675 eis

399 3706 721 3772 teneretur,
769 3704 851 3763 sic
895 3703 960 3761 in
991 3703 1165 3762 corde
1197 3722 1323 3773 suo,
1371 3708 1444 3764 ut
1486 3704 1562 3763 ab
1607 3723 1675 3763 eo

1736 2902 1940 2962 nolani
1973 2895 2390 2981 composuitss).
2457 2900 2602 2958 Prae
2634 2899 2842 2975 primis
2894 2899 3023 2957 suis

1815 3078 1852 3142 ¹)
1882 3072 1927 3125 U
1945 3089 1973 3124 r
1987 3088 2022 3125 a
2036 3071 2112 3124 ni
2131 3089 2167 3123 u
2186 3088 2211 3122 s
2236 3069 2441 3140 gallus,
2463 3087 2505 3122 s.
2522 3066 2754 3121 Paulini
2774 3066 3022 3147 discipu-

1735 3146 1826 3199 lus
1851 3147 1910 3197 et
1934 3143 2229 3214 presbyt-er
2254 3139 2517 3204 nolanuS,
2545 3139 2676 3192 stilo
2688 3139 2937 3208 simplici
2964 3141 3028 3191 et

1735 3214 1923 3269 nitido
1950 3213 2253 3288 descripsit
2276 3211 2338 3264 in
2365 3227 2394 3263 e
2441 3252 2454 3266 .
2479 3211 2551 3264 ad
2580 3210 2872 3272 Pacatum,
2895 3226 3019 3279 poe-

1735 3289 1854 3340 tam
1882 3286 2117 3356 gallum,
2145 3283 2369 3337 obitum

1735 3356 2006 3412 morienti
2030 3355 2246 3408 aderat.
2299 3353 2436 3408 Eam
2478 3353 2664 3406 edidit
2689 3351 2728 3405 C
2746 3352 2785 3404 h
2803 3351 2823 3405 i
2841 3353 2868 3404 f
2880 3352 2934 3406 fl
2952 3368 2980 3405 e
2998 3357 3024 3405 t

1735 3429 1797 3482 in
1823 3445 1926 3482 suo
1954 3427 2194 3481 Paulino
2239 3427 2544 3488 illustrato,
2578 3423 2712 3477 inde
2739 3422 3026 3479 Bollandi·

1735 3503 1855 3554 stae
1880 3499 1953 3553 ad
1981 3505 2066 3555 22.
2092 3500 2228 3552 Jun.
2259 3501 2317 3550 et
2343 3495 2715 3550 Muratori
2754 3494 2904 3549 inter
2930 3512 3019 3565 op.

1735 3570 1966 3625 Paulini
1993 3571 2107 3626 nol.
2135 3572 2194 3624 et
2218 3569 2310 3621 Mi
2331 3588 2369 3639 g
2386 3586 2423 3621 n
2440 3584 2468 3621 e
2496 3567 2620 3620 LIII
2640 3573 2904 3624 857--66.

1810 3647 1850 3712 ἵ)
1876 3642 2134 3711 Respicit
2146 3641 2244 3695 hic
2260 3657 2408 3709 quae
2425 3640 2601 3693 refert
2622 3639 2657 3692 S
2675 3656 2711 3691 u
2729 3638 2748 3691 l
2764 3657 2801 3708 p
2818 3638 2838 3690 i
2854 3655 2883 3690 c
2901 3638 2922 3690 i
2942 3655 2979 3691 u
2997 3655 3026 3690 s

1735 3713 1795 3766 in
1821 3714 1859 3766 l.
1885 3713 1956 3766 de
1983 3714 2105 3766 vita
2134 3714 2185 3766 b.
2213 3711 2451 3765 Martini
2476 3728 2534 3763 n.
2561 3718 2661 3766 25:
2693 3709 3021 3771 „Praestan-

2442 3281 2627 3336 aulini
2668 3280 2884 3344 nolani,
2926 3280 3019 3334 cui

398 3795 606 3867 postea
654 3792 1069 3870 mgnovimug‚
1117 3794 1499 3867 precabatur:
1563 3794 1677 3852 Do-
1734 3784 2017 3838 tissimum
2059 3782 2224 3837 nobis
2265 3781 2652 3853 praesentium
2699 3786 3019 3851 temporum

398 3881 575 3951 mine,
614 3900 734 3940 non
767 3881 1068 3940 excrucier
1099 3885 1340 3957 propter
1370 3901 1583 3942 aurum
1616 3886 1677 3940 et

1734 3854 1981 3909 illustris
2021 3855 2133 3908 viri
2173 3852 2408 3907 Paulini
2437 3893 2449 3906 .
2478 3892 2490 3903 .
2520 3892 2532 3906 .

1735 3928 1971 3995 gerebat
2014 3925 2357 3996 (Martinus),
2404 3923 2509 3992 qui
2534 3941 2770 3977 summis
2815 3923 3023 3992 opibus

2573 3853 2897 3933 exemplum
2940 3852 3021 3903 in-

399 3976 743 4047 argentum:
791 3970 897 4028 ubi
942 3970 1102 4028 enim
1146 3971 1267 4029 Sint
1298 3973 1495 4030 omnia
1525 3990 1673 4039 m⁰⁸²
1734 3996 1990 4066 abjectis,
2031 3997 2320 4051 Christum
2360 3997 2605 4056 secutuS,
2647 3993 2833 4047 solum
2880 4009 3025 4063 pene

400 4063 470 4117 tu
500 4059 734 4134 scial).‘
801 4058 997 4117 Vitam
1028 4058 1199 4117 duxit
1230 4060 1429 4119 studio
1463 4079 1508 4118 s.
1529 4059 1678 4118 Scri·

398 4152 628 4225 pturae,
658 4148 898 4224 pietatis
928 4148 1245 4219 exercitiis,
1279 4149 1681 4225 poenitentiae

399 4236 879 4312 humilitatisque
901 4237 1178 4313 operibus
1201 4237 1478 4297 deditam.
1510 4237 1678 4295 Elec·

399 4330 501 4385 tus
533 4328 628 4386 est
671 4326 734 4386 in
774 4325 1117 4401 episcopum
1151 4327 1435 4386 nolanum
1467 4346 1516 4389 a.
1551 4336 1677 4390 409

399 4434 465 4475 ac
482 4433 870 4492 perseverans
903 4415 966 4472 in
998 4414 1191 4472 omnis
1211 4414 1458 4474 virtutis
1479 4415 1680 4474 studio

399 4508 579 4581 atque
628 4505 693 4563 in
741 4502 1078 4563 exercendis
1130 4504 1565 4563 misericordiae
1615 4503 1679 4560 in

400 4595 592 4652 omnis
624 4593 858 4670 generis
905 4610 1120 4668 egenos
1163 4593 1442 4668 operibus
1477 4595 1679 4651 sancta

478 4710 698 4836 ¹l)1tag.
727 4709 1205 4779 Augustigus
1233 4711 1303 4763 de
1329 4710 1434 4766 cir.
1465 4709 1624 4762 Deil.
1651 4718 1674 4764 l

399 4799 447 4836 c.
508 4791 626 4836 On.
653 4821 701 4834 -.

1735 4066 1827 4121 his
1888 4068 2247 4136 temporibus

1735 4141 2103 4209 complesset:
2129 4138 2299 4192 illum
2339 4136 2505 4191 nobis
2546 4136 2918 4204 sequendum,
2958 4135 3025 4188 il·

1735 4211 1853 4264 lum
1905 4209 2189 4265 clamabat
2244 4207 2622 4262 imitandum:
2678 4209 3027 4274 beatumque·

1735 4297 1854 4334 esse
1882 4297 2147 4352 praesens
2172 4282 2425 4336 seculum
2452 4280 2647 4331 tantae
2685 4278 2816 4330 fidei
2846 4275 3021 4330 virtu-

1737 4353 1927 4420 tisque
1972 4353 2331 4412 documento,
2376 4367 2505 4403 cum
2548 4349 2860 4402 secundum
2904 4363 3020 4400 sen-

1736 4425 1979 4477 tentiam
2007 4422 2241 4478 Domini
2266 4421 2491 4493 (Matth.
2525 4426 2604 4482 19,
2632 4425 2696 4475 21
2727 4422 2818 4490 ss.)
2860 4418 3025 4471 dives

1735 4497 1794 4546 et
1818 4495 2114 4565 possidens
2154 4495 2353 4555 multa,
2396 4491 2692 4545 vendendo
2734 4488 2924 4542 omnia
2966 4495 3023 4543 et

1735 4566 1925 4620 dando
1968 4566 2339 4636 pauperibus,
2380 4563 2534 4632 quod
2575 4565 2698 4615 erat
2735 4562 2893 4614 factu
2922 4560 3022 4613 im-

1735 4637 2026 4707 possibile,
2054 4637 2324 4707 possibile
2353 4634 2577 4689 fecisset
2602 4633 2909 4703 exemp10.“

1810 4716 1831 4746 ⁸
1880 4708 1940 4760 ln
1967 4709 2095 4762 dem
2125 4705 2532 4762 Unterschiede
2562 4722 2672 4758 von
2693 4705 2821 4757 dem
2844 4703 3025 4755 Feuer

1736 4796 1815 4831 un
1872 4779 1971 4832 der
1984 4779 2387 4834 Leidenschaft
2402 4779 2499 4832 des
2517 4776 2862 4830 Prudentius
2872 4774 3024 4844 zeigt

2322 4065 2654 4135 evangelica
2718 4068 3021 4136 praecepta
