3505 5161
380 220 502 276 135
1274 203 1327 258 S.
1355 204 1666 275 Gregorius
1695 205 2096 261 nazianzenus.
2877 227 2994 282 155

375 392 439 450 in
471 390 893 467 Hammon-on,
936 393 1006 450 de
1048 392 1366 452 conditione
1411 392 1662 451 hominis
1715 394 1865 452 male
1898 392 1971 452 de
2003 394 2131 469 ipso
2152 396 2488 469 auguratus
2517 395 2628 465 est,
2660 413 2851 471 quum
2871 397 3001 472 ejus

379 483 443 540 et
483 499 553 540 ex
596 482 770 557 parte
814 482 886 539 do
928 482 1046 540 vita
1096 480 1311 557 Moysis
1324 502 1355 551 ,·
1403 480 1547 540 haec
1594 480 1658 540 ll.
1716 481 1991 542 habitum
2022 500 2336 557 moresque
2367 484 2749 560 conspiceret.
2796 486 2867 544 In
2898 503 3002 561 pa·

381 569 760 648 dogmaticos.
801 570 983 629 Plura
1013 587 1059 628 s.
1080 569 1351 647 Gregorii
1370 570 1662 645 opuscula
1714 571 1892 630 triam
1953 588 2231 631 reversus
2287 568 2364 653 (a.
2419 566 2575 655 360)
2637 572 3004 650 baptismum

379 657 732 735 prodierunt
793 659 858 717 in
920 659 967 717 O
984 677 1017 718 e
1032 659 1157 718 hle
1171 659 1239 718 ri
1300 659 1663 718 bibliotheca
1717 660 1982 737 suscepit
2011 662 2329 738 totumque
2361 660 2572 720 exinde
2612 678 2675 720 se
2706 662 2828 721 Deo
2860 681 2998 722 con·

380 748 491 811 PP.
522 747 755 823 Lipsiae
797 756 1229 812 1858--1859
1264 750 1308 806 t.
1343 758 1381 810 4
1414 747 1479 807 in
1510 757 1569 812 8.

1717 748 1971 809 secrevit
1991 749 2320 809 solitudine
2347 753 2410 809 et
2440 750 2629 809 ascesi
2661 769 2841 827 quam
2873 769 2999 811 ma·

1717 837 1875 897 xime
1907 837 2254 903 delectatus.
2303 838 2451 897 Cum
2481 857 2622 898 vero
2653 842 2825 916 pater
2854 857 3001 900 suus

471 936 571 989 86.
603 926 894 1001 Sequitur
914 926 1040 1001 jam
1083 926 1333 985 tertium
1375 927 1541 985 illius
1587 926 1660 985 il-
1716 926 2073 987 Arianorum
2118 926 2402 1005 deceptus
2446 928 2652 987 fraude
2712 928 3002 989 formulae

380 1015 590 1075 lustris
608 1015 859 1074 ternarii
879 1014 1238 1091 cappadocii‚
1269 1032 1392 1091 quo
1410 1016 1662 1075 maxime

1717 1015 2064 1076 ariminensi
2097 1016 2566 1093 subscripsisset,
2599 1035 2720 1076 non
2750 1017 3000 1093 quievit,

380 1105 489 1165 hoc
519 1105 720 1164 seculo
750 1104 1053 1163 illustrata
1080 1104 1198 1163 fuit
1227 1104 1535 1164 orientalis
1553 1104 1662 1163 Ec-
1716 1105 1905 1165 donec
1966 1108 2140 1181 pater
2195 1106 2364 1165 edita
2411 1106 2777 1166 confessione
2825 1107 3003 1183 plane

380 1194 570 1263 clasis,
602 1192 1088 1270 splendissimum
1110 1192 1276 1252 sidus
1308 1211 1354 1252 s.
1387 1192 1529 1253 Gre
1541 1213 1583 1271 g
1598 1212 1662 1253 o·

379 1284 545 1343 rius
575 1282 985 1353 nazianzenus,
1016 1282 1124 1358 qui
1149 1285 1213 1341 et
1230 1282 1663 1360 cogitationum

379 1371 753 1432 sublimitate
785 1374 847 1430 et
874 1371 1189 1431 nobilitate
1220 1371 1595 1448 eloquentiae
1620 1390 1664 1431 s.

381 1460 672 1521 Basiliam
716 1463 780 1519 et
824 1460 1005 1536 hujus
1035 1460 1279 1519 fratrem
1310 1461 1666 1538 Gregorium

378 1567 705 1627 nyssenum
724 1549 1034 1626 praecellit
1048 1552 1115 1625 ι).
1162 1549 1355 1610 Natus
1388 1553 1483 1609 est
1506 1550 1668 1608 intra

378 1659 418 1698 a
438 1647 742 1703 324—29
764 1660 778 1708 ;
804 1638 981 1713 juxta
1009 1638 1156 1697 alios
1187 1655 1235 1700 c.
1259 1647 1384 1702 330
1407 1637 1473 1697 in
1492 1656 1663 1716 pago,

380 1728 707 1787 cuinomen
717 1727 1217 1804 Arianzus‚prope
1227 1724 1666 1810 Nazianzum2),

379 1820 548 1895 patre
578 1816 865 1892 Gregorio
908 1816 1208 1892 quondam
1253 1817 1511 1888 ethnice,
1559 1816 1665 1892 qui

378 1910 579 1966 tamen
598 1904 848 1966 Nonnae
876 1903 1182 1981 piissimae
1199 1906 1403 1965 uxoris
1421 1905 1667 1965 monitis

381 1998 447 2054 et
504 1994 787 2071 precibus
836 2011 1158 2054 conversus
1211 1997 1307 2053 est
1365 1994 1440 2053 ad
1490 1994 1667 2053 fidem

382 2083 608 2143 Christi
624 2083 937 2159 factusque
953 2082 1335 2159 postmodum
1348 2084 1666 2160 episcopus

383 2172 795 2233 nazianzenus.
858 2174 912 2231 A
960 2174 1151 2232 matre
1189 2172 1518 2249 peroptime
1547 2171 1668 2231 fuit

382 2261 710 2321 institutus
742 2259 807 2320 in
836 2260 1003 2320 omni
1020 2260 1243 2338 pietate
1262 2260 1664 2339 christiana8).

382 2350 612 2411 Studiis
644 2367 885 2426 operam
915 2349 1082 2409 dedit
1113 2350 1425 2410 Caesareae
1444 2351 1665 2427 Cappa-

383 2439 600 2510 dociae,
632 2438 740 2497 ubi
771 2439 1030 2515 primum
1061 2440 1344 2516 cognovit
1359 2440 1666 2510 Basilium,

385 2527 526 2589 dein
555 2528 871 2589 Caesareae
916 2528 980 2588 in
1012 2528 1367 2602 Palaestina,
1413 2528 1667 2590 Alexan-

384 2617 568 2694 driae,
614 2618 856 2677 demum
898 2618 1170 2688 Athenis,
1216 2618 1323 2678 ubi
1355 2619 1395 2676 J
1398 2619 1667 2679 ulianum

387 2707 662 2767 futurum
680 2724 977 2767 caesarem
996 2707 1288 2785 cognovit,
1321 2708 1424 2767 sed
1453 2710 1516 2766 et
1534 2727 1667 2767 mox

463 2917 500 2985 ¹)
531 2912 601 2965 Es
653 2915 731 2965 ist
789 2912 953 2968 nicht
1004 2911 1424 2983 unberechtigt‚
1475 2912 1669 2981 inquit

386 2983 936 3038 Bardenhewer
977 2993 1005 3049 g
1031 2987 1100 3040 67
1126 3004 1181 3039 n.
1209 2992 1259 3048 8,
1312 2983 1560 3039 Basilius
1585 2987 1669 3039 als

384 3055 492 3109 den
522 3055 696 3110 Manu
723 3054 824 3109 der
843 3056 1007 3120 That‚
1036 3055 1251 3126 Gregor
1279 3072 1389 3110 von
1416 3055 1668 3110 Nazianz

387 3128 470 3181 als
496 3127 608 3180 den
635 3125 866 3180 Meister
890 3126 989 3180 des
1016 3126 1261 3191 Wortes‚
1307 3127 1424 3181 und
1453 3126 1669 3198 Gregor

386 3214 496 3252 von
524 3198 707 3265 Nyssa
731 3199 816 3252 als
841 3198 952 3252 den
968 3196 1195 3251 Denker
1215 3216 1284 3250 zu
1308 3197 1668 3252 bezeichnen.

460 3272 500 3341 ²)
527 3268 736 3322 Benoit
754 3269 1003 3324 ostendit
1018 3269 1078 3322 in
1095 3269 1288 3324 Revue
1304 3269 1401 3322 des
1419 3287 1512 3337 qq.
1535 3269 1669 3322 hist.

385 3346 470 3402 21,
503 3343 745 3396 146-57
787 3357 919 3393 eum
956 3356 1145 3408 neque
1169 3343 1304 3393 ante
1330 3357 1381 3397 a.
1409 3347 1531 3404 3⁶24,
1576 3357 1668 3394 ne-

385 3427 499 3479 que
568 3414 658 3464 ost
682 3427 734 3466 a.
762 3417 867 3467 329
891 3427 1010 3466 esse
1038 3415 1257 3465 natum.

458 3487 500 3552 ⁸)
550 3481 726 3536 ‘rater
753 3481 877 3550 ejus
918 3485 1107 3537 aetate
1127 3481 1325 3551 junior
1349 3485 1472 3535 erat
1512 3481 1552 3536 C
1569 3499 1601 3534 a
1619 3498 1669 3534 e·

384 3569 461 3633 sa
477 3552 595 3606 riu
614 3571 640 3606 s
678 3552 1028 3624 professione
1054 3553 1309 3608 medicus
1335 3555 1426 3608 vel
1450 3553 1511 3606 in
1538 3554 1671 3608 aula

384 3641 463 3677 im

384 3695 474 3748 fui

385 3767 517 3820 niae
545 3766 883 3837 praefectus.
913 3767 1018 3821 Vel
1042 3766 1104 3820 in
1129 3767 1265 3821 aula
1291 3765 1323 3819 J
1331 3766 1513 3821 uliani
1538 3783 1669 3837 apo-

386 3839 567 3892 statae
610 3841 841 3892 strenue
878 3839 1050 3892 fidem
1086 3837 1349 3894 servavit.
1402 3837 1671 3892 Precibus

384 3908 735 3978 monitisque
762 3913 1064 3979 parentum
1106 3909 1415 3990 fratrisque
1455 3910 1524 3962 de
1551 3908 1671 3962 ani·
1763 3952 1775 3964 .

386 3996 508 4034 mae
534 3980 717 4051 ipsius
743 3981 928 4035 salute
953 3981 1194 4035 maxime
1216 3981 1594 4035 sollicitorum
1615 3982 1674 4033 et

541 3628 816 3689 ratorum,
872 3624 1025 3678 unde
1089 3624 1312 3694 magnis
1358 3623 1671 3679 honoribus
1725 3616 1845 3672 ‘1¹¹0

538 3700 775 3755 auctus;
802 3713 836 3748 a
862 3695 1104 3750 Valente
1130 3695 1319 3750 factus
1347 3699 1431 3749 est
1475 3694 1668 3763 Bithy·
1724 3689 1895 3761 parte
1927 3703 2036 3745 sua
2066 3685 2375 3748 multatus,

1719 1194 2043 1254 orthodoxa
2060 1194 2289 1254 animos
2309 1195 2515 1254 ovium
2546 1198 2869 1255 commotos
2899 1215 3002 1272 pa-

1718 1286 1928 1343 casset.
1959 1283 2197 1344 Invitus
2226 1285 2541 1361 presbyter
2568 1284 2879 1345 ordinatus
2911 1288 3004 1344 est

1719 1373 1873 1432 forte
1904 1390 1952 1434 c.
1984 1392 2033 1431 a.
2056 1381 2175 1436 361
2201 1392 2215 1431 z
2249 1372 2353 1433 sed
2386 1391 2518 1432 mox
2547 1376 2717 1433 tanto
2749 1374 2998 1433 territus

1720 1480 1899 1521 onere
1930 1462 1995 1520 in
2026 1460 2417 1521 solitudinem
2447 1462 2720 1539 confugit
2748 1462 2823 1521 ad
2853 1462 3000 1521 ami—

1718 1569 1858 1609 cum
1887 1567 2065 1609 suum
2086 1569 2346 1627 suaeque
2365 1550 2558 1628 fugae,
2593 1570 2745 1628 quae
2776 1552 3000 1610 multos

1722 1639 2066 1710 offenderat,
2113 1639 2404 1700 rationem
2441 1639 2704 1698 reddidit
2734 1639 2797 1698 in
2829 1639 3002 1699 nobi-

1721 1728 1953 1787 lissima
2001 1728 2268 1787 oratione
2317 1728 2685 1805 apologetica
2744 1729 2814 1787 de
2857 1730 3005 1807 fuya

1721 1813 1911 1899 sual).
1977 1818 2110 1875 Mox
2159 1820 2363 1876 tamen
2407 1816 2592 1876 rediit
2631 1836 2830 1876 amore
2861 1835 3001 1876 con-

1721 1905 1946 1965 civium
1994 1908 2333 1981 pertractus
2382 1907 2444 1964 et
2491 1907 2760 1982 exemplo
2809 1907 3002 1966 Jonas

1721 1995 1952 2053 excitus
1972 1998 2320 2071 patremque
2341 2013 2519 2055 suum
2538 1994 2773 2071 adiuvit
2804 1995 2867 2053 in
2899 1994 3003 2053 ad-

1719 2083 2119 2143 ministranda
2137 2101 2246 2142 sua
2264 2084 2532 2143 ecclesia:
2553 2084 2826 2160 quamvis
2844 2084 3006 2143 enim

1722 2172 2049 2232 solitudine
2081 2172 2493 2244 delectaretur,
2532 2191 2713 2249 quam
2742 2172 3004 2250 primum

1722 2262 2022 2321 Ecclesiae
2041 2262 2265 2321 bonum
2284 2263 2415 2337 ejus
2445 2262 2780 2338 postularet
2811 2280 3000 2338 opem,

1722 2353 2036 2427 promptus
2066 2351 2287 2415 aderat.
2351 2352 2404 2408 A
2435 2349 2659 2410 Basilio
2689 2351 3000 2410 ordinatus

1721 2442 1817 2499 est
1836 2440 2200 2499 Sasimorum
2217 2440 2550 2517 episcopus,
2584 2439 2784 2499 induci
2804 2442 3006 2498 tamen

1721 2547 1844 2590 non
1873 2529 2091 2607 potuit,
2124 2531 2198 2588 ut
2227 2528 2504 2590 stabilem
2524 2529 2706 2605 hujus
2725 2529 3004 2589 ecclesiae

1723 2619 1790 2677 in
1834 2636 1898 2679 se
1946 2618 2279 2695 susciperet
2322 2637 2524 2677 curam
2567 2637 2816 2695 eamque
2853 2619 3008 2677 forte

1723 2727 1800 2767 ne
1846 2708 1998 2767 adiit
2040 2707 2303 2785 quidem.
2368 2707 2664 2766 Defuncto
2695 2711 2865 2782 patre
2897 2724 3006 2766 suo

1724 2815 1907 2873 prope
1950 2797 2287 2857 centenario
2320 2797 2472 2876 (373
2525 2796 2618 2855 vel
2668 2793 2822 2876 374)
2867 2813 3004 2854 con-

1722 2886 1948 2945 civium
1995 2885 2277 2962 precibus
2335 2887 2573 2944 coactus
2622 2884 3005 2943 nazianzenae

1721 2974 2002 3033 ecclesiae
2021 2972 2595 3033 administrationem
2617 2973 2830 3031 saltem
2853 2974 3004 3031 tem·

1724 3063 2015 3139 porariam
2047 3063 2307 3121 admisit.
2371 3062 2518 3121 Cum
2566 3079 2704 3120 vero
2733 3062 3005 3121 concives

1723 3154 2144 3211 cunctarentur
2189 3169 2410 3210 novum
2440 3149 2656 3226 eligere
2686 3152 3004 3225 pastorem,

1724 3240 1953 3300 viribus
1978 3241 2106 3316 jam
2138 3239 2364 3299 fractus
2384 3238 2712 3299 Seleuciam
2739 3239 3005 3299 Isauriae

1725 3330 1970 3389 secessit
2001 3325 2207 3411 (375),
2247 3331 2564 3405 totumque
2594 3328 2779 3388 ascesi
2811 3345 2874 3387 se
2905 3328 3004 3388 de-

1724 3418 1833 3477 dit.
1900 3419 2143 3478 Summo
2188 3435 2454 3477 moerore
2498 3417 2745 3476 affectus
2792 3420 2888 3476 est
2930 3416 3006 3477 ob

1725 3508 2014 3567 nuncium
2058 3507 2269 3567 mortis
2316 3506 2608 3566 carissimi
2644 3505 3007 3566 fidelissimi-

1888 3597 2062 3655 amici
2109 3595 2319 3655 Basilii
2364 3591 2547 3678 (379)
2593 3595 2770 3671 quasi
2816 3595 3010 3654 media

1823 3873 1921 3926 87.
1955 3862 2325 3921 Tristissima
2368 3861 2609 3921 interim
2655 3864 2782 3921 erat
2825 3863 3009 3922 eccle-

1728 3970 1852 4011 siae
1882 3950 2561 4027 constantinopolitanae
2593 3950 2852 4010 conditio
2894 3952 3007 4010 sub

383 4051 639 4121 periculo
692 4051 845 4105 vitae
894 4052 1189 4107 occasione
1240 4055 1423 4105 terrae
1484 4053 1673 4106 motus
1730 4040 1976 4099 Valente
2007 4040 2149 4114 imp.
2182 4039 2426 4115 penitus
2457 4039 2688 4098 ariano:
2735 4039 2878 4098 fides
2909 4059 3008 4099 ex·

387 4122 619 4176 territus
644 4122 925 4194 cogitavit
948 4124 1017 4177 de
1044 4122 1493 4192 derelinquenda.
1518 4124 1672 4177 aula.
1728 4128 1964 4188 gulgbgt
2010 4127 2350 4197 orthodoxa,
2401 4127 2570 4185 nulla
2617 4127 2873 4203 mplius
2916 4145 3010 4186 ΥΘ-

386 4192 584 4247 Morbo
611 4198 906 4265 correptus
937 4195 1281 4265 baptismum
1310 4194 1562 4264 suscepit
1580 4192 1670 4247 de·
1727 4218 1872 4276 licta
1914 4216 2033 4276 fust,
2077 4216 2248 4276 aedes
2294 4233 2459 4273 sam-3
2490 4215 2809 4273 catholicis·
2856 4216 3009 4292 geg-

386 4264 667 4334 cessitque
713 4269 840 4337 (368
864 4267 1128 4338 ve1369).
1180 4266 1673 4321 Circumferuntur

387 4337 495 4390 sub
520 4337 645 4406 ejus
661 4336 888 4391 nomine
915 4340 1132 4406 Dialoqi
1155 4341 1191 4392 Ι
1203 4340 1361 4391 Vseu
1390 4335 1672 4404 quaestio·

1727 4309 1907 4365 nante
1945 4306 2070 4383 jam
2117 4302 2442 4363 Theodosio
2486 4321 2622 4379 spes
2668 4303 2872 4362 illuxit
2915 4322 3009 4362 re-

387 4423 485 4463 nes
510 4411 571 4462 et
595 4408 993 4478 responsiones
1038 4409 1348 4478 theologici
1391 4411 1451 4462 et
1490 4407 1671 4479 philo·
1728 4394 2118 4455 Sssssumfionifl
2140 4392 2278 4452 fidei
2297 4392 2633 4450 catholicae·
2670 4393 3008 4452 Accersitus

386 4479 1674 4621 semesum&..esseest

388 4623 598 4676 nentur.
626 4621 736 4675 Eas
748 4622 996 4692 reperies
1008 4622 1166 4692 apud
1188 4621 1235 4675 G
1252 4623 1322 4677 al
1340 4623 1410 4677 la
1426 4640 1465 4674 n
1481 4622 1517 4674 d
1536 4621 1556 4673 i
1576 4620 1672 4684 VI,

1807 4624 1845 4690 ¹)
1873 4619 2010 4674 Eam
2038 4619 2213 4673 habes
2237 4615 2414 4672 latine
2443 4631 2658 4670 versam
2678 4613 2830 4669 inter
2845 4633 3010 4686 opus·

394 4699 630 4750 1—152:
677 4692 928 4763 Migne
968 4692 1027 4746 P.
1056 4693 1122 4747 G.
1148 4693 1455 4756 XXXVIII,
1495 4700 1671 4748 851—
1728 4693 1857 4746 cula
1883 4708 1917 4744 a
1944 4689 2110 4744 nobis
2149 4687 2304 4743 edita
2345 4687 2457 4752 XL,
2501 4693 2739 4748 1—-119;
2781 4687 3010 4742 seorsim

395 4768 544 4820 1190.
598 4762 681 4817 Cf.
708 4763 1012 4819 Jocham
1037 4764 1247 4830 KL.11‚
1282 4771 1434 4821 1660.

1728 4761 1914 4816 edidit
1938 4763 1998 4816 et
2021 4762 2070 4814 A
2087 4761 2108 4814 l
2124 4779 2152 4813 z
2169 4778 2200 4815 ο
2219 4780 2256 4830 g
2285 4758 2552 4829 Friburgi
2584 4766 2754 4819 1858:
2784 4766 2936 4817 1868-

2618 4855 2651 4906 6
2671 4849 2691 4869 .
