3505 5161
405 249 522 302 797

1581 231 1746 284 Maur
1756 249 1837 285 us.

2896 248 3016 303 798

397 419 508 478 hoc
537 436 702 494 opus,
750 417 838 477 ita
882 421 954 476 ut
1000 435 1045 480 s.
1079 417 1301 475 Odilo
1334 417 1515 476 abbas
1549 417 1674 475 clu-
1744 417 1971 475 tualem
2036 415 2514 494 intelligentiam.
2596 417 3023 477 Desiderantur

396 508 689 567 niaeensis
735 507 807 566 de
869 525 936 566 eo
999 506 1223 565 diceret
1269 506 1333 565 in
1383 525 1555 565 serm.
1606 507 1678 565 de
1734 509 1937 566 tamen
1967 505 2141 565 modo
2161 505 2569 566 commentarii
2600 507 2663 565 in
2682 507 2816 575 Job,
2850 508 3020 567 Psal-

398 598 570 656 laude
616 615 662 657 s.
710 597 910 656 Crucis
956 593 1235 674 (Migne
1268 594 1441 666 CVII,
1493 591 1675 674 108):
1736 614 1886 666 mos,
1937 594 2202 665 Esdram,
2254 594 2516 666 Tobiam,
2580 596 2643 654 in
2694 596 2910 654 Isaiam
2958 598 3022 656 et

399 687 719 756 ,Rabanus
741 686 994 745 seculari
1015 684 1265 744 scientia
1290 684 1508 743 affatim
1541 703 1675 743 eru·
1733 683 2059 753 Danielem,
2092 683 2158 742 in
2174 685 2490 759 prophetas
2515 685 2791 755 minores,
2825 685 2891 743 in
2911 685 3018 744 Ec-

396 776 578 845 ditus,
612 776 726 835 fide
757 774 1101 845 catholicus,
1150 773 1452 849 spirituali
1486 774 1675 832 scien·
1737 774 2055 832 clesiasten
2087 773 2153 832 et
2171 772 2475 832 Canticum
2496 778 2666 845 cant„
2698 774 2762 832 in
2781 774 3018 845 Lucam,

394 865 481 924 tia
525 865 599 924 ad
640 865 883 940 plenum
911 863 1174 933 edoctae,
1220 862 1339 921 tale
1384 862 1458 921 de
1502 862 1678 921 laude
1734 863 1775 921 J
1778 880 2044 932 oannem,
2093 861 2157 920 in
2201 881 2294 937 ep.
2338 863 2649 922 canonicas
2694 868 2756 923 et
2794 867 3022 940 Apoca-

397 972 442 1018 s.
474 954 673 1013 Crucis
703 954 900 1013 texuit
943 971 1094 1029 opus
1139 955 1202 1010 et
1245 952 1497 1011 texendo
1543 970 1677 1026 per·-
1733 951 1953 1028 lypsin,
2003 951 2070 1009 in
2099 954 2286 1013 Actus
2316 953 2740 1027 apostolorum.
2801 952 3023 1012 Calluit

394 1043 564 1114 fecit,
636 1062 755 1119 quo
815 1041 1139 1118 pretiosius
1200 1040 1275 1099 ad
1336 1040 1675 1110 videndum,

394 1133 708 1191 amabilius
740 1132 813 1190 ad
844 1130 1183 1209 legendum,
1218 1130 1454 1188 dulcius
1481 1128 1553 1187 ad
1585 1147 1677 1188 re-

395 1222 725 1289 tinendum,
773 1221 1125 1280 laboriosius
1172 1219 1245 1278 ad
1292 1217 1675 1278 scribendum

394 1329 515 1369 non
562 1313 760 1388 potest
816 1309 1133 1371 inveniri.‘
1210 1308 1676 1367 Mabillonio

393 1404 594 1459 tamen
613 1400 867 1475 aliisque
879 1398 1185 1475 judicibus
1214 1415 1363 1474 opus
1396 1398 1507 1456 hoc
1537 1397 1676 1472 plus

394 1488 576 1548 habet
592 1489 838 1567 ingenii,
872 1488 1092 1547 laboris
1111 1489 1292 1562 atque
1312 1486 1674 1546 arteficiosae

395 1578 760 1655 diligentiae,
824 1597 1005 1653 quam
1063 1575 1368 1638 utilitatis,
1448 1574 1679 1634 Prodiit

396 1686 573 1744 opera
601 1668 725 1730 Jac.
772 1664 1375 1742 Wimphelingii
1422 1664 1678 1723 Phorcae

403 1767 567 1820 1503
601 1757 664 1815 in
694 1757 772 1826 f.;
799 1758 1108 1833 Augustae
1138 1752 1206 1816 V.
1251 1763 1412 1817 1605
1448 1756 1558 1812 etc.
1589 1786 1674 1796 —

1733 1044 1934 1099 autem
1984 1040 2249 1117 linguam
2313 1060 2433 1101 non
2483 1042 2679 1102 solum
2727 1059 3017 1119 graecam,

1735 1131 1837 1188 sed
1870 1132 1932 1188 et
1963 1129 2297 1188 hebraicam
2329 1135 2391 1189 et
2421 1131 2795 1191 chaldaicam.
2843 1130 3020 1189 Hunc

1735 1221 1939 1277 autem
1986 1219 2232 1277 modum
2289 1219 2355 1278 in
2405 1221 2841 1280 commentariis
2893 1220 3019 1279 suis

1735 1307 2030 1384 sequitur,
2064 1311 2136 1366 ut
2167 1309 2293 1384 ipse
2323 1311 2387 1367 in
2418 1329 2509 1386 ep.
2529 1308 2605 1368 ad
2623 1310 3018 1385 Freculphum

1732 1397 2153 1456 commentario
2217 1398 2280 1456 in
2330 1396 2802 1458 Pentateuchum
2849 1417 3017 1475 prae-

1732 1486 1915 1544 missa
1944 1487 2234 1545 testatur:
2270 1487 2412 1556 ,SS.
2445 1490 2684 1563 patrum
2716 1487 2921 1558 libroS,
2953 1487 3020 1546 in

1733 1575 1958 1651 quibus
1978 1574 2150 1633 rebar
2169 1575 2401 1651 aliquid
2432 1577 2504 1636 de
2533 1576 2848 1637 sententiis
2870 1576 3020 1653 legis

1732 1682 2076 1740 expressum
2123 1683 2267 1736 esse,
2317 1669 2612 1741 quantum
2642 1666 2833 1735 licuit,
2881 1684 3017 1741 per—

1732 1752 1869 1831 legi,
1918 1757 1980 1812 et
2023 1753 2262 1831 singula
2308 1755 2637 1815 secundum
2667 1755 3017 1830 opportuni-

393 1846 483 1904 De
510 1848 848 1906 clericorum
869 1846 1226 1903 institutione
1255 1842 1320 1905 ll.
1342 1842 1431 1900 111
1455 1862 1505 1902 a.
1529 1851 1675 1911 819,
1731 1845 1916 1901 tatem
1950 1842 2083 1912 loci,
2126 1845 2308 1919 prout
2338 1844 2485 1903 mihi
2516 1844 2659 1904 satis
2691 1863 2819 1903 esse
2848 1844 3016 1903 vide-

396 1931 677 2016 (Migne
709 1935 879 2005 CVII,
916 1931 1291 2009 293—420)
1324 1932 1676 2007 opusculum

392 2025 563 2084 valde
595 2024 766 2096 utile,
800 2042 869 2084 ex
900 2021 1258 2099 Augustino,
1292 2020 1675 2091 CassiodoriO,

396 2114 679 2191 Gregorio
712 2116 787 2173 M.
818 2116 881 2174 et
910 2112 1139 2171 Isidoro
1177 2110 1330 2186 hisp.
1363 2109 1675 2168 concinna-

393 2205 542 2273 tum,
577 2204 641 2262 in
657 2221 776 2279 quo
806 2221 926 2261 non
953 2201 1151 2261 solum
1169 2200 1415 2274 exponit
1433 2216 1680 2257 munera

395 2295 455 2351 et
484 2292 681 2352 officia
715 2290 1125 2361 ecclesiastica,
1174 2289 1278 2347 sed
1323 2292 1386 2346 et
1429 2287 1680 2365 attingit

394 2382 433 2443 1.
457 2382 875 2451 3.doctrinam,
910 2399 1032 2456 qua
1062 2377 1312 2438 clericus
1343 2377 1678 2436 instructus

1732 1931 1932 2002 batur,
1979 1932 2206 1991 inserui
2238 1950 2445 1992 eorum
2490 1932 2832 1994 nominibus
2880 1935 3016 1991 ante

1732 2021 1798 2079 in
1842 2022 2061 2099 pagina
2107 2023 2489 2096 praenotatis.
2568 2024 2630 2082 Si
2681 2021 2826 2100 quid
2876 2039 3016 2080 vero

1732 2110 1928 2187 gratia
1975 2110 2179 2170 divina
2225 2112 2474 2189 indigno
2521 2111 2671 2172 mihi
2720 2110 3018 2171 elucidare

1733 2197 1980 2275 dignata
2024 2202 2119 2259 est
2167 2201 2228 2260 in
2275 2201 2420 2260 locis
2452 2201 2799 2262 necessariis
2832 2200 3015 2259 simul

1732 2306 1865 2347 cum
1916 2293 2059 2348 nota
2107 2290 2442 2366 agnominis
2492 2293 2608 2351 mei
2657 2289 3013 2366 interposui,

1733 2380 2036 2453 quatenus
2057 2379 2237 2438 sciret
2256 2380 2457 2453 lector,
2490 2400 2642 2456 quae
2673 2399 2743 2439 ex
2774 2385 3014 2455 patrum

395 2470 474 2529 sit
503 2475 751 2547 oportet,
786 2469 1055 2529 studium
1089 2485 1133 2527 s.
1167 2467 1525 2542 Scripturae,
1558 2484 1678 2540 qua
1731 2466 2052 2526 traditione
2070 2469 2315 2528 haberet
2345 2472 2407 2527 et
2437 2489 2590 2545 quae
2621 2488 2690 2528 ex
2721 2468 3015 2544 parvitate

393 2561 693 2621 occasione
726 2579 795 2619 ex
828 2577 874 2621 s.
907 2557 1355 2635 Augustino
1387 2555 1460 2614 de
1491 2554 1675 2616 doctr.

396 2650 513 2709 chr.
546 2649 652 2721 ΙΙΙ,
703 2658 737 2711 2
773 2667 850 2711 ss,
894 2648 1135 2725 regulas
1166 2646 1511 2722 praecipuas
1542 2645 1675 2703 her-

395 2741 756 2798 meneutices
787 2737 1003 2808 tradit;
1044 2734 1352 2794 scientiam
1383 2735 1676 2810 interpre-

392 2828 558 2886 tandi
589 2832 793 2904 poetas
825 2831 1005 2902 atque
1048 2824 1365 2883 historicos
1409 2827 1471 2882 et
1513 2826 1671 2881 recte

395 2916 692 2976 scribendi
737 2915 1141 2992 loquendique
1185 2913 1494 2983 rationem,
1540 2911 1673 2971 rhe-

392 3005 639 3064 toricam
689 3009 749 3065 et
799 3004 1181 3072 dialecticam,
1246 3001 1675 3060 arithmeticam

394 3096 456 3154 et
472 3094 913 3164 astronomiam,
936 3092 1192 3152 virtutes
1214 3090 1542 3149 cardinales
1565 3092 1674 3148 etc.

394 3183 623 3243 Prodiit
683 3183 927 3243 seorsim
989 3179 1258 3241 Coloniae
1316 3187 1481 3242 1532
1535 3181 1675 3246 etc.;

392 3275 624 3331 textum
655 3272 975 3341 recensuit,
992 3268 1480 3329 adnotationibus
1512 3267 1675 3327 criti-

395 3362 480 3420 cis
545 3366 609 3421 et
683 3360 999 3439 exegeticis
1060 3357 1404 3426 illustravit,
1484 3357 1672 3415 intro·

395 3451 737 3510 ductionem
796 3453 977 3525 atque
1024 3447 1282 3506 indicem
1330 3445 1558 3504 addidit
1607 3446 1675 3506 A.

396 3539 804 3616 Knopfler,
853 3537 1146 3597 Miinchen
1198 3546 1386 3598 1901.
1461 3533 1675 3594 Affinis

396 3630 732 3706 argumenti
767 3632 912 3688 sunt
940 3628 977 3685 l.
1026 3627 1096 3685 de
1130 3627 1319 3684 sacris
1349 3624 1672 3698 ordinibus,

396 3718 778 3777 sacramentis
808 3715 1029 3776 divinis
1076 3718 1137 3773 et
1176 3712 1552 3773 vestimentis
1584 3730 1675 3770 sa·

394 3801 1017 3886 cerdotalibus(Mign
1034 3803 1676 3873 00X11,1ie5-1192),

396 3898 457 3954 et
486 3896 556 3954 de
585 3897 897 3960 disciplina
930 3894 1304 3953 ecclesiastica
1350 3891 1412 3954 n.
1444 3890 1530 3948 111
1564 3887 1672 3970 (ib.

403 3981 885 4061 1191—1262),
934 3983 1056 4042 scil.
1101 3981 1175 4040 de
1222 3979 1403 4039 sacris
1450 3979 1673 4038 ordini-

395 4074 526 4143 bus,
574 4074 646 4132 de
691 4073 1044 4132 catechismo
1077 4074 1137 4128 et
1169 4069 1551 4129 sacramentis
1583 4066 1674 4125 di-

395 4162 570 4233 vinis,
635 4163 707 4222 de
769 4180 957 4239 agone
1018 4159 1356 4220 christiano.
1437 4157 1677 4215 Tractat

396 4254 595 4310 autem
641 4251 714 4310 de
758 4252 939 4310 rebus
984 4247 1277 4324 liturgicis
1306 4245 1573 4305 breviter
1615 4249 1678 4304 et

395 4340 534 4399 stilo
566 4340 839 4417 simplici.
906 4341 988 4398 De
1033 4340 1072 4402 1.
1116 4340 1184 4397 de
1228 4336 1508 4394 oblatione
1527 4354 1673 4411 pue·

396 4447 599 4488 rorum
624 4431 748 4506 jam
780 4448 962 4505 supra
993 4429 1227 4504 egimus
1257 4444 1314 4501 p.
1351 4433 1495 4488 788.

511 4617 653 4670 436.
720 4608 1069 4683 Sequuntur
1130 4606 1529 4665 commentarii
1588 4604 1673 4682 (11.

1732 2558 1938 2615 nostra
1968 2556 2109 2616 licet
2131 2576 2397 2618 sermone
2416 2559 2661 2630 rustico,
2695 2562 2912 2628 tamen,
2946 2558 3017 2616 ut

1733 2647 1924 2716 credo,
1973 2665 2153 2706 sensu
2196 2647 2486 2708 catholico
2533 2649 2804 2725 exposita
2848 2648 3015 2706 inve-

1733 2735 1949 2798 niret.‘
2012 2736 2169 2795 Hinc
2213 2738 2342 2812 ejus
2387 2737 2799 2797 commentarii
2831 2736 3014 2794 ratio·

1732 2843 1870 2882 nem
1901 2824 2123 2883 habent
2154 2829 2411 2895 catenae,
2457 2828 2518 2884 in
2551 2846 2670 2902 qua
2702 2826 2880 2885 etiam
2913 2843 3014 2899 pa·

1734 2915 1896 2971 trum
1944 2909 2318 2991 (praesertim
2366 2933 2442 2975 ss,
2475 2914 2840 2991 Hieronymi,
2886 2915 3016 2972 An-

1732 3000 1964 3078 gustini
2025 3005 2087 3061 et
2147 3003 2414 3080 Gregorii
2464 2999 2567 3084 M.)
2631 3004 2893 3062 diversas
2955 3011 3017 3061 et

1732 3089 2037 3166 oppositas
2090 3092 2512 3168 explicationes
2562 3091 2882 3170 congessit,
2945 3092 3019 3150 ut

1732 3180 1920 3237 lector
1965 3181 2162 3254 possit
2210 3181 2283 3240 de
2334 3182 2590 3258 singulis
2633 3181 2903 3257 judicare
2956 3182 3019 3237 et

1733 3267 1881 3343 quid
1912 3268 2028 3327 sibi
2061 3269 2368 3329 videretur
2397 3271 2549 3329 utile
2582 3288 2816 3329 sumere
2834 3265 2896 3350 ¹).
2928 3300 3016 3312 -

1736 3357 1844 3414 His
1867 3358 2148 3432 operibus
2182 3359 2242 3416 in
2264 3378 2307 3418 s.
2330 3359 2697 3435 Scripturam
2718 3357 3016 3417 addantur

1732 3447 2002 3504 homiliae
2031 3442 2218 3530 (163)
2254 3449 2318 3507 in
2349 3448 2671 3526 Evangelia
2701 3453 2763 3506 et
2793 3446 3014 3523 episto-

1733 3536 1822 3593 las
1858 3535 2086 3595 dierum
2127 3536 2556 3596 dominicorum
2603 3540 2665 3595 et
2707 3537 3014 3606 festorum,

1734 3627 1968 3699 praeter
2013 3643 2162 3700 quas
2200 3626 2349 3685 aliae
2382 3621 2523 3708 (70)
2575 3629 2899 3701 supersunt
2944 3624 3017 3682 de

1732 3712 1903 3771 festis
1931 3715 2265 3790 praecipuis
2296 3720 2358 3774 et
2389 3716 2461 3775 de
2482 3716 2832 3784 virtutibuS,
2868 3730 3018 3789 quae

1733 3820 1936 3860 omnes
1987 3801 2107 3861 fere
2153 3807 2298 3862 sunt
2344 3809 2439 3864 sat
2481 3805 2691 3864 breves
2733 3801 3016 3886 (Migne

1733 3890 1843 3960 CX,
1868 3889 2188 3975 9—468);
2224 3893 2370 3952 aliae
2389 3912 2509 3953 non
2530 3894 2785 3969 amplius
2807 3909 3016 3967 super·-

1733 3982 1892 4038 sunt.
1943 4013 2028 4023 —
2080 3983 2406 4056 Alleqoriae
2468 3983 2531 4040 in
2581 3982 2918 4041 universam
2970 3997 3015 4042 s.

1733 4069 2098 4143 Scripturam
2132 4067 2411 4150 (Migne
2444 4070 2612 4142 CXII,
2651 4062 3014 4150 849-1088)

1732 4157 2101 4233 alphabetice
2121 4159 2467 4234 dispositae,
2501 4159 2566 4218 in
2597 4159 2818 4235 quibus
2848 4176 3017 4233 prae-

1811 4369 1846 4438 1)
1875 4365 1957 4421 Of.
1987 4365 2027 4420 C
2046 4383 2076 4419 o
2094 4383 2122 4418 r
2137 4384 2174 4419 n
2190 4365 2307 4432 ely
2335 4363 2481 4420 Hist.
2508 4367 2567 4419 et
2586 4362 2784 4417 critica
2805 4360 3016 4421 introd,

1731 4440 1784 4491 ΙΙ
1822 4454 1867 4491 c.
1897 4446 1930 4493 4
1956 4443 2133 4493 n.244
2158 4437 2246 4491 ed.
2273 4436 2546 4496 22Fa1k
2572 4435 2670 4489 der
2696 4435 2753 4487 h.
2776 4434 2841 4486 R.
2864 4432 3015 4485 Mau-

1730 4527 1828 4563 rus
1841 4509 2068 4578 Exeget.
2089 4508 2332 4563 Studien
2349 4508 2467 4561 und
2484 4505 2753 4560 Mittheil.
2771 4521 2875 4558 aus
2891 4503 3019 4558 dem

1732 4580 2312 4635 Benedictinerorden
2367 4584 2500 4635 1899
2553 4577 2650 4640 IV,
2702 4579 3016 4633 640—646:

1736 4659 1869 4708 1901
1901 4653 1938 4712 Ι,
1969 4654 2210 4712 ‹ss-77:
2238 4650 2311 4703 W
2331 4668 2360 4704 e
2377 4669 2403 4703 r
2421 4669 2457 4703 n
2475 4667 2504 4705 e
2523 4669 2551 4703 r
2575 4647 2787 4703 Alcuin
2814 4665 2872 4716 p.
2895 4653 3017 4702 115-

406 4693 554 4775 172)
587 4697 652 4754 511
682 4714 885 4755 0¹1¹¹10³
919 4696 1039 4755 f0r0
1071 4714 1116 4754 S·
1152 4694 1491 4770 Scripturae
1522 4693 1585 4751 ¹¹·
1607 4692 1674 4753 V·
1736 4729 1868 4780 157:
1909 4723 2069 4776 Rich.
2114 4722 2257 4776 Sim
2280 4741 2365 4778 on
2410 4721 2557 4777 nist.
2599 4720 2721 4774 crit.
2749 4719 2828 4772 du
2857 4718 2927 4770 N.
2954 4718 3015 4770 τ.

399 4788 459 4842 et
491 4785 560 4842 N.
594 4784 656 4843 Τ.
681 4786 856 4860 juxta
893 4785 1100 4844 literae
1131 4802 1372 4843 sensum
1405 4788 1465 4841 et
1497 4782 1673 4858 spiri·
1731 4811 1777 4849 ρ,
1808 4800 1895 4850 25.
