3505 5161
435 242 558 294 637

1460 222 1596 276 Veu.
1626 223 1811 276 Bedae
1840 241 2028 292 opera..

2922 244 3041 297 635

428 430 562 469 rum
638 410 898 486 exegesis
973 405 1707 489 (477—1098-112s).
1769 404 2076 491 fl—515).
2135 410 2422 468 Homiliae
2457 412 2593 468 stilo
2629 413 2868 484 quidem
2904 413 3045 471 sim-

430 500 784 559 Continuam
835 500 895 555 in
941 498 1109 556 Pauli
1144 519 1237 573 ep.
1282 500 1708 575 expositionem
1766 498 1925 573 plici,
1974 500 2074 556 sed
2121 499 2398 558 unctione
2432 501 2605 575 plane
2638 504 2781 558 sunt
2812 503 3046 559 concin-

429 608 499 647 ex
533 588 674 646 solis
709 607 753 650 s.
788 588 1222 663 Augustini
1253 589 1530 663 operibus
1552 609 1707 646 com-
1765 591 1956 644 natae.
1991 621 2076 632 -—
2101 587 2356 647 Libellus
2386 608 2636 664 precum,
2673 609 2824 663 quae
2861 592 3047 648 versi·

434 678 653 754 posuit,
703 678 805 735 sed
840 696 921 746 ea,
970 696 1121 751 quae
1155 677 1267 735 sub
1301 680 1428 749 ejus
1462 678 1707 736 circum·
1767 677 1879 734 bus
1914 683 2054 735 sunt
2093 696 2428 752 expressae3
2476 696 2651 752 opera
2696 697 2772 735 as
2794 680 3049 749 cetica

432 768 620 825 fertur
650 768 890 824 nomine
937 766 1024 826 ed.
1072 786 1105 823 a
1138 767 1418 825 Gaui'rido
1473 769 1515 824 B
1534 785 1707 825 ous-

434 857 610 915 sard
631 900 643 919 ,
739 856 810 913 ad
887 856 1193 913 Florum
1273 856 1710 933 lugdunensem

434 949 697 1021 spectare
720 944 959 1002 videtur
980 948 1040 1002 et
1059 949 1152 1003 est
1169 945 1510 1004 retractatio
1530 965 1710 1020 quae-

429 1035 567 1093 dam
600 1035 796 1109 operis
828 1034 1019 1092 Bedae
1040 1032 1316 1113 (Migne
1338 1034 1527 1104 CXIX,
1555 1044 1631 1098 27
1643 1045 1710 1097 9-

436 1121 621 1204 419):
670 1124 850 1198 hujus
886 1142 1021 1181 vero
1054 1124 1532 1198 compilationem
1566 1125 1711 1182 Ma-

431 1214 632 1271 billo
650 1232 687 1270 n
705 1213 824 1270 ius
874 1212 1109 1288 reperit,
1174 1212 1276 1270 sed
1339 1232 1459 1271 non
1508 1213 1710 1273 edidit.

434 1303 640 1360 Plures
673 1320 740 1359 ex
773 1302 902 1376 ejus
933 1298 1374 1378 commentariis,
1409 1304 1480 1360 ut
1511 1302 1575 1360 in
1607 1302 1712 1360 Es-

433 1392 598 1450 dram
631 1394 691 1449 et
723 1390 1085 1463 Nehemiam,
1125 1390 1339 1449 Isaiam
1372 1394 1433 1449 et
1464 1391 1710 1449 distinc-

430 1480 625 1538 tiones
658 1480 1055 1554 capitulorum
1085 1480 1149 1538 in
1168 1480 1245 1538 Is.
1266 1499 1333 1538 ex
1354 1480 1713 1556 Hieronymo

429 1573 755 1644 excerptae,
777 1569 1196 1627 commentaria
1213 1569 1277 1626 in
1298 1571 1523 1643 partem
1545 1570 1583 1627 J
1587 1588 1711 1627 ere-

433 1659 602 1727 miae,
636 1659 703 1716 in
730 1657 1051 1726 Danielem,
1086 1659 1404 1733 prophetas
1436 1658 1709 1727 minoreS,

432 1748 695 1822 capitula
741 1747 1061 1805 lectionum
1112 1748 1176 1804 in
1227 1748 1712 1818 Pentateuchum‚

430 1836 473 1896 J
475 1854 654 1895 osuae
699 1839 760 1894 et
803 1836 842 1892 J
848 1835 1087 1894 udicum
1132 1836 1456 1910 perierunt.
1520 1838 1711 1895 Evan-

1766 765 1978 823 dubia:
2026 768 2094 823 de
2126 768 2334 841 officiis
2364 768 2401 827 l.
2435 786 2503 824 ex
2537 767 2912 841 quorundam
2945 788 3045 843 pa-

1766 858 1927 913 trum
1949 855 2124 913 dictis
2145 859 2454 930 excerptus
2475 851 2583 935 (53
2603 854 2880 935 1—540)
2900 878 2913 925 3
2949 877 3046 915 ex-

1767 943 2099 1018 cerptiones
2162 948 2431 1018 patrum,
2497 945 2912 1003 meditationes
2976 946 3048 1004 de

1767 1033 2045 1091 remediis
2086 1038 2461 1108 peccatorum
2499 1029 2904 1115 (540—576)
2939 1039 3048 1094 etc.

1768 1157 1855 1165 -—
1888 1122 2172 1181 Carmina
2188 1118 2254 1200 ²),
2302 1124 2462 1180 inter
2509 1142 2657 1196 quae
2705 1124 2862 1181 haud
2903 1125 3051 1182 ulti-

1769 1231 1931 1269 mum
1981 1215 2071 1269 est
2124 1212 2228 1287 (57
2239 1208 2525 1288 5—596)
2589 1215 2706 1270 vita
2758 1213 3052 1271 Cuthberti

1769 1301 1960 1359 sancti
1992 1301 2315 1359 nationalis
2337 1301 2666 1359 virtutibus
2700 1304 2761 1359 et
2795 1302 3050 1361 miracu-

1769 1389 1845 1447 lis
1894 1389 2259 1448 celeberrimi
2311 1386 2373 1470 (†
2416 1389 2589 1471 687),
2643 1409 2821 1464 quam
2872 1392 3051 1449 etiam

1771 1496 1943 1553 prosa
1971 1480 2189 1548 narrat,
2223 1479 2287 1535 in
2322 1498 2440 1553 qua
2471 1479 2755 1537 miracula
2788 1498 3048 1553 praeser-

1770 1568 1879 1625 tim
1913 1568 2114 1637 refert,
2162 1567 2305 1625 dum
2350 1568 2415 1625 in
2460 1568 2718 1626 carmine
2757 1568 3050 1643 reliquam

1770 1657 1959 1714 sancti
1992 1656 2173 1715 vitam
2209 1656 2457 1732 respicit
2488 1652 2589 1737 (ib.
2643 1654 3049 1736 v29—790);

1769 1746 1832 1803 in
1866 1745 2244 1804 Mabillon
2274 1748 2404 1806 Act.
2438 1746 2630 1816 SS.II,
2667 1755 3049 1814 877—9373

1769 1835 1833 1892 in
1865 1837 1993 1893 Act.
2027 1834 2124 1892 SS.
2163 1843 2260 1897 20.
2293 1837 2461 1893 Mart.
2493 1833 2600 1905 III,
2654 1830 3049 1915 (97—116);

434 1925 588 2002 gelia
620 1926 681 1983 in
715 1926 982 2001 linguam
1003 1925 1511 2001 anglosaxonicam
1533 1926 1716 1985 vertit
1770 1924 1968 1999 passio
2016 1943 2061 1982 s.
2107 1924 2332 1983 Justini
2378 1923 2457 1982 M.
2507 1922 2656 2000 galli
2705 1944 2735 1982 e
2784 1929 3051 1999 tempore

433 2017 495 2072 et
526 2014 738 2072 ultimo
770 2032 948 2072 versu
979 2014 1082 2074 Ev.
1129 2032 1174 2071 s,
1206 2014 1245 2071 J
1251 2016 1457 2072 oannis
1491 2015 1713 2073 dictato
1772 2013 2122 2072 Diocletiani
2155 2009 2435 2093 (metrica,
2470 2014 2572 2071 sed
2605 2009 2846 2093 dubia);
2887 2032 3047 2070 mar-

434 2103 592 2161 vitae
655 2122 890 2178 quoque
963 2104 1286 2161 terminum
1349 2104 1567 2179 attigit.
1633 2105 1714 2162 De
1770 2103 2112 2178 tyroloqium
2142 2102 2454 2161 metricum
2485 2097 2914 2183 (603-606),
2949 2121 3052 2161 cu-

431 2193 564 2266 ejus
611 2191 918 2250 laboribus
981 2192 1045 2250 in
1106 2211 1150 2251 s.
1206 2192 1569 2268 Scripturam
1630 2192 1716 2251 ita
1762 2192 1866 2266 jus
1914 2191 2257 2267 genuinitas
2302 2194 2502 2249 tamen
2547 2193 2640 2248 est
2685 2190 2882 2249 dubia.
2948 2191 3049 2248 Se·

432 2282 759 2356 Cornely
817 2282 1036 2339 Introd.
1086 2300 1220 2358 gen.
1262 2300 1321 2342 n.
1377 2292 1500 2343 244
1550 2282 1639 2339 ed.
1678 2290 1710 2342 2
1771 2283 2045 2355 quantur
2087 2280 2286 2356 hymni
2315 2279 2456 2336 XIII
2503 2276 2610 2338 6611
2640 2279 2771 2337 XIV
2806 2280 3051 2359 (605—

435 2371 663 2428 censet:
713 2369 823 2438 ‚V.
872 2370 1029 2428 Beda
1074 2371 1394 2428 maximum
1442 2371 1715 2429 eeclesiae
1775 2364 1950 2450 638).
1992 2402 2088 2440 --
2125 2369 2477 2428 Subduntur
2534 2371 2800 2426 carmina
2851 2369 3050 2427 dubia.

432 2459 778 2535 anglicanae
812 2459 1015 2517 lumen
1061 2479 1180 2518 non
1227 2462 1460 2517 tantum
1510 2478 1713 2518 omnes
1773 2458 1947 2515 Liber
1985 2459 2328 2533 hymnorum
2375 2457 2608 2515 diverso
2675 2458 2863 2515 metro
2925 2458 3052 2516 sive

437 2566 575 2607 suae
606 2547 816 2607 aetatis
857 2547 1211 2624 interpretes
1246 2549 1498 2608 multum
1535 2568 1711 2625 supe·
1768 2548 2007 2623 rythmo
2069 2550 2129 2606 et
2177 2548 2215 2610 1.
2269 2548 2756 2625 epigrammatum
2816 2546 3051 2606 heroico

435 2641 542 2707 rat,
590 2637 692 2696 sed
740 2638 918 2695 etiam
964 2638 1122 2696 inter
1152 2641 1419 2697 omnium
1451 2643 1715 2698 aetatum
1770 2640 1957 2694 metro
2034 2637 2479 2697 interciderunt.
2545 2670 2630 2678 —-
2685 2637 2838 2694 Haec
2900 2638 3052 2694 exci-

436 2727 706 2784 meliores
750 2727 1106 2802 interpretes
1159 2746 1276 2785 non
1325 2728 1538 2785 ultimo
1587 2728 1712 2786 loco
1769 2727 1947 2801 piunt
1995 2727 2262 2800 epistolae
2322 2728 2453 2802 (16,
2505 2725 2583 2786 ib.
2653 2722 3049 2806 655—710),

429 2817 527 2873 est
546 2815 956 2874 nominandus.
992 2816 1361 2890 Quamquam
1382 2817 1541 2874 enim
1557 2818 1710 2874 anti·
1770 2833 1915 2889 quas
1980 2814 2297 2872 ediderunt
2359 2832 2496 2872 cum
2557 2832 2688 2887 opp.
2751 2813 3052 2872 historicis

434 2923 687 2977 quorum
706 2907 945 2981 patrum
966 2906 1292 2964 sententias
1313 2906 1569 2981 collegit,
1590 2906 1714 2963 suis
1771 2907 1880 2962 Sm
1899 2904 2012 2960 ith
2045 2904 2397 2979 Contabrige
2427 2912 2621 2971 17:223
2656 2903 3052 2961 Stevenson

430 2995 632 3052 tamen
662 2993 871 3052 multis
919 2997 978 3052 et
1021 2995 1279 3070 egregiis
1311 2994 1713 3052 annotationi·
1768 2992 2022 3050 Londini
2078 3002 2274 3054 1841:
2328 2993 2487 3048 inter
2535 3008 2632 3049 eas
2681 2990 2879 3066 magni
2924 3010 3051 3049 mo-

433 3082 549 3140 bus
581 3083 715 3140 illas
748 3083 914 3141 auxit
944 3087 1004 3140 et
1039 3082 1369 3141 illustravit
1401 3128 1412 3139 .
1447 3128 1460 3140 .
1495 3128 1506 3141 .
1560 3082 1712 3151 Qua·
1769 3081 1955 3138 menti
1990 3083 2081 3138 est
2127 3099 2215 3155 ep.
2264 3081 2336 3138 ad
2369 3080 2695 3156 Egbertum
2708 3077 2759 3160 2)
2794 3079 3048 3155 archiep.

436 3172 576 3228 tuor
619 3171 752 3228 illos
798 3189 1027 3241 sensus,
1077 3190 1226 3246 quos
1272 3177 1478 3247 postea
1524 3172 1710 3230 inter·
1769 3169 1993 3227 eborac.
2042 3165 2168 3250 (II).
2204 3202 2287 3212 -—
2337 3169 2538 3244 Magni
2582 3171 2859 3228 moment.
2909 3174 3053 3226 sunt

434 3261 630 3334 pretes
665 3260 1001 3319 scholastici
1033 3263 1439 3328 excoluerunt,
1474 3281 1528 3322 v.
1555 3261 1714 3320 Beda
1768 3259 2034 3333 ejusdem
2068 3276 2246 3332 opera
2276 3257 2696 3326 historica,
2751 3256 2874 3314 scil.
2923 3257 3053 3315 Vita

434 3349 698 3424 agnovit,
731 3349 815 3406 ita
844 3352 1045 3407 tamen
1077 3352 1148 3408 ut
1176 3350 1444 3424 typicum
1465 3349 1621 3408 inter
1652 3353 1713 3408 et
1767 3367 1840 3408 ss.
1874 3348 2151 3405 abbatum
2197 3346 2540 3404 monasterii
2583 3347 2648 3403 in
2681 3346 3054 3404 wiramutha

432 3438 779 3514 allegoricas
812 3437 1235 3513 applicationes
1269 3458 1389 3496 non
1421 3440 1576 3496 clare
1623 3438 1711 3495 di·
1771 3433 2200 3518 (Wearmouth‚
2245 3431 2647 3514 Weremouth)
2695 3438 2754 3493 et
2803 3434 3050 3492 Girvum

434 3527 797 3602 stingueret3
874 3526 1144 3602 typicum
1211 3530 1411 3586 autem
1476 3527 1711 3584 maximi
1770 3521 2276 3606 Benedicti3)‚
2311 3524 2728 3594 Ceolfridi,
2768 3524 3049 3582 Eoste·

434 3615 575 3673 fecit
593 3614 894 3691 latiusque
916 3635 1096 3689 quam
1117 3637 1222 3691 par
1241 3619 1345 3685 est,
1377 3616 1712 3674 extendisse
1767 3614 2025 3682 rwini,
2093 3614 2429 3690 Sigfridi
2467 3608 2672 3695 [atque
2736 3612 2789 3669 H
2809 3632 2860 3670 w
2884 3619 3048 3671 aet-

434 3704 687 3773 videtnr‚
722 3708 782 3762 et
802 3705 898 3761 vix
920 3724 1037 3762 non
1056 3706 1340 3781 figur-istis
1360 3706 1708 3780 praelusit.‘
1767 3702 2030 3760 berhti
2077 3704 2138 3760 ll.
2185 3704 2240 3760 II
2289 3699 2392 3784 (ib.
2433 3714 2463 3763 ‘a'
2481 3699 2822 3780 11—730),
2872 3702 3050 3758 etiam

528 3891 670 3943 351.
704 3881 766 3942 Τ.
804 3892 835 3944 5
888 3880 1270 3939 continentur
1304 3902 1480 3958 opera
1509 3902 1710 3958 parae-

431 3970 645 4041 netica,
681 3970 805 4028 SCil·
837 3972 1106 4028 hfflnill'ae
1140 3971 1198 4033 ll.
1232 3970 1341 4046 III,
1379 3990 1631 4045 quorum
1666 3984 1712 4033 l·
1845 4002 1884 4067 ζ’)
1914 3999 1996 4054 Cf·
2024 3997 2092 4050 de
2121 4014 2185 4050 ea
2213 3973 2428 4050 ffel-n
2447 4015 2520 4050 er
2547 4017 2635 4067 op·
2665 3999 2759 4051 cit·
2789 4018 2843 4067 p.
2873 4005 3051 4055 88-91·

428 4063 494 4116 et
518 4069 551 4120 2
581 4060 997 4134 complectitur
1018 4059 1212 4128 XLIX,
1247 4079 1397 4135 quae
1431 4060 1714 4119 dicuntur
1844 4077 1883 4126 ⁸)
1915 4070 2102 4138 Hujus
2142 4068 2366 4122 abbatis
2408 4069 2713 4138 praecipuo
2759 4070 2934 4122 vitam
2962 4069 3052 4123 de-

434 4149 745 4223 genuinae,
794 4149 1015 4222 quibus
1065 4150 1100 4206 l.
1152 4159 1204 4210 3.
1246 4150 1650 4225 subjiciuntur
1664 4147 1711 4226 ¹)
1771 4140 1985 4221 scribit,
2012 4142 2080 4193 de
2104 4159 2222 4227 quq
2241 4140 2285 4191 Ε
2306 4142 2384 4193 be
2404 4145 2472 4228 ΥΡ
2497 4142 2532 4221 l,-
2562 4159 2605 4194 0·
2635 4160 2690 4220 1?-
2720 4147 2823 4194 640
2850 4141 3052 4195 refer&

436 4235 709 4295 homiliae
756 4237 1134 4305 subdidifflae,
1184 4239 1534 4312 plerumque
1582 4257 1712 4315 seg·
1771 4212 1872 4265 Die
1901 4211 2332 4265 unernmdhchc
2361 4211 2698 4280 Thatigkeit
2742 4211 3051 4274 desselben,

435 4328 636 4383 menta
653 4344 719 4382 0¹
743 4327 791 4382 e-
912 4349 921 4362 ,
1161 4330 1185 4383 t
1259 4327 1293 4339 -·
1462 4339 1476 4366 (
1770 4284 1871 4336 der
1895 4283 2069 4364 allein
2109 4282 2357 4362 fiinfmal·
2395 4283 2539 4335 uach
2583 4282 2722 4334 Rom
2761 4281 2913 4361 reist,
2954 4283 3055 4336 der

770 4345 871 4399 Jus
893 4344 1156 4384 commen
1189 4346 1327 4384 arus
1344 4323 1399 4409 (l
1418 4341 1450 4388 Ο
1466 4341 1494 4389 *3
1516 4327 1710 4395 XLIV’
1770 4373 1872 4407 aus
1885 4356 2106 4409 Galllen
2119 4356 2292 4408 selbst
2303 4354 2394 4406 die
2408 4352 3054 4407 MaurcrzumKirchen·

1770 4427 1882 4477 bau
1903 4427 2040 4488 holt,
2064 4426 2138 4478 ist
2167 4425 2451 4478 wahrhaft
2477 4424 3051 4478 bewuudernswerth.

1772 4496 2046 4552 Benedict
2063 4499 2164 4550 hat
2180 4497 2297 4550 sich
2320 4514 2414 4549 um
2432 4496 2524 4548 die
2536 4495 3055 4563 KulturEnglands

1772 4569 1864 4622 die
1906 4571 2163 4638 grossteu
2209 4567 2543 4621 Verdienste
2590 4568 2880 4620 erworben
2934 4566 3053 4622 und

1771 4641 1920 4693 auch
1948 4641 2063 4692 erst
2088 4640 2179 4692 die
2208 4639 2416 4693 NVerke
2444 4639 2643 4691 Beda's
2682 4638 2934 4707 moglich
2962 4655 3052 4706 ge-

1773 4711 1979 4766 macht,
2001 4711 2126 4764 Von
2137 4712 2298 4779 jeder
2316 4710 2498 4764 seinor
2515 4710 2886 4763 Romi'ahrten
2901 4715 3053 4762 ntim-

1772 4781 1886 4835 lich
1907 4783 2139 4835 brachte
2156 4799 2215 4834 er
2234 4781 2582 4835 inassenhaft
2599 4782 2819 4834 131161161-
2831 4782 2934 4834 mit
2949 4785 3052 4836 etc.

1850 3926 2760 3982 vics.Baum‹rartner1V.l.
2792 3935 2821 3982 :2
2849 3945 2892 3980 0.
2922 3937 2970 3981 4.

518 4496 551 4565 ¹)
579 4494 632 4546 N
636 4510 709 4547 ou
737 4495 852 4548 fuit
872 4496 1037 4548 facile
1059 4513 1127 4548 ex
1148 4497 1235 4548 tot
1254 4496 1509 4550 homiliis
1530 4497 1714 4550 Bedae

437 4564 670 4618 tributis
681 4566 961 4633 genuinas
979 4566 1309 4620 discernere.
1330 4568 1588 4621 Instituit
1592 4569 1715 4637 jam

437 4635 495 4687 M
512 4635 754 4690 abillo
772 4655 809 4689 6
846 4655 1081 4691 examen
1109 4638 1390 4700 criticum,
1416 4639 1561 4694 illud
1590 4657 1714 4691 cou-

437 4705 694 4761 tinuavit
718 4711 776 4760 et
802 4708 1043 4778 perfecit
1068 4709 1125 4760 M
1143 4726 1172 4762 o
1190 4710 1306 4764 rin
1334 4709 1524 4763 Revue
1554 4711 1714 4763 bene-

432 4777 656 4831 dictim.²
689 4785 840 4834 1892.
870 4781 961 4842 IX,
990 4785 1288 4836 316-376.
