3505 5161
368 228 485 280 109
1305 209 1593 264 Lucianus
1619 212 1676 265 et
1701 210 2037 278 Hesychius.

2853 231 2876 283 l
2899 228 2974 284 10

360 397 574 455 creatis
624 392 916 478 excipias)
968 396 1035 456 in
1085 396 1354 455 versione
1406 395 1643 466 slavica,
1699 397 2055 473 quitantum
2069 397 2134 455 in
2145 397 2587 473 Scripturarum
2603 398 2977 458 studiolabo-

362 504 540 561 quam
571 486 942 545 Bonwets
961 486 1044 545 ch
1083 486 1417 562 germanice
1447 485 1644 544 reddi·
1698 486 1871 556 ravit,
1922 490 1994 545 ut
2043 503 2235 562 usque
2267 504 2428 545 nunc
2460 486 2751 561 quaedam
2784 506 2978 547 exem·

361 574 452 633 dit
466 574 883 634 inMethodius
897 593 1010 634 von
1024 573 1644 651 Olympus,Erlangeu
1696 575 1890 651 plaria
1922 575 2361 650 Scripturarum
2406 575 2701 635 Lucianea
2743 594 2976 636 nuncu-

359 664 486 722 und
504 664 748 741 Leipzig
775 672 961 727 1891.
1009 664 1169 723 Libri
1203 665 1480 722 adversus
1498 662 1642 722 Por·
1699 668 1923 740 pentur
1972 664 2148 741 (quae
2199 664 2405 723 eodem
2452 667 2610 723 teste
2668 664 2852 740 praef.
2912 665 2979 725 in

354 754 557 829 phyris·
604 754 663 811 ll.
715 752 852 811 XV
889 757 1096 812 contra
1144 753 1494 812 christianos
1514 797 1528 822 ,
1577 754 1647 811 dc
1698 753 1952 829 Paralip.
1986 753 2496 829 Constantinopoli
2542 771 2733 828 usque
2763 754 2977 813 Antio-

358 843 698 918 pythonissa
749 841 1031 901 adversus
1084 841 1416 919 Origenem,
1476 842 1644 901 Com·
1698 843 1890 901 chiam
1935 843 2182 919 vulgata
2225 839 2435 924 erant).
2500 843 2803 901 Feruntur
2846 844 2977 919 ejus

364 931 643 990 mentarii
675 933 740 989 in
765 931 1032 990 Genesim
1063 934 1205 990 etin
1228 931 1471 991 Cantica
1492 931 1642 990 Can·
1697 931 1768 989 de
1794 932 1910 1005 fide
1957 931 2147 990 libelli
2193 934 2254 990 et
2296 931 2504 991 breves
2548 931 2622 990 ad
2653 932 2977 991 nonnullos

364 1023 628 1090 cicorum,
660 1020 882 1078 scholia
908 1022 972 1079 in
1001 1020 1396 1096 Jobaliosque
1410 1021 1473 1080 ll.
1495 1019 1562 1079 V.
1583 1023 1645 1077 et
1698 1022 1981 1096 epistolae.
2052 1021 2270 1079 Passus
2320 1024 2415 1079 est
2461 1019 2840 1079 Nicomediae
2901 1020 2977 1080 ob

363 1109 434 1171 N.
471 1109 534 1169 Τ.
586 1109 822 1185 aliaque
854 1109 1194 1186 perierunt;
1248 1109 1527 1169 homiliae
1574 1110 1646 1167 de
1698 1110 2124 1169 confessionem
2157 1108 2373 1168 Christi
2421 1109 2535 1168 sub
2567 1109 2978 1186 persecutione

366 1199 624 1257 Simeone
653 1200 948 1273 etAnna,·
976 1201 1039 1257 in
1070 1218 1269 1258 ramos
1277 1200 1643 1275 palmarum,
1699 1198 2003 1257 Maximini
2052 1200 2136 1271 (7.
2186 1197 2322 1257 Jan.
2377 1194 2530 1279 312)
2582 1199 2985 1275 sepultusque.

364 1288 431 1347 in
479 1289 884 1347 ascensionem
930 1288 997 1351 D.
1044 1289 1116 1346 N.
1148 1288 1204 1346 J.
1252 1289 1381 1347 Chr.
1433 1288 1643 1346 saltem
1698 1288 2049 1363 Helenopoli
2070 1286 2392 1363 Bithyniae
2406 1288 2512 1363 ²).‘
2553 1287 2842 1347 Censetur
2870 1307 2978 1346 au·-

364 1377 579 1436 dubiae
610 1380 769 1447 sunt,
803 1382 958 1436 certe
989 1377 1228 1453 spuriae
1261 1378 1646 1437 Revelationes
1698 1381 1828 1435 ctor
1860 1376 2093 1434 scholae
2123 1376 2458 1452 exegeticae
2490 1377 2873 1436 antiochenae
2918 1378 2982 1435 et

365 1466 654 1526 Methodii
684 1468 748 1524 et
781 1465 1104 1525 Chronicon
1132 1466 1437 1526 Methodii.
1484 1465 1644 1534 Quae
1696 1465 1963 1524 haeresis
1996 1464 2258 1523 arianae:
2294 1465 2476 1523 Arius
2509 1466 2665 1525 enim
2699 1466 2817 1524 fuit
2847 1467 2980 1541 ejus

364 1558 691 1631 supersunt
751 1555 993 1614 collecta
1042 1556 1426 1632 reperiuntur
1483 1553 1642 1631 apud
1697 1554 2044 1630 discipulus,
2093 1555 2301 1630 etjam
2334 1572 2467 1612 cum
2501 1554 2686 1613 Paulo
2720 1571 2978 1613 samosa-

365 1644 730 1703 Gallandi
751 1644 855 1713 111,
880 1653 1182 1708 670—83
1194 1654 1249 1715 2,
1286 1644 1374 1703 ed.
1392 1643 1642 1719 optima3
1697 1646 1838 1701 teno
1869 1643 2259 1719 probabiliter
2288 1643 2529 1702 videtur
2557 1641 2743 1701 fuisse
2773 1642 2848 1701 ab
2866 1642 2978 1700 Ec-

365 1733 617 1810 Migne
649 1733 712 1793 P.
746 1733 810 1791 G.
843 1736 887 1791 t.
921 1733 1130 1803 XVIII,
1175 1743 1453 1797 9—408.
1518 1731 1641 1790 No·
1698 1733 1880 1791 clesia
1940 1733 2229 1791 exclusus.
2313 1731 2696 1791 Postmodum
2755 1732 2980 1791 iterum

365 1841 497 1881 vam
547 1822 639 1881 ed.
689 1822 923 1880 curavit
966 1823 1196 1881 Jahn:
1262 1823 1322 1881 S.
1372 1822 1646 1881 Methodii
1695 1825 1970 1897 receptus
1987 1822 2275 1898 martyrio
2303 1821 2562 1880 maculas
2592 1820 2808 1896 prioris
2839 1837 2979 1879 con·

365 1930 542 1986 opera
574 1913 637 1969 et
667 1929 714 1969 s.
746 1911 1082 1971 Methodius
1119 1911 1486 1987 platonizans
1519 1911 1645 1969 sive
1701 1911 2053 1970 versationis
2104 1910 2404 1968 abstersit.
2469 1906 2726 1970 Exhibet
2755 1909 2907 1967 Rus
2915 1909 2978 1966 i-

365 1999 771 2059 Platonismus
804 2017 883 2058 ss.
902 2005 1140 2076 patrum
1160 2001 1454 2059 Ecclesiae
1474 2017 1645 2077 grae-
1699 2018 1844 2060 nus
1876 2000 1938 2057 in
1971 2017 2080 2058 sua
2109 1999 2376 2058 versione
2406 1999 2478 2061 H.
2512 1999 2576 2059 E.
2609 1998 2851 2057 Eusebii
2879 1997 2978 2067 IX,

365 2105 465 2147 cae
514 2107 559 2147 s.
608 2088 900 2147 Methodii
947 2090 1216 2166 exemplo
1266 2090 1644 2158 illustratus3
1702 2099 1738 2151 6
1788 2107 2116 2150 sermonem
2151 2088 2320 2147 illius
2356 2087 2794 2165 apologeticum
2838 2086 2979 2146 reli·

368 2177 833 2238 Bonwet-sch
859 2178 905 2256 ¹)
966 2197 1059 2254 op.
1120 2179 1218 2237 cit.
1284 2178 1451 2236 Halis
1513 2177 1644 2236 Sax.
1699 2177 1896 2255 gionis
1916 2176 2294 2246 christianae,
2312 2195 2490 2253 quem
2508 2177 2776 2235 instante
2789 2179 2983 2235 morte

375 2276 559 2330 1865.
595 2267 781 2325 Plura
809 2264 1141 2344 fragmenta
1170 2267 1397 2342 reperit
1425 2266 1643 2326 edidit·
1700 2266 2081 2331 Nicomediae
2129 2266 2412 2325 habuisse
2458 2266 2736 2324 traditur.
2818 2264 2981 2323 Alias

369 2373 484 2430 que
530 2356 750 2414 Pitra
794 2355 857 2413 in
901 2356 1072 2414 Anal.
1105 2356 1211 2426 111,
1262 2365 1644 2425 603—6273

364 2444 463 2514 IV,
502 2454 869 2508 201—209.
902 2445 986 2504 De
1015 2445 1271 2520 quadam
1291 2446 1647 2521 Apocalypsi

366 2533 664 2593 Methodio
685 2533 997 2610 supposita
1028 2538 1091 2594 et
1120 2533 1194 2593 ab
1227 2534 1477 2594 Istrin
1509 2551 1643 2610 pro-

368 2624 589 2682 fessore
639 2623 923 2682 edesseno
980 2632 1139 2687 1897
1195 2624 1398 2683 critice
1439 2623 1644 2682 admo·

368 2711 511 2770 dum
542 2712 702 2770 edita
731 2715 1005 2771 accurate
1037 2713 1282 2772 disserit
1300 2714 1644 2787 Kampers

365 2801 500 2860 hist.
533 2800 739 2859 Jahrb.
783 2810 945 2865 1899
981 2821 1038 2877 p.
1075 2811 1444 2864 ἰιι-42].

454 2991 487 3043 5
500 2992 557 3042 7.
588 2980 756 3039 Circa
784 2997 989 3038 sacras
1018 2981 1219 3038 literas
1244 2982 1482 3056 praeter
1512 2980 1568 3037 M
1584 2997 1643 3037 e-

364 3068 719 3128 thodium
751 3068 972 3127 versati
1004 3066 1209 3149 sunt2)
1230 3068 1521 3127 Lucian
1540 3086 1645 3137 us,

366 3157 703 3216 Samosatae
732 3160 930 3228 natus,
974 3157 1151 3232 juxta
1181 3175 1228 3218 s.
1260 3157 1315 3215 H
1330 3157 1351 3214 i
1367 3175 1399 3216 e
1414 3176 1445 3216 r
1459 3175 1493 3215 o
1508 3176 1550 3215 n
1563 3171 1603 3232 y
1620 3189 1645 3201 -

364 3266 421 3304 m
437 3265 479 3305 u
494 3267 557 3306 m
588 3246 660 3305 de
692 3247 803 3305 vir.
837 3246 921 3304 ill.
955 3263 1002 3305 c.
1027 3253 1104 3308 77
1132 3284 1160 3315 ,
1177 3246 1270 3304 vir
1287 3245 1644 3304 dissertissi-

363 3335 533 3405 mus,
561 3335 943 3394 antiochenae
989 3335 1271 3394 ecclesiae
1308 3333 1643 3411 presbyter,

440 3565 479 3626 ¹)
508 3557 589 3612 Cf.
619 3557 792 3612 etiam
818 3557 993 3627 hujus
1014 3555 1147 3612 diss..
1179 3556 1359 3610 Uebcr
1378 3556 1469 3611 die
1492 3556 1646 3611 Schr.

365 3628 462 3681 des
492 3627 821 3682 Methodius
860 3645 972 3681 von
1002 3627 1210 3697 Olymp
1268 3630 1389 3682 Vom
1418 3633 1651 3683 Aussatz

365 3699 514 3754 inter
541 3699 690 3754 Abh.
719 3701 879 3754 Alex.
906 3716 957 3752 v,
987 3699 1297 3769 Oettingeu
1319 3698 1645 3770 gewidmet,

365 3770 654 3825 munchen
676 3776 813 3827 1898
836 3790 894 3841 p.
922 3776 1150 3827 29—53.

435 3846 480 3914 ²)
505 3841 1027 3896 Praetermittimus
1053 3841 1105 3894 H
1122 3841 1143 3895 i
1158 3858 1187 3895 e
1203 3859 1231 3894 r
1244 3858 1279 3893 a.
1294 3841 1335 3893 k
1350 3857 1384 3893 a
1401 3859 1458 3894 m
1501 3857 1648 3894 erro-

364 3930 490 3966 rum
520 3910 785 3983 Origenis
811 3912 1103 3974 asseclam,
1129 3916 1381 3984 coptum,
1413 3911 1512 3980 qui
1542 3928 1649 3967 sec.

366 3985 459 4048 ΙΙΙ,
488 3984 562 4038 ad
590 3985 761 4037 finem
790 3985 1064 4053 vergente
1090 3983 1429 4053 Leontopoli
1455 4000 1649 4037 mona-

365 4055 602 4109 sterium
629 4054 906 4108 instituit.
935 4054 1037 4107 Vir
1062 4054 1296 4122 quidem
1323 4053 1440 4107 fuit
1464 4053 1649 4108 erudi-

365 4129 459 4180 tus
498 4129 674 4194 atque
719 4125 963 4207 scriptor
1002 4124 1257 4197 plurium
1297 4141 1551 4196 operum,
1587 4125 1648 4179 in

366 4196 567 4268 primis
594 4196 657 4250 in
684 4214 728 4250 a.
753 4198 873 4252 Scri
916 4199 1122 4260 turam,
1164 4212 1310 4265 quae
1340 4202 1528 4249 tamen
1558 4213 1650 4266 pe-

367 4268 603 4322 rierunt.
662 4268 701 4321 E
717 4288 755 4338 p
776 4268 850 4339 ip
923 4285 958 4322 a
973 4287 1008 4321 n
1028 4267 1049 4322 i
1067 4287 1104 4322 u
1122 4285 1146 4321 s
1174 4275 1363 4340 (quem
1391 4267 1461 4321 de
1489 4284 1555 4321 eo
1577 4269 1647 4323 cf.

1698 2356 2053 2431 scriptorum
2103 2354 2386 2431 reliquias
2441 2354 2684 2431 collegit
2727 2354 2825 2413 Ro
2840 2372 2884 2411 u
2898 2353 2979 2411 th

1705 2443 1797 2514 IV,
1843 2455 2072 2507 1—17.
2111 2476 2184 2487 -
2221 2444 2440 2503 Eodem
2472 2444 2594 2503 sere
2623 2446 2890 2520 tempore
2921 2444 2986 2500 et

1700 2533 2176 2610 Hesychius,
2212 2534 2452 2593 natione
2484 2532 2820 2610 Aegyptius
2854 2528 2913 2611 (†
2932 2549 2982 2592 c.

1705 2619 1858 2705 305)
1892 2623 2253 2699 exemplaria
2271 2622 2562 2682 versionis
2581 2623 2731 2681 Lxx
2762 2625 2824 2681 et
2853 2625 2982 2681 tex·

1700 2715 1800 2771 tus
1831 2713 1903 2772 N.
1937 2712 2000 2771 T.
2034 2712 2353 2781 recensuit,
2406 2713 2580 2787 cujus
2627 2710 2983 2786 exemplaria

1702 2802 1767 2860 in
1815 2819 1932 2860 usu
1977 2803 2149 2859 erant
2197 2819 2302 2875 per
2337 2803 2697 2876 Aegyptum.
2763 2799 2982 2858 Verum

1703 2890 2025 2965 utriusque
2057 2890 2223 2948 labor
2256 2890 2321 2946 in
2352 2888 2426 2947 N.
2460 2889 2522 2948 T.
2555 2888 2800 2946 minime
2832 2886 2985 2945 arri-

1701 2980 1783 3037 sit
1830 2997 1877 3036 ε.
1926 2978 2400 3053 Hieronymo
2446 2976 2630 3035 Praef.
2663 2977 2728 3034 in
2759 2976 2984 3053 Evang.

1704 3063 2207 3149 (MigneXXIX,
2247 3062 2418 3147 527),
2454 3066 2574 3123 imo
2607 3066 2672 3123 in
2703 3064 2984 3123 decretali

1705 3155 1935 3215 Gelasio
1954 3155 2000 3212 1.
2031 3155 2334 3230 adscripta
2366 3154 2439 3212 de
2469 3154 2648 3229 recip.
2681 3153 2849 3211 libris
2881 3153 2984 3210 de-

1704 3245 2009 3303 clarantur
2029 3283 2056 3313 ,
2071 3243 2395 3320 Evangelia
2425 3260 2576 3319 quae
2596 3241 2831 3301 falsavit
2848 3241 2894 3299 L
2911 3260 2981 3299 u-

1702 3334 1977 3392 cianus
2010 3377 2023 3391 .
2046 3377 2058 3390 .
2081 3377 2094 3390 .
2128 3350 2279 3408 quae
2309 3331 2552 3390 falsavit
2581 3330 2988 3405 Hesychius

1713 3421 2067 3498 apocrypha.
2086 3429 2114 3459 ‘
2180 3420 2307 3479 Viri
2376 3421 2566 3490 critici
2624 3420 2986 3479 recentiores

1704 3510 2201 3581 Vercellone,
2234 3510 2488 3580 Field,
2525 3510 2609 3568 de
2639 3508 2984 3585 Lagarde

1702 3599 1959 3675 vestigia
2003 3601 2214 3658 horum
2263 3598 2537 3659 laborum
2585 3617 2647 3657 se
2698 3599 2989 3673 reperisse

1707 3683 2004 3769 putantt’),
2038 3688 2196 3748 unde
2229 3687 2302 3746 de
2322 3688 2416 3746 La
2430 3707 2565 3765 gar
2580 3686 2618 3745 d
2635 3706 2667 3746 e
2698 3686 2890 3745 edidit
2913 3704 2984 3743 ex

1704 3777 1889 3847 codd„
1943 3777 2048 3853 qui
2097 3777 2339 3835 Luciani
2385 3776 2789 3836 recensionem
2824 3775 2889 3835 V.
2921 3776 2985 3836 Τ.

1704 3866 2012 3926 continere
2081 3865 2580 3942 conjiciebantur:
2667 3865 2982 3924 Librorum

1720 3954 1778 4013 V.
1818 3956 1876 4013 T.
1924 3957 2335 4014 canonicorum
2357 3973 2420 4031 p.
2455 3960 2532 4031 1.,
2587 3972 2793 4031 graece
2844 3953 2984 4011 Got-

1703 4045 1903 4120 tingae
1943 4054 2143 4114 18833
2191 4044 2379 4104 altera
2422 4063 2558 4119 pars
2590 4061 2707 4101 non
2742 4042 2984 4117 prodiit.

1781 4271 1819 4339 ¹)
1849 4267 1932 4322 Cf.
1961 4266 2310 4320 Harnack
2337 4268 2378 4328 Ι,
2409 4271 2721 4322 526-532;
2749 4262 2983 4326 Bickell,

366 4340 606 4397 haer.67
621 4341 682 4393 et
696 4347 765 4396 55
785 4358 841 4393 n.
864 4348 924 4398 5;
954 4346 1022 4396 69
1040 4343 1177 4411 ιι.7),
1197 4338 1497 4393 haereticis
1518 4355 1649 4392 eum
1703 4338 1970 4393 Zeitschr.
2013 4338 2049 4390 f.
2077 4338 2238 4391 kath.
2265 4336 2459 4389 Theol.
2497 4337 2643 4391 1879.
2689 4336 2781 4399 ΙΙΙ,
2809 4335 2984 4390 407-

366 4415 655 4471 sccenset;
701 4425 937 4482 negasse
982 4411 1134 4464 euim
1175 4409 1425 4464 traditur
1463 4410 1650 4463 carnis
1703 4417 1825 4466 409.

366 4480 871 4540 resurrectionem:
912 4483 1157 4536 salutem
1201 4480 1515 4535 infantium
1543 4479 1649 4535 etsi

1779 4486 1818 4550 ²)
1847 4480 2678 4544 Burdenhewerg-Hnssz
2706 4476 2985 4540 KL.V111‚

368 4553 988 4633 baptizatorum-amne
1014 4553 1342 4617 affirmasse,
1369 4553 1648 4623 Spiritum
1705 4559 1809 4609 198
1827 4574 1837 4612 ;
1885 4552 1952 4616 V,
2002 4554 2134 4608 1872
2156 4573 2167 4609 ς
2219 4550 2269 4602 Η
2288 4568 2324 4602 ιι
2341 4567 2378 4600 ιι
2395 4548 2431 4600 d
2449 4549 2487 4601 h
2505 4565 2538 4600 a
2555 4567 2592 4601 u
2612 4566 2636 4601 s
2652 4565 2682 4602 e
2699 4567 2736 4602 n
2776 4548 2887 4604 KL.
2916 4549 2986 4612 ΙΙ,

368 4642 408 4679 s.
433 4623 773 4707 apparuisse
789 4642 850 4677 ιιι
866 4622 1297 4687 Melchisedech,
1318 4626 1649 4695 reprobasse
1702 4625 1800 4680 701
1837 4641 1905 4677 ss.
1926 4644 1938 4676 :
1981 4622 2025 4675 Ε
2043 4623 2081 4675 h
2097 4639 2125 4674 r
2140 4623 2180 4674 h
2197 4638 2231 4673 a
2247 4638 2275 4672 r
2291 4620 2326 4672 d
2353 4620 2422 4683 11,
2451 4624 2737 4700 353‘355.
2752 4641 2764 4678 z
2810 4623 2982 4675 370-

367 4700 803 4751 matnmomum
829 4697 933 4750 etc.
985 4696 1068 4749 Cf.
1096 4696 1141 4748 B
1156 4712 1190 4748 a.
1205 4714 1234 4748 r
1250 4695 1287 4748 d
1304 4712 1333 4748 e
1349 4714 1389 4749 n
1406 4696 1444 4749 h
1462 4713 1491 4749 e
1510 4713 1561 4748 w
1576 4712 1605 4748 e
1622 4712 1650 4746 r
1704 4699 1807 4750 372
1827 4715 1838 4752 ς
1892 4693 1936 4745 Β
1954 4710 1985 4746 o
2003 4710 2041 4745 u
2059 4710 2085 4745 s
2100 4709 2126 4745 s
2142 4708 2171 4745 e
2190 4695 2215 4745 t
2261 4690 2521 4744 textkrit.
2575 4689 2814 4744 Studien
2855 4707 2985 4742 zum

366 4766 475 4824 KL.
504 4768 576 4832 V,
604 4773 763 4823 2005.

1704 4765 1775 4818 N.
1803 4766 1864 4818 T.
1893 4764 1955 4817 in
1983 4765 2157 4817 Texte
2184 4781 2241 4817 u.
2268 4762 2336 4815 U.
2370 4768 2505 4817 1894
2531 4762 2624 4825 XI,
2651 4770 2699 4815 4.
