3505 5161
387 168 510 227 889
1167 151 1417 206 Joannes
1442 151 1606 217 diac„
1632 152 1883 207 Joannes
1909 153 2086 206 abbas
2113 169 2222 206 cas.
2871 170 2999 224 890

383 337 497 396 alia
526 337 645 396 duo
675 336 900 395 Auxilii
920 337 1234 413 opuscula:
1269 338 1340 397 In
1375 340 1656 414 defensio·
1715 338 1960 412 scripsit
2019 338 2177 397 lectu
2237 338 2480 415 dignam
2531 339 2998 409 translationem,

382 445 507 485 nem
539 445 744 485 sacrae
774 428 1158 485 ordinationis
1188 446 1373 504 papae
1394 427 1658 486 Formosi
1716 447 1898 504 quam
1929 427 2110 486 habes
2142 428 2207 485 in
2240 430 2367 486 Act.
2402 426 2499 489 SS.
2531 428 2665 487 Jan.
2707 439 2758 497 1,
2805 438 2999 492 1098-

382 535 439 591 p.
486 525 743 579 59—95
791 510 866 597 (c.
911 536 961 575 a.
1012 526 1134 580 sos
1184 518 1278 575 vel
1327 512 1515 598 909);
1584 517 1659 574 li·
1725 524 1922 587 11033
1971 516 2036 574 in
2080 517 2208 575 ΜΕ.
2254 517 2292 574 1.
2324 535 2371 576 c.
2404 537 2461 591 p.
2498 525 2863 581 452—459.
2926 517 2999 575 111

381 604 576 664 bellus
621 606 683 662 in
735 606 1115 678 defensionem
1163 604 1440 680 Stephani
1483 625 1567 681 ep.
1600 608 1661 664 et
1715 624 1785 665 eo
1837 609 2041 664 narrat
2095 606 2452 682 Martyrium
2494 625 2540 664 s.
2591 604 2859 680 Procopii
2907 625 2997 681 ep.

380 694 675 770 praefatae
706 694 1114 753 ordinationis,
1168 695 1502 771 Stephanus
1536 695 1659 753 scil.
1714 694 2178 754 tauromenitani
2197 696 2448 771 ejusque
2465 695 2755 754 sociorum
2774 714 2809 753 a
2829 694 2998 753 Sara-

379 784 605 859 pariter
643 783 961 842 transierat
990 803 1025 841 a
1054 784 1192 842 sede
1222 784 1556 843 sorrentina
1587 784 1660 843 ad
1715 783 1875 842 cenis
1906 784 1971 842 in
2008 784 2299 860 ejusmodi
2329 782 2636 843 invasione
2669 784 2998 842 occisorum

381 873 848 948 neapolitanam:
927 872 1067 931 hinc
1142 874 1272 947 ejus
1322 873 1532 932 electio
1593 873 1657 931 in
1715 893 1765 931 a.
1804 882 1948 944 909,
1995 873 2151 949 apud
2197 873 2635 943 Octavium,
2685 872 2855 931 Vitae
2901 873 2998 933 SS.

382 961 722 1038 episcopum
752 961 1196 1037 neapolitanum
1243 965 1303 1021 et
1334 962 1659 1021 ordinatio·
1716 963 1829 1023 Sic.
1862 960 1939 1032 11,
1990 973 2024 1023 6
2074 965 2135 1022 et
2178 963 2337 1037 apud
2383 962 2762 1021 Muratori
2794 961 2829 1021 l.
2862 980 2908 1020 c.
2941 982 2998 1037 p.

380 1069 486 1110 nes
516 1051 582 1110 in
613 1050 867 1109 dubium
907 1050 981 1108 ab
1012 1052 1261 1110 aemulis
1291 1052 1456 1110 fuere
1488 1070 1657 1110 voca·
1720 1061 1864 1121 269,
1914 1052 2018 1127 qui
2065 1054 2294 1111 textum
2340 1051 2625 1111 exhibent
2663 1050 2933 1109 nonnihil
2965 1070 3002 1108 a

380 1144 492 1199 tae.
524 1140 610 1198 Ib.
642 1159 701 1215 p.
735 1149 1059 1202 96—109.
1092 1139 1256 1199 Idem
1287 1140 1513 1216 reperit
1543 1141 1660 1198 alia
1715 1140 2103 1200 Bollandistis
2167 1141 2501 1210 diversum3
2571 1140 2902 1198 Translatio
2951 1158 2998 1201 s.

381 1248 462 1289 cc.
497 1239 531 1291 6
566 1228 774 1299 libelli,
809 1248 983 1302 quem
1019 1247 1201 1304 supra
1230 1229 1421 1305 primo
1453 1229 1655 1305 posui·
1717 1229 1870 1287 Sosii
1914 1226 1992 1309 (a.
2027 1225 2183 1313 910)
2228 1230 2291 1288 in
2338 1229 2464 1292 MG.
2498 1228 2594 1289 SS.
2629 1229 2666 1288 l.
2700 1247 2744 1286 c.
2777 1248 2833 1303 p.
2871 1237 2998 1290 459

381 1337 514 1377 mus
531 1319 684 1387 looo;
721 1320 783 1376 et
798 1317 1370 1394 Vulgariiacriptum
1391 1320 1461 1376 de
1480 1337 1658 1377 causa
1716 1336 1791 1389 S.;
1839 1336 1975 1376 cum
2019 1322 2137 1379 vita
2180 1338 2226 1378 s.
2260 1319 2565 1393 Januarii,
2615 1318 2676 1375 iu
2719 1317 2868 1375 actis
2902 1316 2999 1379 SS.

382 1408 791 1481 Formosiana‚
822 1406 887 1464 in
917 1424 1038 1481 quo
1069 1406 1327 1466 valorem
1378 1407 1655 1466 ordinum
1716 1410 1874 1483 Sept.
1900 1407 1990 1473 VI.
2016 1418 2142 1472 874
2165 1427 2240 1477 S.;
2277 1425 2428 1482 quae
2451 1407 2648 1466 omnia
2666 1406 3001 1480 conscripta

381 1517 416 1554 a
444 1497 723 1554 Formoso
755 1496 1104 1555 collatorum
1122 1499 1348 1566 tuetur,
1383 1496 1462 1554 ib.
1505 1507 1657 1559 117·-
1716 1500 1864 1555 sunt
1905 1494 2040 1555 stil‘o
2087 1498 2378 1557 rhetorico
2423 1500 2484 1554 et
2529 1495 2731 1553 vivaci.
2794 1495 2999 1553 Latine

388 1594 528 1648 139.
559 1583 832 1661 Vulgarii
851 1586 1119 1659 epistolas
1150 1588 1212 1643 et
1241 1587 1506 1644 carmina
1538 1585 1658 1643 ibi·
1717 1585 1899 1643 vertit
1942 1605 2011 1644 ex
2057 1589 2229 1644 textu
2274 1603 2483 1662 graeco
2528 1584 2678 1641 Evo
2697 1583 2806 1641 dii
2839 1603 2997 1641 mar-

382 1674 514 1733 dem
545 1674 726 1732 habes
758 1693 814 1749 p.
855 1683 1217 1736 1:39—156.
1716 1676 1934 1749 tyrium
1995 1676 2112 1733 XL
2188 1682 2518 1751 martyrum
2577 1673 2999 1732 sebastenornm

475 1772 620 1826 487.
652 1762 989 1821 Joannes
1033 1763 1316 1821 diaconus
1356 1782 1463 1821 seu
1494 1782 1660 1838 prae·
1717 1759 1779 1843 (†
1803 1768 1972 1838 320),
2003 1765 2067 1822 in
2100 1765 2226 1825 Act.
2261 1763 2357 1824 SS.
2398 1764 2683 1826 10.Mart.
2717 1761 2791 1830 ΙΙ,
2829 1771 2999 1824 22-

383 1870 477 1911 ses
508 1851 811 1911 diaconiae
840 1852 878 1910 i.
912 1870 960 1914 e.
994 1852 1339 1911 xenodochii
1374 1852 1446 1910 ad
1479 1853 1660 1912 eccle·
1720 1861 1821 1915 25.
1898 1851 2026 1912 Vita
2071 1872 2117 1911 s.
2166 1854 2398 1912 Nicolai
2428 1851 2609 1911 Mirae
2642 1869 2731 1926 ep.
2764 1853 3004 1925 reperta

382 1941 530 2000 siam
580 1960 624 2003 s.
674 1940 947 1999 Januarii
998 1940 1245 2016 Neapoli
1259 1937 1331 2024 1),
1385 1961 1542 2000 unus
1592 1961 1659 2000 ex
1719 1961 1755 2000 a
1786 1941 1929 1999 Mai
1978 1942 2042 2000 in
2076 1943 2274 2017 Spicil.
2306 1942 2403 2012 IV,
2454 1949 2578 2004 323
2616 1958 2662 2001 s.
2694 1973 2780 1983 ——
2819 1940 2997 1998 Chro-

383 2029 747 2089 doctioribus
792 2032 853 2088 et
879 2030 1237 2089 cultioribus
1282 2030 1427 2089 viris
1456 2030 1663 2088 Italiae
1718 2032 1851 2089 nica
1870 2049 1914 2089 s.
1937 2032 2232 2090 Benedicti
2250 2031 2569 2091 casinensis
2590 2025 2999 2112 (529—867)

381 2120 490 2177 hac
519 2121 711 2177 aetate
742 2119 1116 2177 continuavit
1160 2120 1302 2178 stilo
1331 2119 1448 2178 fide
1479 2119 1659 2196 digno
1716 2119 1958 2179 videtur
2002 2140 2127 2179 esse
2158 2121 2198 2180 J
2213 2121 2486 2179 oannis
2518 2119 2748 2194 Capuae
2779 2117 3000 2176 illustri

382 2212 444 2267 et
472 2208 662 2266 vivaci
692 2209 998 2267 chronicon
1024 2212 1421 2283 episcoporum
1451 2227 1659 2284 neapo-
1718 2208 1846 2267 loco
1879 2210 2023 2277 nati,
2072 2210 2177 2285 qui
2208 2228 2276 2268 ex
2309 2208 2717 2269 archidiacono
2737 2225 3000 2282 capuano

384 2299 700 2356 titanorum
731 2296 824 2355 ab.
856 2316 906 2355 a.
931 2306 1295 2367 762—872,
1330 2298 1405 2355 ab
1437 2316 1661 2374 anony-
1716 2297 1909 2356 factus
1942 2302 2033 2357 est
2064 2300 2387 2358 monachus
2420 2300 2481 2357 et
2524 2299 2599 2356 ob
2638 2297 3001 2373 singularem

382 2405 479 2445 mo
500 2389 773 2462 coeptum
795 2386 985 2445 medio
1007 2405 1119 2445 sec.
1140 2387 1238 2457 IX,
1271 2389 1331 2445 et
1361 2386 1518 2445 a·Pe
1536 2390 1562 2444 t
1581 2405 1660 2445 ro
1718 2405 1947 2446 morum
1982 2388 2386 2446 maturitatem
2418 2387 2600 2445 abbas
2637 2387 2863 2445 electus
2911 2389 3002 2442 est

382 2476 743 2534 subdiacono
789 2471 851 2554 (†
892 2496 950 2551 p.
1000 2470 1155 2558 960)
1199 2476 1379 2534 tertia
1421 2479 1661 2534 auctum
1719 2471 1779 2553 (†
1813 2473 1986 2559 934).
2047 2477 2178 2552 Ipse
2222 2478 2390 2535 enim
2431 2479 2581 2535 teste
2613 2476 2841 2533 Petro
2874 2473 3002 2532 dia-

381 2560 642 2646 parte²);
677 2565 861 2641 hujus
905 2567 1141 2624 tantum
1188 2566 1463 2642 superest
1504 2566 1662 2642 frag·
1717 2584 1865 2624 cono
1898 2566 1969 2625 de
2001 2566 2150 2625 viris
2181 2566 2266 2630 ill.
2300 2566 2479 2626 casin.
2512 2585 2557 2628 c.
2592 2574 2683 2635 15,
2720 2564 2834 2633 ,de
2866 2583 3001 2639 per-

381 2656 670 2715 mentum.
719 2654 953 2713 Prodiit
983 2654 1137 2713 illud
1168 2655 1473 2732 integrum
1505 2655 1663 2712 inter
1718 2655 2128 2714 secutionibus
2161 2657 2288 2730 ejus
2320 2655 2587 2715 coenobii
2627 2658 2690 2712 et
2720 2654 2790 2712 de
2823 2653 2999 2710 mira-

382 2743 803 2802 Muratorii
832 2744 965 2802 Ital.
997 2763 1109 2805 rer.
1141 2744 1341 2818 script.
1358 2743 1404 2814 I,
1427 2752 1481 2812 2,
1503 2753 1659 2805 291-
1716 2743 1943 2801 bilibus
1975 2744 2126 2802 inibi
2158 2744 2328 2804 sactis
2374 2744 2706 2802 chronicam
2739 2742 3004 2799 succinc-

386 2841 544 2903 3183
578 2832 641 2889 in
674 2832 828 2893 Mon.
861 2833 925 2892 G.
958 2833 1158 2907 script.
1191 2851 1303 2892 rer.
1338 2832 1572 2908 langob.
1603 2852 1659 2907 p.
1719 2835 1858 2902 tam,
1907 2833 2010 2891 sed
2054 2833 2226 2891 valde
2270 2833 2658 2893 necessariam
2720 2831 2847 2888 loco
2898 2829 3000 2886 de-

386 2929 766 2991 402—4363
812 2921 901 2979 ed.
946 2922 1105 2979 Bart.
1139 2922 1470 2996 Capasso
1502 2921 1661 2979 inter
1718 2922 2017 2996 scripsit.‘
2066 2922 2366 2998 Integram
2399 2921 2564 2979 dedit
2578 2915 2626 2999 ¹)
2659 2919 2901 2976 Waitz
2938 2918 3002 2976 in

382 3011 769 3069 Monumenta
798 3010 872 3068 ad
902 3010 1263 3085 neapolitani
1287 3011 1539 3068 ducatus
1572 3009 1662 3067 hi·
1718 3012 1873 3072 Mon.
1906 3011 2108 3074 G.Scr.
2139 3030 2250 3069 rer.
2284 3010 2515 3087 langob.
2548 3028 2603 3084 p.
2631 3016 3000 3078 468—4883

383 3099 627 3159 storiam
672 3099 1052 3174 pertinentia,
1099 3098 1347 3174 Neapoli
1397 3109 1582 3162 1881.
1614 3100 1660 3168 Ι,
1718 3102 1944 3175 partem
2004 3099 2257 3176 priorem
2304 3096 2685 3158 Muratori
2719 3099 2839 3172 ὀμ
2902 3097 3001 3154 cit.
3112 3110 3118 3116 ·

389 3197 754 3251 155—221.
817 3188 1071 3247 Seorsirn
1110 3206 1176 3246 ex
1210 3207 1278 3246 eo
1310 3187 1664 3262 prodierunt
1719 3189 1794 3258 ΙΙ,
1847 3198 1899 3258 1,
1939 3197 2315 3258 264-269;
2362 3189 2587 3246 Pertz
2633 3186 2746 3244 sub
2793 3185 3003 3243 inscri-

381 3280 499 3336 vita
520 3279 772 3336 Joannis
790 3277 874 3338 II.
908 3296 997 3352 ep.
1025 3276 1387 3352 neapolitani
1421 3272 1484 3359 (†
1509 3271 1661 3356 653)
1718 3277 1921 3352 ptione
1955 3277 2281 3337 Chronicon
2314 3277 2616 3336 casinense
2653 3283 2998 3338 568-867

381 3367 449 3425 in
479 3368 605 3428 Act.
639 3365 735 3427 SS.
768 3366 904 3426 Jan.
936 3367 983 3436 1,
1020 3375 1133 3436 323
1166 3368 1280 3424 vita
1311 3385 1358 3424 s.
1390 3361 1662 3424 Athana-
1719 3367 1782 3423 in
1803 3366 1930 3428 ΜΘ.
1965 3367 2167 3442 script.
2204 3366 2310 3437 III,
2338 3374 2719 3433 222—2303
2754 3364 3003 3439 Migne

380 3458 457 3514 sii
487 3473 577 3531 ep.
605 3455 966 3531 neapolitani
988 3451 1317 3535 (850—87
1329 3450 1394 3535 2)
1426 3455 1487 3512 in
1519 3454 1664 3512 actis
1721 3455 2018 3525 CLXXIII,
2077 3465 2458 3524 977—9903
2509 3474 2565 3531 p.
2618 3452 2860 3511 alteram
2911 3451 3002 3509 in-

384 3543 483 3607 SS.
525 3554 619 3607 15.
651 3545 775 3604 Jul.
816 3544 915 3614 IV,
968 3554 1256 3614 75—77;
1302 3543 1459 3619 apud
1506 3545 1663 3601 Mu·
1721 3543 2005 3619 scriptam
2027 3544 2311 3603 Chronica
2329 3543 2775 3602 demonasterio
2795 3560 2869 3600 ss.
2891 3542 3006 3599 Be·

382 3633 633 3692 ratori
662 3650 754 3708 op.
789 3633 886 3691 cit.
919 3633 995 3703 ΙΙ,
1035 3642 1088 3704 2,
1137 3643 1302 3696 1046
1337 3632 1664 3693 VII—XII.
1720 3632 1942 3691 nedicti
1988 3633 2051 3691 in
2083 3634 2307 3693 Pertz
2338 3634 2402 3692 in
2433 3652 2525 3709 op.
2559 3632 2658 3690 eit.
2692 3651 2749 3705 p.
2792 3639 3003 3694 198—

383 3722 529 3781 Cum
573 3723 650 3781 ob
682 3722 1104 3780 Saracenorum
1145 3721 1480 3781 invasiones
1525 3721 1663 3780 reli-
1725 3730 1879 3791 2053
1915 3722 2071 3797 apud
2104 3723 2322 3781 Tosti
2359 3721 2552 3780 Storia
2580 3721 2641 3779 di
2674 3721 2873 3779 Monte
2899 3719 3003 3778 Ca-

382 3811 559 3886 quiae
589 3829 632 3870 s.
666 3811 933 3871 Severini
974 3810 1418 3870 transferendae
1463 3812 1665 3868 essent
1721 3809 1852 3868 sino
1881 3819 2067 3874 1842.
2098 3822 2146 3880 1,
2189 3820 2328 3873 129.
2379 3812 2566 3885 Opere
2598 3809 2791 3867 nostri
2823 3807 3006 3866 Joan-

382 3901 448 3958 in
479 3902 740 3958 castrum
771 3900 1183 3967 Lucullanum‚
1219 3899 1347 3974 ipse
1378 3900 1528 3957 hanc
1562 3899 1662 3956 de·
1719 3897 1811 3957 nis
1831 3917 1977 3958 usus
2008 3903 2102 3958 est
2131 3900 2274 3958 Leo
2304 3900 2592 3958 Ostiensis
2614 3899 2676 3956 in
2697 3913 2805 3956 suo
2827 3897 3003 3956 Chro-

459 4217 500 4280 Ξ)
527 4183 740 4267 sib-hoc
756 4189 1039 4281 distingui
1057 4213 1227 4265 debet
1242 4212 1391 4265 alius
1418 4211 1460 4263 P
1472 4213 1577 4264 etr
1590 4229 1626 4263 u
1640 4228 1665 4263 s
1718 4168 1858 4224 Ant·
1892 4166 1932 4224 C
1948 4185 1982 4224 ⁸
1995 4185 2026 4223 r
2042 4187 2076 4225 ⁸¹
2091 4185 2121 4224 ⁰
2138 4184 2168 4224 Β
2183 4167 2203 4224 i
2220 4184 2253 4224 ⁰
2272 4167 2291 4222 l
2310 4165 2331 4223 i
2376 4167 2535 4224 inter
2566 4169 2821 4239 quatuor
2850 4164 3004 4220 anti·

385 4283 769 4338 subdiaconus
808 4283 1075 4337 ecclesiae
1116 4283 1533 4354 neapolitanae,
1562 4282 1664 4350 qui
1720 4273 1869 4330 quos
1901 4255 2307 4355 chronologos,
2342 4252 2589 4355 {kaim-li
2636 4261 2797 4352 152⁶
2834 4253 2904 4352 in·
2932 4263 3002 4323 43

384 4357 627 4408 exeunte
654 4372 760 4409 sec.
788 4355 878 4408 XI.
909 4354 999 4408 SS.
1030 4355 1179 4408 vitas
1206 4371 1235 4407 e
1261 4370 1463 4425 graeco
1482 4354 1663 4407 latine
1721 4364 1757 4402 a
1788 4343 2031 4403 Camillo
2065 4345 2493 4421 Peregrino
2540 4361 2603 4400 1n
2648 4341 2782 4402 hist.
2816 4359 3006 4416 princ.

385 4425 590 4486 vertit:
616 4429 675 4480 et
699 4427 843 4480 forte
871 4426 989 4486 ille,
1010 4426 1175 4495 cujus
1194 4442 1313 4479 esse
1332 4425 1545 4479 dicitur
1563 4425 1662 4478 Mi·
1717 4433 1977 4509 Langob.
2008 4432 2223 4508 Napoli
2269 4441 2429 4495 1643
2450 4454 2463 4500 ;
2510 4430 2574 4488 in
2622 4431 2917 4489 Murato
2935 4449 2966 4487 r
2981 4430 3002 4487 i

383 4498 1116 4640 rggfflgssbalg4n51313ffi933·
1121 4499 1218 4622 213.
1235 4497 1662 4637 Ἐῗᾶὸρὲζεαξέοᾷ
1719 4522 2065 4598 Scriptrer.
2100 4523 2169 4580 It.
2202 4525 2246 4585 t.
2278 4521 2351 4579 ΙΙ.
2384 4533 2432 4590 1,
2473 4529 2818 4582 272—279
2854 4521 2915 4576 et
2938 4520 3003 4577 in

385 4639 448 4692 in
475 4638 728 4694 Monum.
752 4640 825 4695 ad
854 4640 1074 4708 neapol.
1115 4640 1357 4693 ducatus
1383 4639 1515 4692 hist.
1544 4655 1663 4709 per-

386 4709 706 4765 tinentibus
738 4719 862 4768 1881
899 4711 940 4776 Ι,
969 4717 1267 4768 307-322.
1798 4715 1833 4772 ¹)
1864 4710 1943 4765 Cf.
1974 4709 2016 4762 P
2034 4711 2198 4766 otth
2216 4727 2249 4763 a
2268 4714 2333 4764 st
2357 4730 2411 4780 p.
2441 4714 2560 4765 224.
