3505 5161
484 228 560 281 35

480 397 543 455 P.
565 396 629 453 G.
653 394 717 463 V,
747 400 1198 456 1207—1251.
1233 388 1314 449 Of.
1335 388 1689 447 Harnack
1714 389 1760 458 Ι,

487 497 540 560 1,
580 491 947 547 246-255,
985 481 1090 556 qui
1119 479 1440 555 diligenter
1459 477 1761 536 Melitonis

481 592 661 648 opera
690 574 1015 630 enumerat.

578 761 672 814 15.
707 749 828 808 Alii
878 747 1070 807 adhuc
1133 746 1277 805 sunt
1336 744 1517 819 hujus
1575 744 1763 803 seculi

479 840 827 916 apologetae
842 833 909 918 ¹),
962 838 1066 912 qui
1115 835 1313 893 minus
1345 833 1760 903 innotuerunt,

481 947 632 1005 quos
666 926 925 987 sufficiet
955 924 1218 984 breviter
1249 922 1540 999 attigisse,
1576 940 1763 998 eoque

481 1019 672 1095 magis
703 1016 863 1092 quod
898 1033 1102 1073 eorum
1150 1012 1372 1087 scripta
1418 1010 1537 1069 fere
1572 1011 1762 1086 perie-

478 1108 619 1167 rint.
680 1106 846 1164 Inter
876 1122 994 1172 eos,
1030 1120 1290 1178 quorum
1335 1099 1553 1175 scripta
1598 1119 1763 1176 pror-

482 1214 585 1255 sus
635 1195 960 1270 perierunt,
1012 1191 1275 1267 pertinet
1336 1188 1763 1258 Miltiades,

481 1304 660 1361 quem
707 1280 1266 1341 Tertullianus
1312 1278 1599 1337 adversus
1648 1278 1764 1337 Va-

482 1375 623 1432 lent.
646 1391 692 1431 c.
718 1382 774 1435 5.
807 1369 1203 1430 Ecclesiarum
1236 1367 1560 1443 sophistam
1589 1364 1764 1447 (forte

481 1462 639 1521 idem
672 1480 737 1520 ac
770 1454 1165 1538 defensorem)
1199 1458 1476 1533 appellat.
1528 1455 1766 1515 Obtulit

482 1548 556 1633 (c.
600 1561 707 1614 161
782 1546 969 1627 469)
1003 1545 1379 1622 principibus
1414 1545 1577 1603 illius
1611 1548 1761 1603 tern-

480 1640 644 1717 poris
705 1639 1152 1715 Apoloqeticum.
1249 1634 1501 1711 Scripsit
1560 1623 1766 1693 contra

556 1848 598 1914 ι)
629 1844 781 1896 Inter
808 1842 911 1895 hos
938 1843 1265 1895 recensetur
1292 1842 1348 1892 et
1392 1838 1437 1892 T
1453 1856 1485 1891 a
1503 1842 1527 1891 t
1541 1838 1563 1890 i
1579 1856 1611 1891 a
1628 1857 1667 1891 n
1686 1857 1723 1891 ιι
1742 1858 1767 1892 s

483 1916 714 1969 natione
737 1915 928 1981 Syrus,
950 1912 1095 1966 forte
1116 1930 1162 1965 e.
1183 1928 1232 1964 a.
1252 1919 1351 1967 110
1371 1914 1540 1963 natus
1560 1910 1630 1964 de
1651 1927 1767 1979 quo

483 1986 684 2042 scribit
709 1985 760 2038 H
777 1985 796 2037 i
815 2002 843 2038 e
859 2003 887 2036 r
903 2000 935 2036 o
952 2002 990 2036 n
1007 2001 1044 2051 y
1060 2004 1111 2037 m
1133 2001 1169 2035 u
1189 2002 1212 2034 s
1239 1983 1308 2035 de
1336 1981 1474 2035 viris
1500 1982 1585 2037 ill.
1612 2001 1657 2036 c.
1680 1988 1767 2038 29:

488 2056 813 2117 „Tatianus,
841 2055 944 2123 qui
971 2054 1217 2124 primum
1237 2053 1539 2108 oratoriam
1561 2053 1768 2107 docens

484 2148 598 2184 non
614 2145 849 2199 parvam
865 2126 975 2180 sibi
995 2143 1060 2180 ex
1083 2128 1203 2178 arte
1225 2126 1505 2180 rhetorica
1525 2124 1767 2195 gloriam

483 2220 607 2255 com
650 2202 928 2259 araverat,
956 2197 987 2250 J
1005 2216 1044 2250 ιι
1064 2217 1087 2249 s
1106 2196 1257 2251 tini
1284 2196 1552 2265 Martyris
1593 2200 1767 2251 sec-ta-

482 2278 574 2327 tor
623 2270 728 2335 uit,
755 2270 959 2323 florens
985 2269 1048 2322 in
1080 2267 1343 2329 Ecclesia,
1388 2268 1665 2336 quamdiu
1694 2269 1768 2321 ab

484 2345 606 2413 ejus
632 2345 808 2398 latere
836 2358 951 2394 non
980 2339 1254 2394 discessit.
1284 2340 1485 2394 Postea
1505 2356 1637 2393 vero
1658 2341 1767 2393 ela·

484 2420 577 2469 tus
618 2411 982 2480 eloquentiae
1011 2415 1247 2473 tumore.
1275 2429 1482 2466 novam
1508 2410 1768 2470 condidit

483 2485 761 2545 haeresin,
827 2500 973 2551 quae
1052 2482 1471 2537 Encratitarum
1534 2481 1766 2543 dicitur,

484 2574 657 2626 quam
682 2558 882 2627 postea
908 2556 1149 2607 Severus
1175 2554 1355 2614 auxit,
1398 2571 1431 2608 a
1476 2571 1592 2622 quo
1621 2554 1766 2621 ejus-

483 2631 611 2684 dem
637 2628 816 2699 partis
841 2626 1115 2680 haeretici
1141 2628 1176 2679 S
1194 2643 1223 2680 e
1241 2644 1273 2678 v
1293 2644 1321 2680 e
1340 2625 1401 2678 ri
1420 2645 1451 2678 a
1468 2645 1505 2680 n
1524 2625 1544 2678 i
1583 2641 1766 2693 usque

483 2700 655 2755 hodie
695 2698 1077 2769 appell-intur.
1150 2697 1320 2750 Porro
1363 2697 1638 2752 Tatianus
1682 2697 1765 2750 in-

484 2772 648 2827 finita
674 2768 902 2840 scripsit
940 2768 1249 2831 volumina,
1290 2785 1319 2821 c
1362 2768 1572 2836 quibus
1618 2787 1766 2823 unus

484 2846 681 2897 contra
708 2845 904 2912 gentes
950 2840 1380 2894 florentissimus
1421 2843 1577 2892 extat
1603 2839 1766 2904 liber,

484 2915 587 2983 qui
614 2914 764 2968 inter
790 2911 979 2966 omni-i
1020 2928 1190 2981 opera
1221 2913 1343 2982 ejus
1379 2911 1560 2964 fertur
1592 2911 1767 2981 insig-

484 2987 588 3038 nis,
618 2985 690 3038 Et
705 2984 798 3038 hic
817 2985 923 3036 sub
938 2983 1072 3053 imp.
1102 2983 1289 3037 Marco
1309 2982 1600 3037 Antonino
1618 2983 1765 3037 Vero

484 3061 543 3110 et
580 3055 756 3111 Lucio
784 3054 1019 3109 Aurelio
1060 3054 1364 3110 Commodo
1402 3054 1649 3107 floruit“.
1702 3055 1766 3108 In

486 3130 592 3183 hac
618 3127 873 3182 oratione
900 3126 1204 3180 admodum
1232 3124 1475 3188 erudita,
1503 3127 1599 3179 sed
1635 3125 1767 3180 stilo

483 3218 599 3255 non
625 3200 767 3252 adeo
807 3195 992 3267 polito
1034 3197 1318 3264 nimisque.
1358 3196 1680 3250 vehementi
1710 3200 1768 3248 et

486 3270 751 3326 methodo
774 3269 959 3324 minus
982 3268 1256 3323 concinna
1276 3268 1546 3320 adversus
1567 3270 1766 3337 gentes

419 3399 429 3410 ‚
485 3341 778 3411 religionis
799 3339 1145 3394 christ-imae
1164 3338 1569 3408 praestantiam
1590 3342 1765 3405 atque

484 3412 893 3479 antiquitatem
922 3413 1128 3479 probat
1166 3426 1612 3476 graecorumque
1640 3410 1766 3462 doc-

485 3485 692 3539 trinam
719 3483 789 3535 de
816 3481 927 3534 diis
953 3481 1160 3535 acriter
1201 3481 1505 3550 impugnat
1547 3484 1605 3532 et
1644 3479 1765 3532 irri-

484 3556 581 3607 det
608 3554 779 3624 (intra
807 3570 858 3604 a.
891 3560 1171 3612 163—67).
1224 3551 1448 3604 Prodiit
1485 3551 1546 3604 in
1572 3552 1765 3604 lauda-

485 3627 558 3679 tis
580 3625 714 3678 edit.
739 3641 975 3693 operum
1003 3641 1043 3673 s.
1071 3622 1318 3679 Justini:
1348 3622 1401 3674 M
1421 3622 1545 3692 ign
1563 3639 1591 3675 e
1620 3623 1678 3675 P.
1702 3626 1765 3676 G.

484 3698 533 3748 V
544 3699 579 3759 l.
598 3703 702 3751 803
714 3703 897 3752 -8902
915 3697 1174 3748 accurate
1193 3710 1390 3762 graece
1410 3697 1633 3749 tantum
1650 3713 1766 3748 cur.

488 3769 548 3820 F..
611 3767 1023 3820 Schwartz:
1087 3764 1400 3818 'Patiani
1461 3774 1634 3819 oratio
1698 3770 1769 3819 ad

485 3845 715 3894 Graecos
741 3837 802 3889 in
829 3837 1004 3890 Texte
1031 3855 1084 3888 ιι.
1119 3835 1338 3890 Unters.
1367 3838 1460 3898 IV,
1492 3847 1511 3893 1
1545 3837 1766 3907 Lipsiae

492 3917 642 3965 1888.
696 3907 779 3961 Cf.
821 3908 890 3961 de
930 3923 996 3960 ea
1036 3908 1272 3962 Kukula
1314 3908 1546 3961 Tatians
1574 3927 1766 3977 sogen.

486 3980 782 4051 Apologie‚
841 3979 1075 4047 Leipzig
1141 3985 1307 4036 1900:
1373 3981 1767 4034 Altersbewcis

487 4053 601 4105 und
632 4050 1138 4118 Kiinstlerkatalog
1166 4050 1226 4103 in
1254 4051 1485 4105 Ta-iizins
1512 4051 1663 4104 Rede
1692 4070 1767 4104 an

486 4124 577 4176 die
629 4122 929 4182 Gricchen.
984 4121 1151 4176 Wien
1208 4130 1357 4176 1901).
1434 4123 1565 4176 Com
1592 4124 1767 4177 xosuit

487 4195 764 4247 Tatianus
806 4194 951 4245 forte
993 4201 1124 4262 pos:
1168 4211 1325 4247 suam
1355 4213 1385 4245 a
1432 4195 1539 4247 fide
1586 4195 1766 4249 defec-

487 4266 702 4319 tionem
727 4268 903 4318 Διατες
916 4268 1070 4337 :ripam
1108 4281 1205 4317 seu
1246 4269 1581 4318 harmoniam
1610 4286 1767 4319 eran-

483 4341 697 4405 yeumm
724 4339 781 4388 et
803 4334 1048 4402 quidem.
1073 4339 1138 4388 ut
1158 4337 1500 4403 quibusdam
1522 4337 1765 4396 videtur.

487 4407 701 4476 syriace
731 4408 866 4461 olim
912 4425 1007 4476 per
1047 4407 1262 4475 Syriam
1312 4408 1615 4461 admodum
1643 4409 1766 4462 vul-

486 4482 679 4546 gatam
706 4479 796 4546 (cf.
826 4478 1104 4532 Martia
1148 4480 1340 4531 Revue
1381 4480 1479 4532 des
1507 4497 1601 4546 qq.
1630 4480 1762 4531 hist.

498 4558 626 4606 1383
646 4551 892 4609 xxxm,
911 4558 1014 4606 ⁶249
1030 4559 1173 4605 -942
1198 4559 1331 4605 1888
1348 4550 1533 4610 XLIV,
1554 4561 1583 4604 5
1599 4555 1764 4612 *boh

487 4622 546 4674 in
569 4641 738 4689 quam
767 4640 809 4674 s.
838 4621 881 4674 E
902 4643 936 4691 p
954 4623 990 4674 h
1009 4640 1036 4673 r
1052 4639 1085 4674 a
1103 4641 1129 4675 e
1148 4642 1203 4675 m
1230 4621 1597 4675 concinnavit
1619 4627 1663 4675 G
1693 4643 1764 4674 m-

486 4699 821 4762 mmmm-ium,
852 4693 951 4760 qui
979 4693 1258 4747 armeniae
1287 4711 1481 4746 versus
1508 4696 1765 4762 repertus

1274 205 1567 259 101-202.
1609 199 1981 271 A-pologetae.
2022 201 2325 265 Militades‚

3018 223 3097 274 30

1819 390 2183 458 Montanum,
2273 390 2531 448 Priscam
2597 389 3102 465 Maximillamque

1818 478 2096 537 volumen
2128 480 2530 554 praecipuum,
2578 479 2838 537 testibus
2870 479 3020 537 Eus
3039 500 3101 538 e-

1819 567 1944 626 bio
1975 566 2049 625 H.
2070 566 2134 624 Ε.
2160 566 2222 636 V,
2251 579 2323 630 17
2350 571 2410 626 et
2440 568 2908 644 Hieronymo
2930 586 2976 626 c.
2999 580 3098 636 39,

1819 660 1882 715 et
1924 655 2210 714 adversus
2256 660 2464 734 gentes
2510 660 2571 715 et
2612 656 2861 732 judaeos
2911 658 3099 716 libros

1819 743 2047 823 alios1).
2102 780 2186 788 —
2236 746 2781 822 Athenagoras
2834 746 3099 822 philoso-

1820 834 1974 909 phus
2006 834 2391 904 atheniensiS,
2444 834 2517 894 de
2566 834 2739 908 cujus
2771 835 2930 893 vitae
2963 835 3100 894 satis

1820 923 1916 981 vix
1968 923 2195 997 aliquid
2245 942 2426 999 penes
2471 926 2704 983 veteres
2750 924 3098 999 reperimuS,

1821 1012 2167 1087 imperatori
2228 1014 2304 1071 M.
2365 1014 2612 1071 Aurelio
2673 1013 2925 1088 ejusque
2977 1012 3099 1071 filio

1820 1101 2134 1159 Commodo
2168 1099 2226 1178 (†
2267 1099 2413 1180 193)
2459 1103 2614 1161 circa
2645 1123 2695 1160 a.
2737 1112 2854 1164 177
2899 1103 3101 1177 apolo-

1820 1189 1979 1265 giam
2031 1190 2260 1249 obtulit
2309 1191 2652 1267 inscriptam
2706 1191 2944 1268 Leqatio
2990 1209 3103 1266 pro

1826 1278 2194 1341 Christianis.
2226 1280 2293 1337 In
2327 1299 2396 1339 ea
2425 1280 2675 1338 crimina
2705 1300 2739 1337 a
2769 1280 3100 1357 gentilibus

1822 1367 2017 1426 afficta
2079 1368 2447 1438 Christianis,
2511 1369 2871 1427 atheismum
2932 1388 3104 1444 prae·

1822 1457 2044 1527 sertim,
2106 1457 2343 1516 refellit:
2399 1458 2495 1526 „S.
2555 1457 2883 1528 Justiuum,
2954 1477 3101 1532 quo-

1821 1699 1901 1752 mi
1943 1697 2223 1753 armenice
2269 1701 2508 1761 servata,
2571 1698 2648 1752 ib.
2696 1705 2859 1755 18:36:
2924 1701 3102 1752 Eamn-

1817 1774 1942 1837 9elii
2012 1792 2039 1823 c
2072 1774 2382 1823 neor-dantis
2442 1775 2698 1839 exposo'thv
2762 1770 2913 1824 facta
2974 1788 3009 1822 a
3057 1788 3102 1822 s.

1823 1841 2234 1911 Ephraemo
2265 1880 2277 1892 .
2308 1881 2359 1892 ..
2399 1841 2641 1896 latinum
2683 1843 2957 1896 translata
2990 1858 3024 1894 a
3051 1841 3104 1894 J.

1823 1913 1885 1964 B.
1913 1914 1961 1964 A
1981 1931 2018 1965 ιι
2035 1931 2064 1967 c
2081 1913 2118 1965 h
2136 1929 2164 1965 e
2183 1929 2227 1974 r,
2272 1912 2676 1973 Mechitarista,
2705 1913 2870 1979 cujus
2897 1913 3105 1965 versio-

1823 2000 1952 2039 nem
1976 1984 2320 2045 emendavit,
2347 1984 2818 2038 annotationibus
2858 1983 3104 2038 illustra-

1825 2054 1908 2108 vit
1948 2059 2005 2108 et
2044 2054 2229 2109 edidit
2268 2056 2332 2109 G.
2374 2055 2770 2124 Mbsinger,
2823 2054 2898 2109 ib.
2951 2058 3104 2111 1876.

1823 2126 2154 2180 Versionem
2202 2126 2486 2181 arabicam
2539 2127 2755 2196 reperit
2803 2130 2860 2179 et
2920 2125 3104 2180 edidit

1824 2198 2084 2252 Ciasca
2124 2198 2330 2252 Romae
2363 2206 2498 2253 1888
2524 2197 2878 2268 eruditisque
2905 2197 3105 2251 disser-

1822 2269 2142 2322 tationibus
2169 2269 2354 2339 operis
2395 2269 2811 2337 genuinitatem
2854 2268 3104 2324 vindica·

1825 2340 1924 2393 vit.
1977 2340 2280 2409 Anglicam
2325 2340 2638 2396 versionem
2684 2340 2917 2394 exhibet
2943 2339 3106 2396 Hill

1824 2415 1871 2465 A
1907 2411 2039 2464 diss,
2082 2430 2150 2465 on
2205 2413 2302 2466 the
2343 2414 2549 2482 Gospel
2602 2411 2995 2480 Commentary
3047 2414 3116 2464 of

1823 2482 2122 2553 Ephraem,
2151 2482 2448 2553 Edinburg
2480 2490 2644 2542 1896:
2690 2482 2918 2536 Tatiani
2960 2500 3107 2554 opus

1823 2554 2240 2623 quadamtenus
2260 2555 2558 2609 restituere
2576 2555 2798 2609 erudite
2815 2558 2872 2609 et
2892 2555 3106 2625 sagaci-

1823 2631 1908 2681 ter
1928 2627 2088 2679 nisus
2114 2631 2201 2679 est
2225 2627 2261 2679 Z
2278 2645 2312 2680 a
2328 2628 2365 2680 h
2386 2645 2421 2679 n
2449 2628 2510 2679 in
2528 2644 2618 2697 op.
2637 2626 2872 2682 Tatians
2890 2626 3108 2681 Diates·

1823 2715 2005 2762 saron,
2058 2697 2342 2768 Erlangen
2398 2707 2550 2761 1881,
2614 2699 2672 2753 ιιι
2725 2698 2952 2752 Forsch.
3003 2717 3107 2751 zur

1823 2769 2021 2823 Gesch.
2050 2768 2146 2822 des
2175 2773 2418 2823 neutest.
2441 2770 2584 2821 Kan.
2609 2771 2647 2833 Ι,
2671 2787 2838 2837 quem
2861 2770 2928 2823 cf.
2948 2788 3104 2840 prae·

1823 2843 1976 2894 terea
2002 2839 2078 2894 ib.
2125 2841 2189 2904 11,
2228 2848 2539 2897 286-299:
2583 2845 2640 2893 et
2673 2841 2732 2895 in
2771 2842 2970 2895 Gesch.
3006 2842 3106 2895 des

1823 2916 2064 2965 neutest.
2083 2910 2148 2963 Κ.
2173 2913 2213 2967 l.
2241 2920 2283 2972 1.
2307 2919 2410 2967 369
2428 2918 2618 2971 -4·’9;
2642 2911 2708 2975 11,
2732 2916 2781 2973 2,
2805 2920 3105 2968 5313-5515.

1822 2983 2033 3036 Pitra
2060 2983 2129 3036 de
2159 2983 2252 3036 'ra
2272 2982 2470 3038 tiani
2496 2982 2845 3036 diatesseron
2873 2985 3100 3038 arabica

1825 3055 2079 3109 versione
2121 3055 2184 3107 in
2213 3056 2375 3110 Anal.
2415 3054 2586 3109 sacris
2616 3054 2708 3114 IV,
2737 3059 3020 3112 465-487
3047 3061 3106 3109 et

1823 3126 2054 3179 seorsim
2071 3125 2302 3178 Parisiis
2326 3133 2489 3180 1883:
2517 3126 2646 3179 Bae
2661 3145 2695 3178 u
2712 3143 2845 3180 mer
2872 3126 3105 3182 Tatians

1823 3197 2204 3258 Diatesmron.
2269 3197 2419 3251 seine
2484 3197 2769 3266 bisherige
2817 3197 3105 3250 Literatur

1821 3268 1938 3322 und
1985 3267 2076 3319 die
2125 3267 2594 3321 Reconstruction
2648 3269 2745 3320 des
2791 3269 2992 3322 Textes
3043 3269 3106 3324 in

1825 3339 1930 3391 Lit.
1996 3339 2157 3391 Hdw.
2226 3346 2361 3393 1889
2411 3357 2455 3391 c.
2515 3347 2809 3397 153—160.
2896 3340 3103 3394 Mirum

1821 3413 2010 3464 autem
2074 3427 2189 3463 esse
2254 3428 2365 3464 non
2434 3410 2604 3464 debet
2665 3411 2892 3464 Tati-ani
2957 3429 3105 3480 opus

1823 3481 2187 3534 Diatessuon
2249 3481 2515 3551 periisse.
2578 3500 2707 3536 nam
2775 3483 3104 3538 Rabulas

1823 3552 2125 3623 episcopus
2153 3553 2453 3607 edessenus
2482 3557 2527 3618 ('†
2555 3561 2677 3617 435)
2726 3553 2868 3608 illud
2913 3555 3102 3623 prohi-

1823 3624 1966 3679 buit.
2019 3627 2077 3676 et
2137 3623 2181 3675 T
2199 3625 2235 3677 h
2254 3641 2282 3678 e
2300 3641 2331 3677 o
2349 3625 2381 3676 d
2404 3641 2434 3677 o
2451 3641 2478 3675 r
2495 3642 2524 3678 e
2543 3628 2568 3677 t
2583 3643 2619 3676 ιι
2639 3643 2661 3676 s
2724 3626 2792 3676 ad
2851 3623 3100 3679 biscenti

1822 3696 2075 3766 ejusdem
2102 3696 2445 3765 exemplaria
2471 3695 2596 3765 igni
2625 3696 2877 3748 trididit.
2932 3696 3102 3750 Plura

1821 3767 1938 3822 alia
2003 3766 2231 3822 'sat-iani
2295 3785 2465 3836 opera
2517 3767 2825 3836 perierunt.
2893 3768 3102 3823 Eorum

1823 3838 2065 3907 vestigia
2093 3839 2325 3892 exhibet
2351 3839 2522 3891 Otto
2552 3838 2612 3890 in
2640 3839 2802 3908 Corp.
2828 3840 2977 3909 apol.
3007 3840 3102 3894 Vl.

1827 3919 1927 3965 164
1954 3930 2020 3962 ss.
2054 3910 2135 3964 Cf.
2164 3910 2356 3978 copies
2375 3929 2449 3963 im
2475 3909 2545 3962 de
2573 3909 2831 3972 Tati-and,
2861 3913 2916 3962 et
2947 3928 3103 3979 prae·

1823 3981 2012 4035 sertim
2042 3982 2110 4034 dc
2153 3983 2276 4048 ejus
2316 3998 2483 4051 opere
2511 3980 2580 4032 Di
2600 3985 2871 4035 ttessaron
2913 3981 3104 4035 liter-‹1-

1824 4057 2009 4106 turam
2053 4053 2203 4122 apud
2257 4051 2298 4104 E
2317 4055 2354 4105 h
2371 4071 2398 4103 r
2416 4053 2452 4105 h
2470 4070 2545 4104 ar
2562 4052 2597 4104 d
2651 4053 2690 4112 l,
2737 4059 2802 4107 92
2827 4086 2862 4092 -
2880 4059 2977 4112 942
3037 4055 3102 4109 ll.

1823 4132 2136 4182 235—24ssz
2181 4124 2219 4176 F
2242 4143 2273 4174 ιι
2294 4145 2325 4177 n
2347 4124 2384 4175 k
2429 4141 2528 4175 zur
2574 4123 2952 4190 Chronologie
3001 4124 3102 4176 Ta-

1823 4195 1972 4250 tians
2000 4196 2193 4249 Theol.
2223 4195 2462 4259 Qtlschr.
2497 4203 2630 4249 1883
2657 4214 2711 4261 p.
2737 4202 2838 4249 ’219
2887 4231 2890 4232 ⁷
2914 4200 3018 4250 233
3045 4203 3104 4249 et

1822 4269 1994 4320 aucta
2021 4267 2080 4320 in
2107 4266 2549 4336 Kirchengesch.
2579 4265 2726 4318 Abh.
2755 4267 2822 4326 11,
2851 4273 2899 4324 8.
2931 4275 3028 4321 142
3049 4300 3100 4307 -·

1827 4346 1957 4393 152:
1987 4338 2532 4391 Bardenhewer
2558 4345 2708 4401 §182
2757 4338 3100 4391 Haruack

1824 4409 1862 4468 I.
1887 4417 1988 4464 485
2013 4417 2197 4468 -4962
2225 4409 2295 4461 de
2316 4408 2608 4462 codicibus
2630 4425 2761 4476 opp.
2786 4408 2959 4460 Texte
2982 4410 3100 4464 und

1829 4480 1957 4532 Unt.
1989 4481 2024 4540 l,
2058 4489 2102 4536 l.
2137 4485 2336 4536 1-97:
2388 4486 2677 4535 196—232'.
2732 4479 2771 4531 F
2789 4497 2817 4532 e
2837 4498 2860 4530 s
2879 4481 2984 4533 sle
3001 4498 3029 4532 r
3049 4513 3098 4521 —·

1822 4551 2246 4618 Jungmann
2291 4561 2318 4616 ξ
2362 4559 2459 4606 50:
2501 4550 2796 4603 Bludau
2844 4550 2956 4602 KL.
3007 4552 3101 4606 xl.

1829 4626 2203 4677 12:323-12423:
2236 4621 2280 4673 Κ
2299 4640 2324 4673 r
2343 4629 2375 4673 ii
2395 4638 2520 4688 ger
2547 4633 2573 4685 5
2602 4626 2684 4676 137.

1902 4701 1935 4757 ¹)
1965 4693 2139 4744 Otto
2182 4697 2287 4745 Cor
2315 4715 2344 4746 ι.
2386 4693 2537 4761 apol.
2578 4692 2772 4745 christ.
2801 4693 2892 4753 IX,
2922 4700 3100 4749 364-

489 4765 673 4818 i'uitet
689 4764 878 4818 editus
900 4765 1153 4818 Ve.1etiis
1171 4765 1319 4819 inter
1347 4781 1435 4834 op.
1461 4783 1500 4816 s.
1519 4764 1764 4834 Ephrae-
1822 4769 1955 4820 373:
1989 4764 2084 4815 Ha
2103 4781 2180 4816 rn
2199 4781 2276 4818 ac
2315 4782 2332 4792 ‘
2363 4764 2401 4826 I,
2437 4773 2479 4818 l.
2507 4770 2611 4818 255
2640 4783 2680 4815 s,
