3505 5161
1129 218 1268 288 Ejus
1293 235 1466 290 opera
1490 216 1821 288 dogmatica
1846 219 1905 271 et
1930 216 2237 287 exegetica.
2865 233 2991 292 182

387 232 498 290 181

378 404 750 480 opusculum,
800 406 867 465 in
911 424 1030 481 quo
1060 405 1134 465 de
1166 405 1484 481 baptismo,
1517 424 1658 466 con-
1712 403 1964 463 formam
1992 402 2256 480 redegit:
2288 403 2426 463 hino
2445 402 2692 480 practici
2725 407 2870 463 sunt
2899 423 3000 463 ar-

378 493 722 565 firmatione‚
755 493 1111 554 nominatim
1153 513 1294 554 vero
1341 493 1414 554 de
1446 496 1657 555 eucha-
1710 492 1985 571 gumenti
2029 495 2090 551 et
2138 493 2210 551 ad
2255 511 2452 551 mores
2483 493 2792 570 fingendos
2822 512 2998 569 prae—

379 583 548 642 ristia
570 582 749 658 juxta
780 584 1106 643 doctrinam
1127 583 1475 644 catholicam
1508 585 1657 644 luci·
1714 582 1919 641 sertim
1952 581 2266 656 compositi
2280 577 2348 662 ¹).
2380 582 2775 641 Hexaemeron
2795 582 2854 644 ll.
2890 581 2997 658 VJ,

376 672 618 731 dissime
647 671 895 732 disserit
906 667 975 752 ¹).
1026 671 1186 732 Idem
1238 677 1657 750 argumentum
1710 670 2013 747 inquibus
2028 671 2288 730 libenter
2306 688 2354 727 s.
2377 670 2666 729 Basilii
2698 670 2775 730 de
2791 671 2997 731 eodem

375 761 615 820 nonnisi
646 761 1093 836 aliquantulum
1137 761 1334 822 fusius
1365 766 1659 822 tractatur
1710 762 2064 837 argumento
2125 760 2388 819 homiliis
2450 754 2725 841 utitur2).
2773 794 2867 804 -—-
2907 762 3003 820 De

375 850 574 909 verbis
636 851 1072 926 sententiisque
1146 850 1540 912 ambrosianis
1594 853 1657 910 in
1711 850 2001 909 Paradiso
2015 869 2045 922 ,·
2102 851 2172 908 ds
2216 849 2365 908 Cain
2408 856 2460 908 et
2503 849 2646 908 Abel
2689 845 2746 912 ll.
2794 848 2882 925 II,
2932 851 2998 911 in

376 940 433 1000 Π.
498 939 588 998 VI
625 940 694 998 de
754 942 1154 1016 sacramentis,
1219 940 1292 999 de
1344 941 1515 1017 cujus
1563 959 1656 1017 op.
1711 938 1932 1015 quibus
1993 938 2255 1014 plurima
2313 957 2347 998 e
2390 937 2638 996 Philone
2700 938 2766 998 in
2826 958 2998 999 suam

375 1028 751 1105 genuinitate
766 1031 970 1089 tamen
988 1028 1319 1089 dubitatur.
1353 1030 1656 1089 Tribuun-
1710 1027 1998 1087 transfert
2011 1028 2519 1097 lucubrationem;
2549 1028 2617 1086 de
2637 1028 2759 1087 Noe
2779 1036 2832 1087 et
2848 1047 3002 1089 arca

374 1122 477 1177 tur
523 1118 754 1176 auctori
803 1135 919 1182 sec.
966 1119 1035 1181 V.
1083 1119 1181 1177 vel
1211 1118 1331 1189 VI„
1362 1138 1398 1178 a
1428 1119 1657 1179 Morino
1714 1113 2016 1198 (nonnihil
2046 1110 2344 1197 mutilus),
2394 1116 2459 1176 in
2490 1135 2610 1192 quo
2641 1116 3000 1196 diligentius

376 1206 430 1265 N
444 1207 702 1266 icetae
747 1205 821 1266 de
853 1207 1215 1278 Romatiana,
1255 1207 1331 1267 ab
1362 1208 1499 1268 aliis
1533 1209 1657 1269 Ve-
1711 1207 1867 1266 forte
1887 1206 2064 1266 solito
2083 1208 2408 1283 utrumque
2442 1224 2686 1265 sensum
2703 1206 3002 1268 literalem

375 1314 418 1355 n
437 1295 603 1355 erio
635 1314 683 1359 s.
713 1296 1017 1356 Ambrosii
1045 1296 1361 1372 discipulo,
1390 1298 1488 1358 vel
1520 1298 1656 1357 Ma·
1712 1298 1775 1354 et
1807 1294 2178 1372 spiritualem
2209 1298 2548 1364 scrutatur;
2594 1296 2663 1354 de
2694 1296 3001 1357 Abraham

375 1384 575 1443 ximo
605 1384 940 1444 taurinensi
952 1382 1003 1466 ²)
1032 1388 1142 1448 etc.
1182 1419 1273 1429 -
1302 1386 1466 1447 Libri
1499 1386 1557 1445 ΙΙ
1589 1388 1659 1446 ds
1712 1384 1776 1445 11.
1808 1383 1959 1456 duo;
1991 1384 2061 1442 de
2079 1384 2322 1443 Isaacet
2341 1386 2562 1459 anima,
2587 1385 2684 1442 cui
2704 1384 3002 1445 affinitate

372 1476 743 1550 poenitentia,
796 1473 862 1533 in
910 1474 1134 1551 quibus
1184 1476 1339 1534 clare
1370 1475 1656 1535 adversus
1711 1473 1967 1549 quadam
1999 1473 2235 1532 interna
2272 1474 2622 1549 junguntur
2668 1473 2706 1533 l.
2739 1474 2809 1533 de
2856 1475 3002 1535 bono

375 1563 739 1622 Novatianos
787 1562 1083 1623 Ecclesiae
1132 1565 1349 1625 asserit
1390 1565 1656 1641 potesta-
1712 1564 1916 1622 mortis
1946 1565 2008 1622 et
2037 1562 2079 1624 1.
2121 1562 2190 1620 de
2220 1564 2362 1639 ficqa
2404 1562 2582 1620 seculi
2593 1582 2624 1634 ,·
2667 1561 2730 1621 11.
2762 1563 2881 1631 duo
2927 1565 2997 1622 de

377 1656 498 1711 tem
542 1652 885 1711 remittendi
927 1648 1247 1734 peccatass).
1299 1654 1659 1730 Explanatio
1712 1652 1893 1710 Jacob
1938 1658 1989 1709 et
2033 1652 2148 1710 vita
2189 1650 2351 1710 beata
2366 1671 2395 1723 ,·
2439 1651 2476 1711 1.
2520 1652 2589 1708 de
2634 1651 2848 1727 Joseph
2891 1671 2999 1728 ps—

378 1741 615 1818 symboli
666 1740 741 1799 ad
768 1740 1086 1825 ginitandos
1132 1738 1254 1821 (Mi
1273 1762 1415 1819 gne
1475 1742 1656 1814 XVII,
1713 1740 1985 1812 triarcha,
2019 1740 2081 1798 in
2114 1758 2233 1816 quo
2265 1740 2481 1811 omnis,
2502 1758 2655 1815 quae
2675 1740 2748 1799 de
2770 1741 3000 1818 Joseph

384 1840 619 1893 1155-1
640 1840 757 1893 160
779 1830 929 1900 ;alia
943 1831 1128 1889 forma
1147 1830 1320 1903 LVII,
1347 1841 1425 1896 85
1438 1841 1657 1903 3-8583
1713 1832 2050 1898 narrantur,
2081 1829 2332 1905 mystice
2363 1830 2634 1904 exponit3
2666 1829 2705 1888 l.
2736 1830 2805 1888 de
2835 1830 2996 1890 bene-

378 1919 670 1995 Caspari
689 1919 945 1997 Ungedr.
977 1918 1229 1989 Quellen
1258 1940 1316 1996 p.
1351 1921 1658 1999 48-127);
1712 1918 2061 1978 dictionibus
2105 1919 2588 1993 patriarcharum
2633 1913 2803 1997 (Gen.
2852 1914 2993 2000 49);

378 2009 780 2085 fragmentum
797 2010 1315 2084 &positionisfidei
1332 2010 1663 2070 asservavit
1712 2008 1782 2065 de
1817 2008 1951 2065 Elia
1985 2015 2035 2066 et
2052 2008 2280 2084 jejunio
2299 2025 2404 2066 seu
2435 2024 2629 2065 sermo
2648 2007 3004 2083 dejejunio·,

378 2097 547 2156 nobis
608 2096 1148 2156 Theodoretus
1194 2094 1279 2181 (M
1292 2099 1473 2176 igne
1506 2099 1657 2171 XVI,
1713 2098 1784 2155 de
1845 2096 2074 2156 Nabide
2133 2095 2466 2174 sementa,
2518 2097 2724 2155 contra
2778 2095 2998 2156 divites

384 2196 503 2249 847
512 2197 681 2250 -85
694 2181 777 2268 0).
840 2187 1111 2246 Genuina
1158 2190 1356 2247 tamen
1401 2208 1522 2247 non
1567 2192 1662 2247 est
1714 2204 1921 2245 avaros
1973 2185 2068 2244 vel
2116 2190 2320 2244 contra
2369 2203 2655 2261 pauperes
2700 2186 2999 2255 crudeles;

378 2275 723 2335 Exhortatio
773 2275 847 2334 ad
896 2276 1228 2352 neophytos
1277 2278 1346 2336 de
1389 2278 1657 2353 symbolo,
1714 2276 1784 2332 ds
1820 2275 2013 2345 Tobia,
2046 2279 2251 2334 contra
2280 2292 2557 2341 usuram;
2606 2274 2668 2331 11.
2720 2275 2788 2333 de
2819 2277 3000 2333 inter·

378 2383 554 2440 quam
573 2365 808 2440 primus
841 2364 1129 2440 Caspari
1161 2364 1659 2426 ediditetLuci-
1705 2364 2013 2439 pellaciam
2040 2363 2153 2422 Job
2197 2371 2249 2421 et
2279 2364 2475 2422 David
2519 2363 2642 2421 scil.
2689 2363 2760 2423 de
2807 2363 3002 2423 infor-

377 2453 524 2512 fero
538 2453 1127 2514 calaritanoasseruit
1147 2454 1593 2531 Ungedruckte.
1614 2501 1658 2518 ..
1712 2452 1905 2512 tuniis
1935 2452 2174 2528 piorum
2208 2455 2269 2511 et
2308 2451 2592 2511 felicitate
2640 2453 2996 2527 impiorum

380 2542 630 2612 Quellen
691 2561 796 2602 zur
856 2542 1059 2603 Gesch.
1132 2543 1235 2603 des
1297 2544 1656 2623 Taufsymb„

377 2632 732 2692 Christiania
801 2642 961 2696 1869
1025 2633 1101 2704 ΙΙ,
1158 2644 1535 2705 132-14Ο;
1599 2639 1660 2694 et

1712 2541 1999 2618 Apoloyia
2021 2542 2337 2618 prophetae
2367 2537 2644 2620 I)avid³),
2692 2560 2810 2617 qua
2840 2543 3001 2602 inter

1714 2632 1832 2690 alia
1863 2631 2142 2703 ostendit,
2189 2650 2305 2690 non
2353 2635 2478 2690 tam
2522 2631 2832 2690 insolitum
2866 2650 3002 2691 esse

376 2722 513 2780 Alte
572 2723 697 2781 und
760 2722 930 2781 Neue
990 2722 1255 2794 Quonam
1332 2724 1413 2788 ib.
1489 2734 1654 2790 1879
1710 2720 2013 2780 hominem
2044 2723 2254 2796 utpote
2298 2720 2572 2796 fragilem
2601 2738 2858 2795 peccare,
2892 2721 2998 2780 sed

377 2830 435 2886 p.
488 2819 850 2874 186—195.
902 2845 989 2855 —
1037 2811 1202 2871 Idem
1264 2812 1520 2892 diligens
1564 2814 1658 2875 vir
1710 2809 1858 2868 illud
1888 2827 2136 2885 prorsus
2165 2808 2555 2868 admiratione
2599 2809 2866 2886 dignum,
2898 2828 2994 2868 re-

379 2900 617 2958 criticus
650 2899 839 2959 edidit
851 2900 916 2959 in
934 2899 1659 2964 KirchenhistAnekdota
1711 2918 1846 2975 gem
1878 2897 2363 2974 potentissimum
2411 2898 2509 2956 vix
2540 2897 2835 2957 monitum
2866 2899 2996 2957 cul-

378 3008 433 3065 p.
457 2997 799 3053 225—247
824 2989 1106 3049 Alteratio
1125 3008 1169 3048 s.
1191 2991 1488 3051 Ambrosii
1514 3011 1654 3053 con-

378 3083 471 3136 tra
484 3096 598 3149 ece,
618 3078 724 3153 qui
739 3078 991 3136 animam
1007 3096 1130 3138 non
1145 3080 1507 3141 confitentur
1533 3100 1657 3141 esse

379 3166 666 3226 facturam
699 3170 806 3226 aut
852 3185 923 3225 ex
953 3166 1200 3227 traduce
1249 3188 1376 3230 esse
1428 3170 1654 3242 dicunt,

379 3275 558 3331 quam
570 3258 773 3315 tamen
805 3255 931 3331 ipse
950 3256 1214 3316 ostendit
1227 3277 1355 3318 esse
1375 3260 1656 3335 spuriam.

470 3444 573 3496 97.
608 3432 804 3509 Opera
834 3435 965 3510 ejus
995 3435 1280 3512 pleraque
1310 3441 1456 3496 sunt
1494 3457 1577 3497 ex
1595 3457 1656 3497 e·

376 3523 649 3599 getica,
697 3524 759 3581 et
802 3523 1154 3599 plerumque
1201 3526 1557 3600 prodierunt
1587 3547 1658 3586 ex

378 3611 770 3680 sermonibus,
815 3630 966 3688 quos
1010 3614 1082 3671 ad
1132 3614 1422 3690 populum
1453 3617 1516 3676 in
1548 3617 1657 3676 ali-

377 3719 559 3776 quem
615 3698 842 3760 librum
887 3702 980 3761 vel
1033 3702 1173 3761 libri
1224 3722 1270 3763 s.
1317 3705 1657 3782 Scripturas

374 3792 604 3864 partem
668 3788 879 3848 habuit
926 3793 1105 3867 atque
1155 3795 1362 3866 postea
1404 3793 1469 3853 in
1518 3794 1658 3853 libri

456 4000 493 4067 Ι)
520 3994 818 4051 Edidimus
843 3995 991 4051 illud
1007 3997 1157 4052 inter
1174 4001 1448 4068 opuscula
1466 4017 1534 4054 ss.
1553 4000 1660 4052 ΡΡ.

378 4069 584 4124 selecta
608 4067 1080 4123 annotationibus
1106 4067 1457 4125 illustratum
1478 4074 1517 4124 t.
1539 4071 1658 4133 VII,

377 4137 520 4194 Ocni
601 4141 699 4192 nte
740 4145 909 4199 1869;
942 4145 1077 4197 1897
1102 4141 1190 4194 ed.
1218 4146 1269 4195 2.

451 4213 493 4281 ¹)
614 4211 710 4264 bes
736 4209 863 4265 illos
879 4209 1030 4266 inter
1046 4229 1138 4281 op.
1156 4211 1363 4266 selecta.
1380 4211 1659 4277 XXXVII,

377 4286 573 4344 4-95,
599 4281 917 4351 Oeniponte
948 4285 1102 4338 1878.

1794 3073 1827 3139 Ι)
1856 3067 1939 3122 Cf.
1965 3067 2014 3120 K
2031 3068 2279 3121 ellner
2322 3066 2433 3120 Der
2458 3066 2538 3121 hl.
2565 3066 2902 3121 Ambrosius
2930 3067 2992 3120 B.

1712 3157 1824 3194 von
1853 3138 2110 3193 Mailand
2150 3140 2232 3193 als
2275 3137 2537 3193 Erklitrer
2582 3139 2678 3191 des
2709 3140 2773 3191 A.
2802 3139 2991 3191 Testa-

1712 3214 1943 3266 menteS.
1997 3210 2104 3263 ssin
2131 3209 2363 3279 Beitrag
2405 3228 2506 3262 zur
2532 3209 2866 3262 Geschichte
2895 3211 2998 3263 der

1713 3282 1979 3352 Exegese.
2009 3282 2379 3350 Regensburg
2406 3289 2555 3342 1893,
2585 3280 2687 3348 qui
2716 3301 2769 3362 p.
2792 3289 2892 3337 183
2913 3281 2994 3333 ita,

1712 3357 1931 3409 censet:
1983 3352 2315 3407 Ambrosius
2377 3353 2478 3405 hat
2528 3352 2628 3406 der
2678 3352 2997 3407 biblischen

1714 3426 1963 3480 Exeoese
2015 3423 2367 3494 keineswegs
2417 3439 2564 3478 neue
2616 3423 2854 3479 Bahnen
2904 3443 2995 3492 ge-

1715 3470 1960 3550 broefiien
1980 3495 2095 3550 und
2114 3495 2193 3549 sie
2209 3497 2315 3549 auf
2328 3513 2473 3550 neue
2499 3495 2729 3550 Bahnen
2747 3495 2997 3566 geleitet.

1713 3568 1789 3620 Er
1832 3568 1907 3622 ist
1953 3569 2208 3622 uberhau
2255 3571 2280 3620 t
2320 3567 2483 3622 nicht
2525 3566 2618 3621 ein
2671 3566 2885 3638 Exeget
2928 3585 2998 3619 ex

1713 3641 1981 3710 professO,
2033 3640 2124 3693 die
2225 3656 2425 3708 xegese
2476 3638 2553 3693 ist
2598 3639 2686 3692 bei
2727 3638 2846 3693 ihm
2886 3640 3002 3692 fast

1712 3712 2106 3767 auenahmslos
2132 3711 2319 3765 einem
2345 3711 2594 3768 anderen
2622 3710 2871 3774 Zwecke,
2899 3710 3001 3764 der

1705 3783 1992 3844 ,Parfinese
2020 3783 2483 3852 untergeordnet.

1790 3858 1830 3920 ²)
1858 3854 2087 3907 Ebcrt
2125 3872 2214 3923 op.
2256 3853 2407 3905 infra
2447 3852 2542 3907 cit.
2597 3873 2633 3906 J.
2666 3860 2784 3909 153.
2832 3852 2997 3907 Seine

1715 3924 2081 3994 Darstelluug
2109 3925 2334 3977 verrath
2357 3923 2559 3993 nirgen
2603 3943 2626 3976 s
2643 3923 2767 3979 eine
2785 3924 2998 3980 fremde

1716 3997 1835 4049 und
1864 3995 2097 4066 speciell
2136 3994 2489 4064 griechische
2519 3994 2777 4064 Vorlage‚
2824 3995 3002 4048 selbst

1716 4084 1803 4120 wo
1819 4083 1879 4120 er
1894 4066 2077 4119 dieser
2095 4069 2437 4136 wortgetreu
2459 4065 2637 4133 folgt:
2666 4065 3000 4119 Ambrosius

1716 4137 2001 4199 verstand,
2032 4136 2135 4190 wie
2163 4137 2373 4200 (licere,
2419 4137 2519 4188 das
2563 4135 2690 4190 dem
2718 4135 2998 4191 Griechen

1714 4208 2028 4262 Entlehnte
2071 4208 2252 4262 seiner
2293 4207 2529 4276 eigenen
2561 4205 3002 4260 individualitiit

1715 4280 1834 4333 und
1880 4278 2007 4333 dem
2049 4278 2367 4334 romischen
2395 4276 2999 4331 Gedankenausdruck

450 4355 494 4423 ⁸)
520 4351 657 4408 Illos
682 4352 930 4421 reperies
954 4353 1109 4407 inter
1133 4356 1409 4424 opuscula
1437 4354 1660 4418 selecta,
1718 4351 2097 4406 vollkommen
2122 4369 2193 4404 zu
2219 4348 2578 4403 assimiliren.

378 4421 698 4494 Oeniponte
720 4430 871 4481 1869.
896 4424 960 4488 V,
990 4433 1225 4484 1—118;
1256 4432 1393 4483 1894
1412 4425 1499 4479 ed.
1520 4430 1570 4478 2.
1594 4457 1660 4465 —

1790 4429 1830 4493 θ)
1863 4422 2060 4475 Exstat
2087 4423 2192 4476 sub
2218 4419 2443 4475 nomine
2472 4437 2513 4472 e.
2539 4418 2828 4473 Ambrosii
2855 4426 2998 4488 Apo-

376 4493 541 4549 Alius
568 4494 713 4549 liber
736 4497 800 4549 de
819 4499 1138 4563 poenitentia
1165 4515 1207 4550 s,
1227 4496 1524 4552 Ambrosio
1549 4495 1663 4549 fuit
1714 4498 1855 4563 loqia
1881 4498 2049 4548 altera
2074 4497 2362 4562 prophetae
2387 4493 2582 4553 David,
2627 4507 2773 4557 quae
2821 4490 2999 4560 pluri·

377 4567 711 4637 suppositus
738 4565 951 4637 (Migne
976 4567 1152 4632 XVII,
1180 4571 1537 4640 971-1005)‚
1560 4566 1662 4636 qui
1717 4567 1824 4619 bus
1850 4564 2026 4619 dubia
2055 4564 2300 4627 videtur,
2340 4561 2759 4641 genuinitatem
2803 4564 2999 4614 tuetur

377 4653 493 4692 non
519 4641 605 4691 est
627 4638 769 4706 ejiis,
796 4639 892 4692 sed
935 4638 1128 4710 potius
1159 4639 1329 4707 juxta
1355 4640 1389 4693 S
1407 4638 1426 4692 i
1441 4656 1470 4692 r
1486 4658 1539 4693 m
1556 4655 1588 4692 o
1603 4657 1662 4690 n·
1716 4637 1761 4688 B
1779 4655 1811 4689 a.
1832 4636 1932 4689 lle
1947 4636 2010 4690 ri
2030 4637 2120 4688 ni.
2148 4635 2298 4690 Haec
2326 4649 2498 4703 opera
2518 4636 2826 4700 exegetica,
2848 4648 2999 4699 quae

378 4709 415 4761 d
432 4726 541 4762 um
596 4708 938 4763 Victoris
986 4711 1374 4774 tunnonensiS,
1426 4711 1494 4763 de
1547 4727 1661 4777 quo
1715 4710 1994 4763 hactenus
2042 4706 2447 4768 recensuimus,
2508 4722 2540 4756 a
2576 4708 2770 4758 curate
2815 4703 3003 4756 edidit

377 4779 527 4835 infra
550 4778 767 4834 redibit
792 4798 989 4835 sermo,

1718 4779 1778 4834 C.
1803 4781 1838 4834 S
1854 4799 1884 4835 c
1901 4781 1939 4833 h
1955 4797 1984 4832 e
2003 4798 2038 4832 n
2057 4779 2134 4833 kl
2160 4778 2414 4833 Viennae
2447 4779 2723 4833 1896--97
2752 4794 2848 4846 pp.
2875 4779 2924 4828 2.
