3505 5161
475 236 556 290 43
564 238 595 290 5
1469 220 1786 290 Procopius
1812 221 2087 292 gazensis.
2964 243 3001 294 4
3009 242 3087 297 86

467 404 661 481 patria
693 404 926 463 scholae
958 405 1301 477 rhetoricae,
1335 409 1396 464 et
1427 406 1699 481 quamvis
1719 426 1752 463 a
1807 426 2005 484 reyum
2037 407 2198 483 typis
2233 406 2397 466 dedit
2425 407 2480 465 N
2497 408 2920 485 icephorus
2951 410 3091 486 Lip-

466 493 894 553 celebrioribus
968 494 1327 553 invitaretur
1402 495 1749 554 civitatibus
1808 497 1929 555 siae
1967 505 2420 560 1772—1773.
2482 497 2749 556 Alteram
2791 516 2913 558 non
2945 499 3090 558 satis

469 583 799 658 splendidis
832 583 1014 642 etiam
1045 584 1356 659 promissis
1372 584 1444 642 ad
1461 584 1749 660 regendas
1807 585 2128 662 diligenter
2157 588 2219 644 et
2249 585 2472 645 cursim
2506 587 2901 663 compilatam,
2936 608 3092 664 quae

469 673 718 743 schola8‚
735 676 808 730 ut
823 671 1056 731 diutius
1072 672 1217 731 alibi
1236 673 1505 732 haereret
1524 673 1594 743 ei,
1616 692 1750 750 per·
1807 679 2046 734 catenae
2077 675 2328 733 formam
2344 679 2438 734 sat
2452 678 2725 752 patenter
2739 676 2930 736 adhuc
2949 697 3090 754 prae

469 762 701 821 suaderi
733 780 854 820 non
886 762 1104 837 potuit.
1148 762 1590 822 Praetermissis
1622 763 1750 838 ejus
1807 782 1870 823 se
1902 763 2035 833 sert,
2070 764 2222 823 card.
2253 764 2400 823 Mai
2430 765 2654 840 reperit
2671 765 2979 842 ediditque
2995 786 3087 844 op.

463 850 746 927 operibus
778 850 1088 909 rhetoricis
1115 869 1253 910 sane
1285 851 1539 929 egregiis
1572 870 1751 926 opera
1805 853 1904 923 cit.
1936 853 2152 912 Romae
2194 862 2356 917 1834
2405 873 2461 930 p.
2503 863 2790 926 1—347;
2841 874 2907 913 ea
2951 874 3089 932 pro·

469 940 731 1013 ejusdem
747 939 1083 1016 theologica
1102 958 1516 999 memoremus,
1549 940 1750 999 Veteri
1805 941 2080 1019 greditur
2109 944 2349 1001 tantum
2380 943 2450 1001 ad
2481 962 2602 1018 cap.
2625 944 2766 1005 Gen.
2810 953 2919 1014 183
2952 945 3091 1003 inde

462 1029 809 1105 exponendo
873 1027 1248 1088 Testamento
1309 1030 1626 1106 praecipue
1688 1048 1749 1089 se
1805 1033 2001 1090 exstat
2059 1031 2250 1090 versio
2313 1031 2501 1090 latina
2552 1050 2688 1091 cum
2712 1044 2713 1047 ’
2737 1032 3089 1110 fragmentis

468 1117 689 1177 dicavit
718 1122 898 1192 atque
931 1118 995 1176 in
1028 1118 1153 1176 suis
1170 1119 1610 1178 commentariis
1641 1119 1747 1177 flo-
1805 1120 2051 1197 graecis,
2084 1154 2173 1165 —
2203 1120 2326 1178 Alii
2374 1122 2802 1193 commentarii,
2852 1123 2958 1197 qui
2990 1141 3088 1182 su-

467 1207 746 1283 rilegium
779 1206 946 1265 dedit
966 1226 1319 1283 magnorum
1349 1208 1748 1283 interpretum
1806 1213 2076 1284 persunt‚
2112 1212 2347 1269 catenae
2380 1210 2553 1285 quasi
2574 1210 2817 1270 formam
2852 1212 3089 1282 habent,

466 1315 577 1356 sec.
610 1295 1115 1371 praecedentium,
1148 1296 1327 1356 etiam
1372 1297 1747 1356 Philonis.
1804 1299 1922 1358 etsi
1953 1302 2224 1358 auctores
2256 1317 2376 1357 non
2406 1300 2792 1359 nominentur
2809 1303 3091 1360 eteorum

466 1385 756 1462 Exposuit
787 1387 987 1444 autem
1018 1385 1206 1445 libros
1225 1386 1539 1446 historicos
1555 1404 1748 1461 usque
1804 1387 1984 1446 verba
2035 1387 2381 1446 summatim
2443 1392 2682 1448 tantum
2734 1390 3088 1449 afferantur:

471 1475 542 1533 ad
571 1474 1043 1548 Paralipomena.
1103 1475 1181 1534 Et
1211 1476 1449 1550 quidem
1484 1475 1549 1533 in
1585 1475 1745 1534 Octo·
1804 1476 2072 1535 omnium
2088 1479 2287 1536 tamen
2309 1477 2650 1554 genuinitas
2671 1495 2791 1536 non
2812 1482 2906 1537 est
2924 1481 3091 1538 extra

470 1564 723 1622 teuchum
755 1564 1052 1639 duplicem
1097 1563 1409 1622 adornavit
1453 1582 1746 1624 commen·
1805 1567 2283 1629 controversiam.
2343 1566 2525 1641 Apud
2557 1566 2806 1644 Migne
2854 1569 3089 1642 praeter

468 1653 718 1711 tarium:
787 1652 1093 1721 ,Primum
1155 1653 1395 1729 quidem
1445 1654 1747 1728 amplissi-
1804 1657 2291 1714 commentarium
2298 1654 3088 1736 jamlaudatum(LXXXVII

467 1760 647 1812 mum,
681 1742 769 1800 ita
799 1740 946 1800 Mai
977 1742 1042 1799 in
1074 1743 1295 1818 proleg.
1328 1742 1402 1801 ad
1435 1746 1746 1802 comment.
1804 1764 1859 1820 p,
1897 1740 2273 1825 21—1080)
2309 1748 2649 1819 sequuntur
2696 1764 2801 1819 per
2846 1745 3088 1804 modum
3145 1744 3148 1748 ’

466 1851 500 1888 a
530 1849 593 1889 se
625 1830 856 1890 editum
887 1830 953 1888 in
973 1830 1152 1889 class,
1184 1834 1338 1891 auct.
1353 1831 1436 1890 VI
1466 1826 1747 1914 (Migne
1805 1833 2161 1892 scholiorum
2216 1829 2593 1914 (praesertim
2643 1852 2713 1892 ex
2756 1833 3085 1893 Theodo-

465 1919 780 1978 LXXXVII
828 1938 884 1994 p.
945 1930 968 1981 1
1029 1940 1161 1997 pag.
1215 1918 1319 2001 17)
1365 1939 1434 1979 ex
1479 1921 1747 1997 antiquis
1803 1921 1995 1999 reto)
2017 1922 2426 1981 commentarii
2445 1924 2510 1979 in
2531 1923 2701 1981 IVll.
2723 1940 2924 2002 reyum
2949 1935 3011 1982 et
3029 1924 3086 1982 11

465 2010 735 2084 patribus
768 2008 1022 2083 aliisque
1067 2009 1460 2085 scriptoribus
1506 2011 1746 2087 decerp-
1802 2013 1860 2070 ll.
1882 2008 2899 2092 Paralipomenon(1081—1221)‚
2934 2030 3085 2087 quos

466 2100 596 2155 tum
629 2101 689 2156 et
721 2102 961 2156 catenae
993 2099 1066 2155 ut
1095 2099 1401 2174 loquimur
1430 2098 1557 2158 ritu
1589 2100 1744 2158 ordi·
1802 2100 2133 2159 Photius
2185 2101 2306 2160 cod.
2363 2109 2486 2163 206
2539 2100 2797 2159 multum
2849 2101 3084 2171 laudat3

466 2190 702 2245 natum:
751 2186 1000 2244 retentis
1032 2186 1301 2261 ipsorum
1330 2191 1641 2247 auctorum
1673 2189 1745 2247 ad
1800 2192 1864 2247 in
1910 2188 2224 2248 Proverbia
2272 2189 2654 2266 pulcherrimi
2696 2190 2873 2263 juxta
2922 2191 3083 2260 Mai,

465 2276 747 2334 amussim
797 2275 1011 2348 verbis,
1065 2277 1190 2335 sive
1236 2276 1544 2352 opiniones
1589 2278 1748 2336 inter
1803 2279 1910 2354 qui
1942 2297 2042 2338 eos
2073 2278 2522 2357 graeceedidit‚
2556 2279 2811 2355 Migne
2842 2279 2922 2340 ib.
2944 2300 3001 2355 p.
3027 2288 3083 2349 2,

468 2383 529 2423 se
546 2368 958 2441 congruerent,
977 2365 1103 2424 sive
1120 2384 1305 2424 secus.
1328 2366 1747 2425 Posteatamen
1809 2380 1835 2430 1
1852 2364 2272 2449 221—1544)
2306 2388 2437 2427 eum
2464 2369 2855 2443 supplemento
2887 2387 2956 2427 ex
2987 2386 3082 2427 ca-

465 2453 606 2529 quia
636 2454 817 2529 hujus
862 2454 1097 2529 generis
1144 2455 1481 2514 lucubratio
1527 2456 1592 2513 in
1636 2456 1745 2513 im·
1802 2459 1941 2514 tena
1971 2457 2035 2515 in
2067 2456 2173 2515 illa
2206 2452 2724 2539 (1779—1800),
2772 2459 2930 2533 quod
2967 2458 3084 2516 sal-

468 2561 734 2602 mensum
797 2560 1126 2603 excrescere
1170 2544 1503 2614 videbatur,
1553 2545 1745 2604 consi·
1802 2548 1925 2604 tem
1966 2545 2206 2605 videtur
2246 2565 2382 2622 pars
2424 2547 2830 2605 commentarii
2872 2547 3083 2624 genui-

465 2632 614 2690 lium
646 2632 804 2707 cepit
834 2632 984 2692 hanc
1015 2633 1086 2691 ad
1110 2633 1311 2709 aptius
1331 2634 1744 2709 compendium
1802 2635 1864 2694 ni
1879 2632 1948 2717 1);
1994 2638 2197 2694 catena
2239 2637 2302 2693 in
2346 2639 2571 2694 cantica
2632 2638 2987 2694 canticorum
3048 2656 3084 2694 a

471 2721 818 2792 conferendi,
839 2724 1022 2796 atque
1043 2723 1488 2799 itaplerumque
1510 2723 1745 2782 omissis
1800 2725 1944 2782 Mai
2007 2743 2213 2800 graece
2274 2723 2450 2790 edita.
2515 2725 2606 2782 Mi
2625 2743 2767 2801 gne
2826 2735 2987 2788 1545
3005 2759 3082 2768 —

476 2814 774 2869 auctorum
806 2811 1151 2869 nominibus
1183 2818 1245 2870 et
1265 2830 1365 2871 ore
1384 2813 1626 2888 proprio
1657 2813 1745 2870 lo·
1812 2823 2241 2876 1755-1776
2280 2810 2465 2893 (quod
2496 2813 2891 2889 fragmentum
2925 2831 3081 2872 com-

474 2916 657 2973 quens
703 2919 826 2958 rem
875 2901 1058 2959 semel
1112 2899 1305 2959 dicere
1355 2901 1585 2972 maluit,
1637 2901 1744 2959 ubi
1801 2902 2074 2960 mentarii
2123 2905 2215 2960 est
2261 2898 2578 2982 spurium),
2631 2899 2961 2984 excerpta2)
3012 2921 3083 2961 ex

472 2989 621 3046 certe
666 2993 935 3047 auctores
979 2989 1138 3048 inter
1182 3007 1244 3048 se
1289 2989 1744 3064 conspirabant3
1802 3009 1936 3065 opp.
2003 2991 2367 3067 Gregorii
2443 2991 2719 3066 nysseni,
2797 2990 3082 3066 Cyrilli

469 3076 567 3134 ubi
600 3081 801 3136 autem
832 3078 907 3135 ab
928 3078 1178 3137 invicem
1209 3077 1597 3148 dissidebant,
1619 3097 1745 3136 rem
1802 3080 1971 3150 alex„
2021 3080 2207 3156 Orig
2226 3079 2412 3150 enis,
2465 3079 2739 3138 Philon
2758 3079 2778 3136 i
2799 3096 2826 3137 s
2873 3080 3081 3155 Carpa-

465 3166 850 3225 nihilominus
883 3167 1171 3225 concinna
1193 3167 1487 3226 brevitate
1519 3167 1743 3226 edisse·
1801 3168 1931 3239 thii,
1983 3168 2489 3244 Apollinarii,
2541 3168 2865 3226 Eusebii
2916 3187 3080 3240 caes„

463 3256 588 3313 ruit
605 3277 618 3324 3
637 3273 756 3330 quo
773 3255 1050 3314 videlicet
1063 3274 1215 3330 opus
1232 3255 1562 3315 concretius
1577 3256 1746 3314 fieret
1801 3276 2030 3316 necnon
2062 3259 2111 3316 D
2127 3278 2163 3334 y
2183 3257 2389 3327 dimi,
2412 3258 2438 3315 I
2457 3276 2483 3315 3
2500 3258 2521 3315 i
2537 3256 2574 3315 d
2593 3277 2625 3314 0
2644 3276 2674 3313 r
2688 3257 2727 3326 i,
2752 3257 2796 3314 Τ
2813 3258 2850 3314 h
2868 3275 2899 3316 e
2915 3276 2948 3315 o
2965 3257 3003 3315 d
3019 3277 3081 3317 o-

459 3346 527 3401 et
584 3363 706 3403 uno
766 3344 958 3403 veluti
1020 3347 1260 3403 auctore
1321 3348 1739 3421 prognatum«
1802 3347 1975 3416 reti,
2040 3347 2460 3422 Theophili
2521 3350 2629 3405 etc.
2723 3345 2798 3404 In
2858 3346 3084 3404 Isaiam

465 3433 634 3491 Prior
663 3433 1003 3492 lucubratio
1027 3451 1234 3510 graece
1251 3453 1559 3509 nunquam
1593 3433 1748 3492 vidit
1802 3437 2152 3511 prophetam
2184 3437 2751 3496 commentationum
2781 3436 3082 3494 variarum

464 3521 689 3592 lucem;
738 3521 804 3580 in
849 3540 918 3580 ea
965 3525 1164 3581 tamen
1197 3522 1484 3581 fundatur
1514 3524 1746 3599 prolixa
1802 3525 2078 3600 epitome,
2113 3543 2220 3583 seu
2252 3529 2473 3597 catena,
2521 3525 2693 3600 cujus
2740 3525 3082 3600 genuinitas

464 3613 689 3682 catena,
724 3630 902 3686 quam
955 3613 1018 3669 in
1057 3611 1451 3670 octoteuchum
1483 3619 1533 3670 et
1564 3611 1669 3671 IV
1689 3613 1745 3674 ll.
1803 3617 1968 3672 extra
1983 3615 2440 3673 controversiam
2465 3610 3083 3695 est(1817—2718).

1803 3738 1888 3746 —
1911 3702 2206 3761 Plurimae
2238 3703 2486 3778 reliquit
2504 3705 2791 3779 epistolas,
2825 3722 3083 3778 quarum

1809 3803 1886 3854 60
1936 3791 2076 3849 olim
2122 3792 2382 3860 Aldus,
2433 3792 2606 3869 longe
2651 3793 2855 3872 plures
2897 3788 3080 3873 (104)

500 3920 896 3975 Silenffiafius“
927 3924 1013 3976 est
1287 3923 1298 3934 .
1383 3927 1409 3978 e
1521 3926 1546 3977 I
1708 3926 1742 3937 ..
1804 3880 1947 3938 Mai
1978 3880 2044 3937 in
2076 3881 2243 3939 class,
2265 3884 2417 3941 auct.
2438 3881 2536 3950 IV,
2562 3890 2707 3949 202,
2731 3881 2856 3939 stili
2877 3882 3081 3957 potius

466 3960 493 3982 „
1038 3940 1379 3993 cognomina
1410 3942 1492 3980 us,
1550 3943 1748 3995 ngenn

465 4008 530 4044 ac
555 3992 849 4047 doctrinae
895 3994 1063 4047 laude
1110 3998 1421 4065 praestans.
1464 3997 1745 4066 templum
1801 3971 2115 4070 Venusuftq
2146 3972 2354 4070 eaptus
2374 3989 2551 4070 quafn
2571 3970 2851 4028 materiae
2883 3971 3081 4047 ngi‘

463 4079 503 4118 s.
532 4064 778 4134 Sophiae
807 4063 914 4121 ΟΡ.
929 4065 1255 4120 dedicatum
1271 4069 1402 4137 post
1415 4066 1746 4122 incendium
1800 4062 1941 4128 tate,
1958 4058 2148 4117 ed1d1t
2179 4055 2263 4138 (M
2278 4078 2299 4115 1
2316 4078 2410 4134 gn
2425 4079 2455 4116 e
2488 4059 2567 4120 1b.
2589 4079 2642 4134 p.
2669 4069 2703 4121 2
2726 4078 2857 4135 pag.
2879 4070 2957 4122 27
2975 4070 3079 4122 17-

464 4138 851 4189 restauratum
877 4137 1263 4206 pulcherrime
1291 4139 1553 4193 versibus
1579 4140 1745 4194 hexa-
1807 4157 1840 4209 2
1853 4158 1883 4208 7
1897 4144 2003 4228 92)
2022 4169 2035 4216 ;
2131 4159 2154 4208 1
2173 4156 2250 4209 62
2343 4148 2397 4205 Η
2414 4166 2445 4205 0
2461 4167 2490 4204 ι·
2505 4166 2535 4204 0
2552 4147 2587 4204 h
2604 4167 2635 4206 Θ
2650 4168 2681 4204 1·
2787 4147 3081 4223 Epistolo-

462 4207 656 4261 metris
700 4207 1033 4278 descripsit:
1085 4225 1259 4276 quam
1302 4209 1745 4281 descriptionem
1806 4237 2013 4314 graphi
2047 4237 2241 4313 graeci
2289 4236 2533 4294 Parisiis
2575 4245 2736 4298 1873
2772 4257 2827 4311 p.
2867 4246 3083 4298 533—

462 4274 509 4328 D
527 4295 565 4330 u
582 4296 612 4332 c
628 4295 663 4331 a
679 4297 717 4332 n
733 4298 772 4349 g
787 4278 809 4332 i
827 4295 857 4332 o
902 4278 1215 4350 interprete
1259 4298 1389 4335 cum
1416 4281 1745 4336 doctissimo
2360 4327 2370 4338 .
2765 4327 2799 4337 ..
2828 4327 2839 4337 .
3006 4325 3016 4337 .

459 4349 715 4417 ejusdem
760 4351 1170 4407 commentario
1216 4354 1275 4405 et
1298 4352 1553 4421 ejusdem
1579 4353 1746 4407 Pauli
1809 4335 1953 4390 593·
1977 4361 2060 4369 -‘
2083 4325 2471 4402 P⁶m⁰9yr²⁶u⁸
2490 4327 2798 4383 Ana'smsn
2818 4344 2953 4400 ΜΨ·
2975 4320 3080 4407 (¹b·

462 4419 844 4491 descriptione
861 4426 1115 4477 Ambonis
1131 4423 1305 4476 habes
1325 4424 1480 4494 apud
1497 4424 1555 4477 M
1572 4425 1591 4478 i
1609 4445 1646 4495 g
1662 4445 1700 4481 n
1715 4441 1745 4478 e

462 4488 523 4545 P.
551 4491 614 4549 G.
643 4492 942 4556 LXXXVI,
968 4493 1037 4558 ΙΙ,
1063 4501 1396 4554 2111·2264;
1424 4496 1745 4566 germanice

461 4560 774 4633 interprete
802 4563 852 4618 J.
869 4563 919 4618 J.
947 4564 996 4618 K
1013 4583 1041 4618 r
1055 4582 1085 4619 e
1102 4584 1140 4619 u
1159 4568 1184 4619 t
1197 4584 1225 4618 z
1243 4583 1272 4619 e
1288 4583 1316 4617 r
1342 4565 1567 4637 Lipsiae
1592 4572 1744 4625 1875.
1881 4573 1917 4641 ¹)
1946 4568 2029 4622 cf.
2056 4567 2100 4620 B
2115 4586 2144 4620 r
2159 4585 2191 4621 a
2208 4571 2233 4621 t
2245 4567 2287 4620 k
2303 4584 2331 4620 e
2359 4568 2625 4624 Zeitschr.
2648 4567 2739 4621 fiir
2760 4567 3081 4624 wissensch.

464 4632 544 4687 Cf.
563 4633 612 4691 J.
642 4636 700 4688 M
717 4652 747 4689 e
763 4653 791 4688 r
806 4635 828 4688 i
842 4651 876 4687 a
891 4654 930 4689 n
947 4667 964 4676 ·
980 4635 1025 4690 G
1045 4654 1073 4688 e
1090 4656 1128 4689 n
1143 4654 1177 4690 a
1193 4655 1219 4690 s
1235 4640 1260 4690 t
1285 4638 1355 4691 de
1373 4638 1550 4692 Paulo
1569 4639 1743 4693 Silen-
1802 4640 1999 4695 Theol.
2030 4646 2166 4695 1896
2192 4640 2442 4703 XXXIX,
2472 4646 2770 4696 303—312.

463 4703 633 4760 tiario
688 4706 996 4775 byzantino
1036 4707 1233 4762 Nonni
1283 4712 1558 4763 sectatore
1609 4710 1744 4766 diss.
1879 4714 1918 4782 ²)
1948 4711 2031 4766 Cf.
2073 4710 2110 4762 Z
2127 4726 2161 4763 a
2177 4711 2215 4763 h
2232 4729 2271 4763 11
2317 4710 2542 4767 For-sch.
2586 4729 2686 4764 zur
2736 4709 2933 4764 Gesch.
2984 4710 3083 4764 des

464 4773 840 4848 inauguralis,
865 4778 943 4834 ib.
975 4786 1125 4838 1889.
1800 4784 2042 4837 neutest.
2070 4782 2303 4836 Kanons
2334 4789 2471 4839 1883
2500 4784 2567 4848 II,
2594 4788 2699 4839 239
2724 4800 2792 4837 ss.

2653 4874 2741 4928 16·
