3505 5161
1657 1465 1945 1564 VIII.

930 1648 1486 1785 Scriptores
1554 1644 2204 1757 ecclesiastici
2254 1646 2568 1757 seculi
2621 1644 2777 1755 VI.

1231 1843 1450 1941 Pars
1516 1843 1775 1963 prior
1818 1844 2407 1960 (501—550).

1739 2098 1952 2105 ——w

1846 2240 2194 2300 nationibus
2214 2241 2469 2300 liberum
2500 2243 2562 2299 et
2592 2240 2916 2299 immunem
2935 2240 3127 2298 decla-

1845 2329 2002 2388 ravit
2053 2324 2184 2412 (23.
2237 2330 2360 2393 Oct.
2413 2324 2589 2411 501).
2672 2329 2872 2388 Novae
2928 2331 3129 2388 tamen

1845 2419 2133 2478 excitatae
2183 2422 2330 2478 sunt
2376 2419 2608 2489 turbae,
2661 2421 2724 2476 et
2772 2418 3129 2478 Anastasius

1844 2508 1985 2585 imp.
2018 2508 2303 2567 adversus
2331 2507 2674 2585 pontificem
2713 2506 2991 2567 libellum
3037 2507 3128 2565 di-

1844 2598 2119 2675 vulgavit
2149 2597 2528 2657 contumeliis
2560 2601 2623 2657 et
2651 2598 2912 2674 querelis
2945 2597 3127 2657 refer-

1841 2689 1990 2758 tum,
2041 2687 2139 2745 cui
2184 2688 2279 2746 hic
2324 2689 2583 2746 tractatu
2628 2685 2996 2763 apologetico
3032 2706 3127 2746 re·

1843 2776 2134 2851 spondere
2165 2775 2475 2835 festinavit
2509 2771 2626 2858 (ep.
2669 2770 2797 2857 10).
2862 2775 3130 2835 Decessit

1841 2865 2077 2939 praesul
2111 2866 2395 2923 strenuus
2424 2874 2520 2928 19.
2539 2864 2579 2922 J
2581 2865 2663 2923 ul.
2686 2874 2833 2927 514.
2879 2865 2966 2923 Ex
2997 2866 3127 2941 ejus

1840 2953 2110 3029 epistolis
2133 2956 2462 3030 supersunt
2479 2956 2716 3012 tantum
2735 2954 2949 3024 decem,
2978 2973 3127 3029 quas

614 2252 758 2306 253.
819 2244 1017 2300 Aurea
1076 2241 1407 2318 theologiae
1469 2240 1789 2300 catholicae

501 2335 663 2390 aetas
714 2331 1038 2408 praeteriit.
1106 2331 1296 2389 Priori
1359 2331 1539 2404 hujus
1601 2330 1787 2389 seculi

500 2424 668 2497 parte
716 2420 924 2480 nullus
976 2422 1276 2496 comparet
1337 2419 1614 2495 scriptor,
1679 2418 1786 2495 qui

501 2509 733 2588 maguis
764 2509 1061 2567 Ecclesiae
1098 2508 1373 2585 patribus
1422 2511 1484 2566 et
1529 2507 1783 2567 doctori-

499 2600 615 2658 bus
661 2599 844 2658 seculi
889 2599 1198 2675 praeteriti
1229 2598 1415 2674 possit
1445 2597 1784 2674 comparari.

501 2687 818 2764 Speciatim
850 2706 990 2747 vero
1016 2689 1081 2747 in
1101 2687 1365 2746 Ecclesia
1396 2706 1429 2746 o
1446 2688 1615 2747 rien
1633 2687 1739 2746 tal
1764 2687 1785 2745 i

499 2778 619 2836 rari
642 2778 767 2853 jam
790 2780 934 2836 sunt
953 2776 1287 2853 scriptoreS,
1319 2776 1426 2851 qui
1446 2776 1781 2836 eruditione

501 2867 594 2925 vel
623 2867 882 2925 nominis
903 2867 1057 2924 fama
1077 2865 1483 2924 inclaruerint.
1531 2865 1781 2924 Initium

499 2955 786 3014 ducamus
831 2975 866 3013 a
908 2955 1167 3014 romanis
1207 2953 1780 3030 pontificibuS,

499 3063 756 3119 quorum
816 3043 1005 3119 aliqui
1072 3043 1282 3103 saltem
1341 3043 1546 3102 literas
1606 3042 1781 3118 plane
1841 3061 1974 3101 cum
2002 3042 2155 3114 aliis,
2189 3062 2341 3118 quae
2361 3042 2479 3118 ipsi
2500 3045 2645 3102 suut
2662 3042 3000 3119 inscriptae,
3032 3061 3126 3101 re-

499 3151 708 3209 graves
758 3131 1093 3191 ediderunt.
1177 3132 1232 3190 S.
1285 3132 1781 3209 Symmachus
1840 3132 2031 3207 peries
2066 3131 2223 3208 apud
2255 3132 2475 3191 Thiel
2507 3150 2597 3207 ep.
2628 3150 2776 3190 rom.
2820 3136 2982 3208 pont.
3023 3150 3125 3209 ge·

499 3214 926 3302 (498—514),
974 3239 1131 3281 uuus
1163 3239 1232 3280 ex
1262 3220 1558 3280 Ecclesiae
1588 3239 1782 3280 roma·
1838 3221 2059 3279 nuinae
2105 3239 2238 3297 pag,
2274 3215 2638 3290 641-'738;
2681 3220 2939 3298 Migne
2968 3221 3030 3278 P.
3063 3219 3125 3278 L.

498 3329 607 3368 nae
638 3310 917 3381 diaconis,
947 3310 1227 3370 suffectus
1256 3312 1349 3368 est
1376 3309 1691 3369 Anastasio
1703 3309 1780 3379 11,
1838 3308 2013 3380 LXII,
2052 3319 2291 3374 40—80
2326 3313 2435 3375 etc.
2467 3343 2557 3354 -—
2585 3310 2730 3385 Ejus
2761 3313 3030 3386 tempore
3062 3313 3125 3367 et

500 3399 594 3456 die
644 3408 745 3461 22.
778 3399 927 3458 Nov.
963 3408 1108 3468 498,
1157 3417 1293 3457 mox
1336 3417 1476 3458 vero
1523 3399 1784 3473 plurima
1840 3399 2143 3458 occasione
2163 3399 2703 3459 controversiarum
2734 3398 2806 3456 de
2837 3398 2970 3473 ipso
2988 3415 3125 3473 pro-

500 3487 656 3546 mala
685 3490 780 3545 est
798 3490 1074 3562 expertus
1095 3487 1169 3545 ab
1190 3489 1423 3546 aemulo
1443 3487 1780 3559 Laurentio,
1838 3486 2081 3546 dierunt
2096 3487 2449 3548 documenta
2463 3486 2664 3563 spuria
2680 3487 3127 3563 Symmachiana

499 3575 605 3650 qui
653 3574 887 3634 favente
926 3575 1237 3637 Anastasio
1281 3577 1421 3652 imp.
1468 3576 1782 3635 factionem
1843 3570 2435 3657 (symmachianische
2468 3572 2909 3657 Falschungen)
2947 3576 3124 3646 dicta,

499 3664 822 3723 concitavit
841 3683 1022 3740 seque
1041 3664 1310 3741 legitimo
1330 3665 1615 3742 opposuit
1634 3683 1782 3741 pon·
1839 3666 2101 3723 narratio
2123 3665 2248 3727 scil.
2282 3666 2354 3725 de
2377 3667 2554 3742 lapsu
2574 3665 2901 3725 Marcellini
2923 3683 3125 3740 papae,

496 3751 659 3815 tifici.
726 3753 1049 3812 Schismate
1095 3756 1404 3830 utcunque
1453 3755 1647 3830 sopito
1686 3773 1781 3813 ca·
1838 3756 1969 3812 acta
2018 3753 2230 3831 synodi
2284 3754 2696 3825 sinuessensis,
2749 3753 3126 3814 Constantini

496 3842 742 3900 lumniis
788 3843 860 3900 ab
906 3842 1263 3902 adversariis
1295 3843 1414 3902 fuit
1444 3843 1780 3919 impetitus,
1808 3873 1811 3902 ι
1837 3843 2193 3919 baptismuS,
2245 3843 2656 3904 Constitutum
2707 3843 2998 3920 Sylvestri
3042 3860 3125 3905 cc.

496 3930 615 3988 imo
678 3933 741 3990 et
802 3932 1194 4003 ‚truculenter
1254 3933 1621 3991 vulneratus‘
1671 3934 1780 3991 est.
1807 3921 1811 4000 Ι
1843 3941 1921 3994 20
1972 3935 2267 4003 constans,
2320 3934 2544 3992 Liberii
2590 3937 2776 4011 gesta,
2828 3932 3002 4009 Xysti
3035 3930 3125 3990 111

497 4018 719 4079 Verum
740 4021 1003 4097 synodus
1034 4020 1446 4080 aTheodorico
1467 4024 1784 4081 convocata
1838 4022 2117 4099 purgatio
2148 4025 2276 4092 etc„
2312 4023 2449 4082 stilo
2481 4022 2741 4090 horrid0‚
2775 4022 3030 4098 implexo
3062 4025 3127 4079 et

499 4108 573 4167 ad
619 4127 855 4169 causam
887 4109 1346 4184 dijudicandam,
1399 4110 1603 4169 Palm
1621 4110 1781 4169 aris
1839 4111 2091 4170 obscuro
2126 4112 2469 4187 composita.
2534 4111 2666 4170 Etsi
2716 4110 2935 4187 scripta
2981 4113 3127 4169 sunt

496 4199 909 4275 cognominata
958 4199 1053 4258 vel
1101 4199 1245 4275 quia
1289 4198 1353 4256 in
1401 4198 1530 4258 loco
1579 4199 1784 4258 habita
1839 4199 1913 4258 ad
1946 4200 2226 4259 tuendam
2252 4200 2585 4277 Symmachi
2612 4218 2867 4269 causam,
2900 4199 3126 4258 calum-

496 4287 608 4345 fori
656 4287 883 4347 romani
929 4288 1003 4345 ad
1033 4288 1296 4346 Palmam
1341 4287 1518 4359 dicto,
1573 4289 1667 4347 vel
1715 4288 1780 4347 in
1837 4288 2003 4347 niose
2045 4293 2247 4348 tamen
2291 4309 2360 4348 ea
2403 4289 2760 4348 tribuuntur
2803 4288 2922 4362 ipsi
2955 4289 3125 4364 Sym·

496 4376 650 4434 atrio
681 4394 727 4438 s,
749 4375 911 4434 Petri
938 4376 1012 4434 ad
1032 4377 1302 4436 Palmata
1339 4376 1651 4452 appellato,
1682 4378 1780 4436 vel
1836 4377 2058 4448 mach0,
2093 4396 2161 4437 ac
2191 4377 2241 4436 si
2258 4379 2365 4437 illa
2383 4397 2491 4454 pro
2511 4397 2581 4437 ea
2598 4378 2849 4436 finxerit.
2896 4377 3125 4435 Auctor

488 4464 663 4539 juxta
711 4465 941 4540 aliquos
992 4467 1136 4540 quia
1184 4465 1352 4524 illius
1416 4466 1602 4524 sessio
1663 4466 1782 4525 fuit
1838 4470 1928 4525 est
1972 4467 2148 4541 plane
2194 4486 2524 4543 anonymus
2555 4470 2738 4543 atque
2770 4465 3128 4525 documenta

494 4553 813 4630 praecipua
857 4556 919 4612 et
955 4553 1371 4629 peremptoria,
1422 4555 1779 4614 sententiam
1836 4556 2229 4615 characterem
2273 4575 2432 4615 mere
2482 4557 2783 4633 privatum
2815 4554 3040 4614 habent
3052 4548 3125 4634 ¹).

497 4640 568 4698 de
596 4641 942 4716 Symmacho
977 4642 1089 4703 soli
1124 4643 1228 4701 Dei
1253 4642 1483 4717 judicio
1514 4662 1779 4702 reserva·
1913 4673 1950 4742 ¹)
1980 4671 2061 4725 Cf·
2104 4671 2365 4726 (hiem.
2404 4671 2743 4726 Geschichoe
2793 4671 2964 4726 Romg
3004 4672 3125 4725 und

499 4728 605 4799 vit,
639 4731 700 4787 et
731 4729 1068 4805 pontificem
1100 4732 1173 4790 ab
1206 4732 1484 4791 omnibus
1516 4732 1778 4790 incrimi-
1837 4741 1936 4795 der
1999 4743 2205 4814 Papste
2270 4745 2310 4808 1,
2372 4746 2479 4801 718
2540 4761 2628 4807 ss„
2693 4743 2795 4811 qui
2859 4747 3126 4799 accurate
