3505 5161
500 227 624 279 855

498 415 721 455 mann
771 396 928 472 apud
981 396 1149 454 Pertz
1198 396 1353 454 Mon.
1402 396 1499 454 SS.
1545 396 1663 465 XV,
1724 408 1790 485 1,ἱ

498 493 844 549 289-293
881 489 989 545 etc.

588 673 730 727 468.
779 667 833 723 8.
890 664 1318 739 Ansgarius
1365 659 1775 742 (Anscharius‚

505 755 761 829 Aasgsjr,
796 754 1022 829 Osgejr,
1058 753 1265 822 Asker,
1298 750 1475 832 Eske)
1510 756 1776 829 Septem·

492 843 711 902 trionis
743 842 1049 918 apostolus
1081 862 1139 901 n.
1162 852 1219 905 8.
1253 845 1411 917 Sept.
1436 851 1552 906 801
1596 861 1778 918 prope

498 933 855 992 Ambianum
918 931 1292 990 nobilissimo
1353 950 1568 1006 genere
1631 952 1780 1008 puer

496 1022 755 1080 traditus
801 1022 894 1079 est
937 1020 1346 1079 instituendus
1380 1021 1677 1099 religiosis
1711 1022 1777 1083 Ο.

496 1113 553 1169 S.
603 1112 744 1170 Ben.
790 1110 852 1168 in
899 1114 1097 1168 vetere
1129 1110 1388 1185 Corbeja.
1458 1112 1565 1170 Vix
1603 1113 1780 1169 natus

494 1222 547 1262 a.
591 1210 665 1263 13
700 1200 828 1274 ipse
860 1198 1128 1257 habitum
1165 1217 1210 1258 s.
1243 1200 1549 1259 Benedicti
1582 1199 1781 1259 induit

498 1289 800 1364 vitamque
840 1287 1095 1364 rigidam
1143 1288 1314 1346 duxit
1361 1307 1464 1365 spe
1509 1288 1778 1365 martyrii

496 1398 566 1437 ex
600 1378 955 1437 coelestibus
986 1377 1319 1436 visionibus
1351 1379 1479 1453 jam
1510 1383 1656 1437 tunc
1687 1397 1780 1439 re-

496 1470 717 1544 pletus,
782 1467 1161 1525 Paschasium
1202 1466 1415 1525 habuit
1446 1471 1782 1543 praecepto·

496 1576 639 1627 rem,
689 1562 749 1615 et
790 1574 926 1614 cum
958 1556 1019 1615 in
1050 1555 1268 1615 studiis
1300 1556 1618 1633 insigniter
1650 1575 1782 1633 pro·

497 1646 716 1717 ficeret,
765 1664 898 1705 mox
947 1650 1008 1703 et
1040 1644 1166 1720 ipse
1197 1645 1514 1704 admodum
1539 1647 1784 1721 juvenis

496 1737 569 1794 ad
591 1735 878 1813 regendas
898 1733 1126 1793 scholas
1148 1737 1242 1792 est
1260 1734 1612 1806 destinatae,
1644 1755 1784 1795 nam

496 1826 725 1886 Walam
758 1824 849 1883 ab.
883 1826 1124 1882 secutus
1157 1826 1252 1883 est
1285 1823 1359 1882 ad
1402 1842 1617 1884 novam
1650 1826 1784 1884 Cor-

500 1916 696 1990 bejam
757 1919 1026 1972 recenter
1074 1912 1377 1972 conditam
1424 1909 1626 1996 (822),
1677 1915 1784 1974 ubi

501 2004 717 2063 scholis
752 2002 1014 2077 praefuit·
1059 2008 1120 2060 et
1155 1999 1453 2078 'populum
1487 2004 1785 2063 concioni-

497 2093 613 2151 bus
662 2093 724 2150 in
776 2091 891 2149 fide
922 2090 1203 2149 erudivit.
1269 2092 1484 2151 Missus
1517 2097 1611 2152 est
1641 2095 1785 2151 mis-

502 2183 791 2241 sionarius
825 2180 1181 2256 apostolicus
1213 2180 1286 2239 ad
1317 2182 1514 2241 Danos
1547 2186 1608 2241 et
1640 2183 1786 2242 Sue-

498 2288 601 2328 cos
635 2288 968 2346 magnoque
999 2268 1201 2327 fructu
1232 2270 1390 2345 apud
1424 2270 1557 2329 illas
1575 2275 1785 2348 gentes

504 2359 678 2418 tidem
712 2359 1082 2435 propagavit.
1148 2359 1292 2417 Post
1336 2359 1569 2433 aliquot
1599 2378 1786 2419 annos

500 2450 566 2506 in
588 2448 950 2509 Germaniam
969 2446 1167 2515 rediit,
1200 2453 1262 2506 et
1292 2466 1427 2507 cum
1446 2449 1785 2509 Ludovicus

504 2539 645 2598 Pius
680 2536 1083 2597 consentiente
1105 2538 1383 2614 Gregorio
1402 2538 1501 2601 IV.
1533 2557 1638 2615 pro
1670 2538 1787 2600 fide

501 2628 659 2704 apud
704 2627 960 2703 populos
1008 2627 1522 2703 septemtrionales
1572 2648 1786 2705 propa-

500 2717 697 2795 ganda
742 2720 803 2775 et
847 2715 1246 2776 confirmanda
1276 2717 1348 2776 de
1380 2718 1661 2793 erigendo
1695 2737 1786 2778 ar-

499 2807 946 2882 chiepiscopatu
994 2805 1414 2882 hamburgensi
1479 2807 1784 2883 cogitaret,

504 2898 629 2971 ipse
662 2896 995 2971 Ansgarius
1028 2895 1256 2954 electus
1301 2899 1396 2954 est
1440 2896 1670 2971 primus
1711 2897 1785 2955 il-

505 2986 622 3042 lius
669 2985 824 3043 seclis
855 2984 1094 3059 praesul
1128 2979 1329 3063 (831).
1394 2987 1649 3061 Accepta
1691 3004 1786 3044 or-

502 3074 808 3132 dinatione
841 3073 1081 3132 Romam
1115 3077 1209 3131 est
1239 3074 1558 3148 profectus,
1604 3074 1711 3133 ubi
1755 3094 1790 3133 a

502 3163 785 3239 Gregorio
832 3162 930 3221 IV.
981 3163 1306 3221 honoratus
1358 3168 1452 3221 est
1500 3163 1680 3238 pallio
1727 3166 1790 3221 et

507 3252 743 3328 legatus
764 3251 1123 3327 apostolicus
1154 3251 1225 3309 ad
1260 3251 1393 3311 illas
1414 3254 1624 3327 gentes
1645 3253 1787 3310 mis—

504 3359 627 3402 suS.
694 3341 950 3399 Multum
999 3339 1290 3399 laboravit
1336 3360 1441 3416 pro
1487 3341 1791 3400 dilatanda

506 3430 637 3500 fide,
674 3430 877 3506 gravia
897 3429 1087 3488 subiit
1106 3429 1385 3504 pericula,
1421 3449 1635 3507 magna
1653 3448 1789 3507 pas-

505 3537 609 3576 sus
657 3523 748 3576 est
794 3519 1006 3576 damna
1036 3517 1099 3578 in
1133 3518 1431 3577 Danorum
1465 3520 1787 3588 invasione,

509 3609 569 3664 in
605 3626 722 3681 qua
754 3607 1164 3683 Hamburgum
1206 3607 1327 3665 fere
1360 3608 1479 3667 fuit
1509 3609 1788 3668 deletum.

506 3696 658 3753 Hinc
704 3697 1059 3772 conjunctus
1092 3694 1210 3754 fuit
1240 3697 1456 3756 iterum
1503 3698 1788 3773 archiepi-

506 3790 790 3860 scopatus
827 3785 1281 3862 hamburgensis
1315 3786 1440 3844 sedi
1471 3786 1788 3856 bremensi,

502 3877 685 3950 atque
732 3875 819 3932 ita
868 3873 1130 3951 praefuit
1178 3893 1338 3933 nunc
1387 3876 1515 3951 ipse
1564 3875 1789 3951 duplici

509 3963 647 4022 huic
697 3964 1068 4022 vastissimae
1127 3964 1413 4023 missioni.
1498 3964 1634 4023 Non
1684 3964 1792 4023 diu

504 4054 707 4111 tenuit
738 4054 878 4113 haec
908 4052 1256 4129 dispositio:
1298 4073 1346 4111 a.
1383 4064 1505 4116 864
1540 4054 1790 4114 restitu-

507 4149 606 4200 tus
626 4144 742 4202 suit
758 4143 1296 4218 archiepiscopatus
1315 4143 1789 4220 hamburgensis,

508 4239 688 4306 atque
710 4234 875 4291 sedes
895 4231 1222 4290 bremensis
1256 4232 1309 4290 ei
1342 4232 1624 4308 subjecta.
1656 4233 1790 4290 Non

506 4321 888 4380 obstantibus
936 4320 1242 4379 laboribus
1293 4321 1631 4397 apostolicis
1679 4321 1790 4379 du-

509 4410 799 4469 rissimam
835 4410 1006 4469 duxit
1038 4411 1236 4480 vitam,
1272 4429 1449 4485 quam
1482 4427 1633 4486 pane
1665 4410 1793 4468 solo

504 4505 565 4556 et
616 4518 768 4573 aqua
800 4501 1205 4558 sustentabat:
1257 4500 1457 4558 labore
1507 4517 1792 4558 manuum

510 4589 621 4646 sibi
641 4589 885 4664 suisque
903 4589 1143 4665 collegis
1160 4588 1525 4663 comparavit
1546 4589 1790 4658 victum,

508 4678 691 4735 simul
754 4677 1145 4736 effusissimae
1208 4681 1336 4735 erat
1399 4677 1668 4736 caritatis
1731 4676 1792 4734 in

508 4783 817 4839 pauperes,
863 4766 1127 4839 captivos
1162 4784 1192 4822 e
1226 4766 1793 4848 servitute-redime—

1023 215 1323 265 851-900.
1354 210 1769 279 Hagiographi.
1793 210 1848 266 8.
1876 210 2209 279 Ansgarius‚
2239 208 2592 271 RembertuS,

2991 227 3122 281 856

1832 396 1949 455 bat.
2017 397 2242 474 Martyr
2273 415 2393 456 non
2426 395 2717 473 sanguine
2763 397 2969 465 effuse,
3016 397 3124 455 sed

1833 485 2143 545 laboribus
2197 505 2302 563 pro
2351 484 2685 544 infidelium
2737 486 3124 545 conversione

1831 576 2278 649 animarumque
2307 576 2430 634 zelo
2450 577 2840 651 consumptus
2862 575 3126 634 decessit

1838 674 1892 726 3.
1912 665 2078 724 Febr.
2103 675 2247 728 865.
2294 666 2388 724 Ab
2409 664 2667 724 Ecclesia
2696 664 2855 722 inter
2886 670 3124 723 sanctos

1834 753 2052 813 colitur
2087 763 2142 816 3.
2175 754 2341 817 Febr.
2391 753 2656 829 Reliquit
2687 753 2827 812 stilo
2859 754 3124 829 simplici

1833 845 1893 901 et
1941 861 2186 902 amoeno
2237 844 2629 920 conscriptam
2694 841 2904 916 Vitam,
2966 861 3120 918 quae

1834 937 2033 991 tamen
2064 932 2250 991 dubia
2280 938 2389 1003 est,
2423 936 2486 992 et
2514 933 2803 991 miracula
2835 950 2881 990 s.
2929 932 3120 990 Wille-

1833 1023 1977 1080 laada·
2021 1022 2202 1096 primi
2233 1022 2499 1098 episcopi
2532 1021 2860 1080 bremensis
2895 1017 2958 1100 (†
2993 1032 3119 1084 789

1835 1111 1931 1168 vel
1957 1114 2109 1185 791)
2141 1112 2203 1173 ll.
2242 1120 2295 1180 2,
2328 1129 2464 1171 cum
2490 1110 2736 1187 pulchra
2754 1111 3122 1185 praefatione

1839 1200 1897 1258 in
1933 1200 2390 1259 Mabillonii
2424 1200 2588 1259 Actis
2610 1199 2834 1267 SS.111‚
2871 1208 2928 1265 2.
2964 1209 3121 1262 404·

1838 1300 1998 1358 4183
2057 1289 2196 1348 inde
2240 1290 2302 1348 in
2349 1290 2600 1366 Migne
2648 1290 2709 1351 P.
2755 1289 2817 1348 L.
2862 1288 3119 1355 CXVIII,

1849 1387 2309 1443 1013—1032:
2376 1379 2593 1438 melius
2643 1378 2734 1437 ed.
2783 1379 2849 1436 in
2899 1378 3123 1436 Pertz

1840 1468 1992 1527 Mon.
2013 1468 2087 1535 II,
2110 1478 2185 1529 37
2200 1477 2418 1531 8-390.
2444 1501 2526 1512 —-
2545 1467 2878 1542 Unicuique
2898 1467 3122 1543 psalmo

1838 1557 2139 1632 propriam
2184 1557 2416 1633 aptavit
2459 1557 2913 1626 oratiunculam,
2960 1555 3122 1632 quod

1840 1646 1973 1721 ipse
2014 1647 2373 1723 piqmentum
2424 1646 2683 1705 vocitare
2733 1645 2987 1713 solebat,
3049 1649 3124 1702 ut-

1839 1735 2058 1810 psalmi
2102 1735 2154 1793 ei
2202 1735 2311 1794 hac
2356 1736 2428 1793 de
2460 1755 2523 1793 re
2556 1735 2985 1805 dulcescerent,
3030 1733 3123 1798 ed.

1841 1825 2349 1901 Lappenberg
2426 1824 2705 1884 Zeitschr.
2767 1824 2868 1882 fiir
2928 1824 3121 1883 hamb.

1842 1914 2046 1975 Gesch.
2069 1911 2143 1983 11,
2186 1925 2208 1976 1
2253 1932 2349 1983 ss„
2385 1912 2714 1990 Hamburgi
2746 1922 2928 1977 1844.
2976 1911 3122 1987 Ejus

1846 2002 2117 2061 Mat-ium
2165 2003 2289 2061 sive
2336 2003 2608 2061 manuale
2646 2021 2787 2061 suae
2819 2001 3121 2061 missionis

1842 2088 2164 2173 (siquidem
2185 2091 2336 2150 illud
2358 2084 2781 2172 composuerit)
2802 2090 3122 2150 intercidit.

1843 2214 1927 2223 —
1978 2180 2162 2239 Vitam
2205 2181 2393 2257 ipsius
2410 2175 2456 2264 ¹)
2487 2183 2690 2240 narrat
2721 2179 2981 2249 candide,
3025 2178 3121 2255 pie

1841 2289 2095 2345 cumque
2170 2287 2312 2329 sano
2365 2269 2599 2345 judicio
2661 2268 3120 2328 Rembertus

1842 2354 2238 2442 (Rimbertus)
2261 2358 2530 2428 Flander‚
2562 2358 2697 2417 aliis
2716 2357 2966 2427 Frisius,
2999 2376 3121 2416 mo-

1842 2447 2066 2508 nachus
2098 2447 2491 2507 turholtensis
2521 2452 2583 2507 et
2615 2447 2846 2506 scholae
2877 2445 2939 2504 in
2971 2465 3122 2505 nova

1843 2536 2087 2615 Corbeja
2117 2540 2327 2610 rector,
2360 2536 2640 2616 Ansgarii
2661 2535 2997 2612 discipulus
3027 2553 3122 2595 ca-

1842 2626 2115 2686 rissimus
2161 2631 2222 2686 et
2266 2628 2327 2686 in
2369 2628 2506 2685 sede
2536 2625 2958 2702 hamburgensi
2989 2643 3122 2683 suc-

1843 2734 2039 2775 cessor
2087 2713 2149 2798 (†
2204 2728 2298 2779 11.
2344 2716 2488 2778 Jun.
2533 2711 2704 2798 888).
2755 2734 2908 2791 quae
2953 2732 3123 2789 saepe

1841 2805 2081 2881 prodiit,
2117 2808 2187 2863 ut
2219 2806 2277 2863 in
2312 2807 2440 2864 Act.
2474 2804 2573 2863 SS.
2609 2814 2664 2867 3.
2685 2804 2854 2863 Febr.
2885 2803 2931 2873 Ι,
2967 2813 3123 2866 40s-

1845 2904 2004 2965 42T3
2039 2894 2102 2953 in
2135 2894 2586 2954 Mabillonii
2619 2894 2767 2953 actis
2801 2892 3024 2958 ss.1v,
3064 2903 3121 2958 ‘.’,

1847 2994 2184 3052 78—1143
2261 2984 2512 3059 Migne
2575 2983 2828 3053 CXVIII,
2910 2992 3123 3044 959—

1853 3082 2050 3136 1012:
2115 3074 2338 3131 Pertz
2387 3073 2541 3131 Mon.
2599 3072 2673 3141 11,
2743 3079 3124 3139 083—7253

1845 3179 1970 3222 cur.
2022 3162 2262 3220 Waitz
2312 3161 2695 3220 Hannoverae
2755 3169 2941 3231 1884,
2989 3178 3123 3217 cum

1926 3353 1961 3419 ¹)
1990 3348 2073 3402 Cf.
2114 3352 2407 3417 praeterea
2447 3348 2516 3401 de
2557 3347 2682 3418 ipso
2722 3347 2873 3401 inter
2896 3346 3039 3401 alios
3065 3347 3127 3400 C.

1846 3420 2162 3488 Ber-lage
2212 3419 2325 3474 KL.
2381 3421 2418 3483 1,
2470 3424 2782 3478 902-—906;
2832 3418 3127 3472 Drewes

1846 3492 2033 3545 Leben
2055 3491 2323 3560 Ansgnrs,
2341 3490 2667 3545 Paderborn
2685 3497 2840 3550 1864;
2857 3490 2902 3544 T
2916 3506 2952 3543 a
2966 3508 3004 3560 p
3074 3505 3126 3541 e·

1848 3564 1884 3617 h
1904 3579 1935 3616 o
1951 3580 1979 3616 r
1994 3580 2034 3614 n
2048 3561 2237 3616 Leben
2255 3563 2524 3632 Ansgars,
2542 3562 2797 3616 Mflnster
2822 3566 2972 3620 186&
3046 3600 3057 3611 .
3074 3577 3127 3611 v.

1847 3635 1882 3686 8
1899 3651 1928 3687 0
1947 3635 1983 3686 11
2000 3651 2038 3686 11
2057 3635 2094 3687 b
2109 3650 2138 3686 0
2155 3636 2223 3686 rt
2250 3635 2473 3704 Ansgar
2487 3633 2607 3686 und
2628 3633 2721 3686 die
2748 3634 3014 3703 Anfange
3029 3632 3129 3685 der

1847 3704 2624 3774 Schleswig·Holsteinschen
2663 3702 3127 3774 Kirohengesch..

1848 3776 2308 3834 Kie11891etc.:
2347 3777 2709 3831 Potthast
2777 3815 2789 3828 .
2823 3778 2990 3833 1170;
3027 3772 3128 3827 ubi

1846 3848 2202 3903 literaturam
2230 3848 2300 3901 de
2329 3865 2393 3901 eo
2422 3847 2697 3917 reperies:
2810 3863 2844 3900 a
2862 3864 2901 3899 u
2918 3845 3002 3900 ck
3027 3845 3127 3898 Re·

1846 3920 2020 3974 alenc
2055 3920 2121 3982 1⁸,
2151 3922 2449 3976 573--577.
2500 3919 2580 3972 De
2626 3918 2748 3973 vita
2774 3935 2808 3972 a
2834 3917 3127 3971 R-imberto

1847 3990 2060 4061 scripta
2102 3991 2184 4044 ita
2225 3994 2417 4045 censet
2447 3989 2956 4044 wattenbach
2985 3989 3050 4043 1⁶.
3079 3987 3128 4040 11

1849 4072 1875 4128 5
1908 4072 1970 4117 15
1993 4084 2005 4116 :
2033 4061 2288 4115 Anskars
2316 4061 2502 4115 Leben
2542 4061 2749 4129 gehort
2772 4061 2923 4115 ohne
2950 4059 3128 4127 Frage

1851 4152 1920 4188 zu
1962 4133 2074 4187 ‹len
2115 4133 2569 4186 bedentendsten
2608 4131 3126 4198 Quelleuschriften

1847 4205 1946 4258 des
1972 4205 2129 4258 MA.:
2176 4204 2269 4258 die
2295 4220 2473 4274 ganze
2499 4203 2687 4258 reiche
2715 4203 3128 4258 Wirksamkeit

1847 4277 1945 4329 des
1995 4275 2465 4331 laubensstarkcn
2479 4275 2853 4339 Erzbischofs,
2865 4274 2966 4329 das
2982 4273 3126 4329 velle

1850 4346 1941 4401 Bil
2045 4347 2228 4402 seiner
2289 4347 2674 4417 grossartigen
2726 4346 2989 4402 kindlich
3039 4347 3127 4398 de·

1848 4419 2149 4488 muthigen
2180 4419 2297 4473 und
2325 4419 2471 4474 doch
2499 4436 2559 4473 so
2584 4418 2986 4488 verstandigen
3006 4416 3129 4471 Per·

1852 4489 2202 4545 soulichkeit
2227 4489 2356 4543 tritt
2372 4507 2480 4543 uns
2496 4488 2806 4545 lebensvoll
2823 4489 2991 4544 datin
3012 4495 3126 4541 ent-

1849 4577 2052 4631 303011,
2071 4562 2189 4615 und
2206 4563 2345 4616 {Iber
2361 4561 2454 4614 die
2471 4561 2750 4616 Zustiinde
2767 4560 3128 4615 desNordeus

1849 4634 2168 4686 verbreiten
2198 4633 2289 4686 die
2316 4632 2618 4686 einfachen
2654 4632 2774 4687 und
2800 4630 3127 4686 8111101111εεί-

1851 4721 1962 4769 gen
1991 4703 2507 4774 Aufzeichnungen
2539 4703 2819 4759 Rimbcrts
2857 4703 2959 4757 das
2985 4707 3127 4755 erste

1853 4775 2036 4828 Licht.
2089 4775 2132 4827 E
2152 4778 2186 4828 b
2202 4793 2230 4827 e
2249 4780 2316 4827 rt
2347 4777 2410 4840 11,
2439 4783 2600 4830 339-
2617 4781 2736 4830 344.
