3505 5161
479 174 600 230 223

475 363 714 405 munem
737 363 876 421 prae
908 364 970 406 se
1003 346 1221 408 ferunt.
1266 347 1598 406 Fatendum
1620 346 1752 422 qui·

474 434 606 495 dem
626 437 720 495 est
739 434 945 511 aliqua
975 435 1039 494 in
1071 435 1144 495 iis
1164 452 1469 497 occurrere
1489 435 1750 504 duriora,

473 542 623 600 quae
643 523 943 583 offendere
963 525 1283 584 nonnullos
1301 529 1567 602 potuere.
1600 524 1755 585 Hinc

473 613 558 672 Pe
580 612 783 673 tavii
830 614 1084 674 incurrit
1140 632 1450 677 censuram
1501 616 1540 673 l.
1602 627 1620 676 1
1681 613 1755 672 de

471 702 742 766 Triuiae.
764 711 797 766 5
818 721 874 766 n.
898 712 930 767 7
951 727 964 774 3
999 704 1102 763 sed
1122 704 1517 764 Ballerinii
1545 703 1754 763 nitun-

469 794 572 849 tur
619 791 684 850 in
728 791 1074 853 doctissima
1123 792 1265 857 diss.
1302 803 1337 858 2
1383 794 1455 854 de
1487 793 1756 854 doctrina

473 899 516 942 s.
572 880 823 941 Zenonis
888 901 1029 942 suae
1092 883 1183 942 ed.
1248 883 1569 961 praemissa
1616 902 1755 942 eum

471 970 543 1028 ab
559 970 775 1029 erroris
792 971 1025 1031 macula
1039 990 1298 1049 purgare
1316 970 1501 1055 (apud
1519 972 1579 1030 M
1590 972 1608 1029 i
1621 991 1711 1050 gn
1724 990 1756 1030 e

472 1058 568 1129 XI,
586 1070 620 1123 8
639 1071 656 1121 1
672 1092 746 1102 -
769 1071 790 1123 1
810 1071 843 1123 4
857 1055 943 1141 5).
960 1061 1533 1123 Praestantissimum
1549 1078 1752 1122 eorum

473 1148 795 1207 editionem
827 1153 1148 1210 currerunt
1178 1150 1391 1210 fratres
1422 1148 1754 1211 Balleri-

471 1238 601 1308 nii,
637 1237 899 1297 Veronae
940 1248 1139 1311 17393
1189 1259 1302 1301 rec.
1354 1259 1489 1300 cum
1534 1258 1755 1316 appen-

470 1327 600 1386 dice
631 1329 941 1404 Augustae
972 1328 1038 1387 V.
1083 1338 1245 1393 1758
1279 1330 1344 1391 in
1379 1340 1450 1400 43
1484 1329 1551 1389 in
1588 1329 1754 1388 Gal-

472 1416 687 1476 landi
764 1416 1039 1477 biblioth.
1119 1419 1184 1488 V,
1271 1428 1602 1487 105—58;
1695 1422 1756 1478 et

471 1506 723 1582 Migne
785 1506 847 1570 P.
910 1507 972 1566 L.
1035 1511 1077 1570 t.
1142 1507 1239 1578 xl,
1295 1518 1553 1571 9-760
1619 1526 1750 1567 cum

468 1596 758 1671 apparatu
787 1595 1085 1665 litei-arim
1136 1616 1347 1657 novam
1401 1615 1525 1656 can.
1559 1614 1752 1655 comes

470 1684 807 1744 Giuliari
858 1685 1122 1745 Veronae
1187 1695 1380 1755 18833
1450 1695 1614 1749 1900
1663 1686 1752 1743 ed.

469 1773 658 1833 altera
729 1791 861 1832 cum
923 1774 1377 1852 prolegomenis,
1440 1774 1750 1851 glossari0,

469 1862 628 1922 notis
663 1866 770 1922 etc.

566 2050 638 2102 12
651 2049 707 2102 3.
740 2039 1059 2116 Reliquum
1107 2045 1217 2111 est,
1269 2048 1341 2103 ut
1401 2041 1752 2102 celebriores

469 2128 649 2204 hujus
694 2128 927 2204 periodi
979 2150 1013 2189 a
1028 2149 1056 2190 s
1071 2149 1102 2189 c
1116 2150 1148 2189 e
1164 2136 1192 2188 t
1204 2151 1239 2191 a
1253 2150 1281 2190 s
1295 2131 1339 2208 ¹)
1392 2131 1600 2190 saltem
1647 2150 1749 2190 no-

468 2217 779 2277 minemus.
805 2219 860 2278 S.
879 2219 924 2278 P
938 2240 973 2279 a
987 2238 1018 2280 c
1032 2220 1071 2278 h
1087 2239 1122 2280 o
1139 2240 1195 2279 m
1212 2220 1292 2280 iu
1306 2239 1335 2279 s
1365 2219 1750 2279 tabennensis

468 2324 537 2365 ex
557 2306 751 2366 milite
782 2308 994 2385 gentili
1016 2309 1484 2369 Christianorum
1505 2310 1750 2368 caritate

467 2400 772 2472 permotus
804 2396 1176 2458 Christianus
1208 2397 1399 2459 factus
1441 2404 1503 2458 et
1547 2417 1748 2457 mona-

467 2485 614 2543 chus
647 2486 1173 2559 celebratissimus,
1226 2525 1254 2556 ,
1267 2487 1363 2547 vir
1393 2492 1517 2546 tem
1552 2487 1613 2546 in
1645 2488 1747 2545 do-

1301 165 1603 216 326—400.
1632 158 1869 213 Ascesis.
1897 157 2256 221 Pachomiu8‚

2968 176 3090 230 224

1810 343 2093 420 aequalis,
2116 345 2266 405 sorte
2289 347 2352 403 et
2370 345 2721 422 discipulus,
2747 344 2855 421 qui
2887 344 2951 405 in
2971 346 3094 405 suis

1811 434 2187 494 monasteriis
2248 435 2365 493 tria
2425 436 2843 495 monachorum
2908 435 3098 494 millia

1812 523 2122 598 reliquisse
2155 523 2456 587 scribitur.
2487 524 2845 584 commorari
2867 524 3097 583 solebat

1810 613 1874 672 in
1924 612 2049 672 Nili
2099 613 2302 672 insula
2348 613 2626 673 Tabenna
2685 614 2749 675 in
2799 613 3096 673 Thebaide

1811 699 1874 784 (†
1911 714 1964 764 9.
1997 702 2130 778 Maj.
2167 712 2311 773 346,
2351 703 2527 778 juxta
2568 702 2717 762 alios
2748 722 2798 763 a.
2839 712 2962 766 345
2999 696 3117 763 vel'

1816 790 1986 870 348).
2020 792 2336 867 Multiplex
2371 795 2646 867 superest
2690 792 2820 867 ejus
2867 792 3097 868 -requlae

1811 883 2076 941 recensio
2108 899 2321 957 graeca
2348 883 2411 939 et
2441 881 2770 957 aethiopica
2786 878 2850 960 ¹),
2902 881 3096 941 illam-

1813 989 1928 1045 que
1977 970 2161 1030 latine
2211 970 2397 1029 vertit
2444 988 2490 1027 s.
2550 970 3093 1046 Hieronymus,

1812 1061 1984 1135 cujus
2013 1057 2208 1118 versio
2242 1058 2661 1135 complectitur
2690 1060 2929 1137 regulas
2971 1069 3091 1123 194

1811 1143 1909 1233 (cf.
1945 1148 2202 1225 Migne
2233 1146 2296 1211 P.
2330 1148 2392 1211 L.
2411 1147 2620 1218 XXIII,
2648 1141 2940 1232 61—99)
2960 1166 3092 1208 cum

1812 1237 2167 1313 quibusdam
2232 1255 2278 1299 s,
2341 1237 2733 1297 Pachomii
2797 1238 3095 1310 epistolis,-

1810 1345 1946 1387 cum
1961 1326 2229 1404 longiore
2248 1327 2489 1403 regulae
2507 1326 2848 1387 recensione
2867 1344 3091 1404 graeca,

1810 1417 1874 1475 in
1923 1418 2170 1494 Migne
2220 1416 2282 1474 P.
2334 1416 2398 1473 G.
2450 1415 2564 1475 XL.
2620 1425 2944 1479 942—54.
3006 1448 3094 1460 —

1810 1506 2121 1568 Pachomio
2154 1503 2218 1562 in
2250 1523 2495 1564 munere
2510 1505 2757 1581 regendi
2777 1505 3093 1565 monachos

1809 1596 2084 1657 tabenses
2131 1593 2417 1654 successit
2461 1612 2506 1657 s.
2555 1593 2911 1653 Orsisius
2958 1591 3092 1675 (Or-

1809 1685 2043 1755 siesius,
2094 1682 2395 1753 Oresiesis,
2445 1681 2800 1763 Horsisius),
2850 1683 2986 1752 ,vir
3029 1684 3091 1742 in

1809 1869 1915 1922 sub
1942 1871 2066 1939 ejus
2093 1870 2321 1926 nomine
2339 1869 2510 1941 (inter
2526 1869 2835 1941 Ephraemi
2855 1886 2944 1941 op.
2965 1874 3003 1923 t.
3021 1871 3093 1935 ΙΙ)

1809 1956 1887 1994 cc.
1922 1947 1984 1998 19
2001 1950 2350 2011 paraenetica
2391 1960 2421 1996 e
2460 1958 2664 2012 graeco
2691 1957 2868 1995 versa.
2921 1941 3094 1995 Plura

1807 2011 1877 2064 de
1904 2013 1954 2101 ej
1966 2032 1988 2063 ι’
2003 2031 2028 2066 s
2054 2013 2207 2067 vitae
2226 2012 2528 2069 sanctitate
2549 2013 2724 2068 refert
2744 2012 2779 2066 S
2797 2030 2828 2066 o
2845 2030 2874 2066 c
2891 2031 2918 2065 r
2933 2030 2964 2066 a
2982 2016 3008 2066 t
3022 2029 3051 2066 e
3068 2032 3095 2067 s

1809 2082 1878 2135 H.
1906 2083 1967 2135 1⁴..
1995 2085 2090 2148 IV,
2120 2092 2203 2140 23.
2239 2120 2288 2125 -
2328 2085 2468 2139 Cum
2512 2086 2616 2139 hoc
2658 2084 2938 2139 confundi
2976 2099 3092 2139 non

1808 2154 1980 2208 debet
2017 2157 2066 2208 A
2084 2174 2139 2209 m
2158 2174 2214 2210 m
2230 2174 2262 2210 0
2279 2156 2354 2210 ni
2371 2174 2408 2210 u
2427 2174 2453 2209 s
2496 2156 2749 2221 eremita,
2789 2155 2927 2209 huic
2977 2156 3093 2209 fere

1807 2242 2067 2290 coaevus,
2119 2227 2222 2296 qui
2273 2227 2618 2282 Arianorum
2670 2226 3094 2298 persecutiones

1807 2298 1867 2351 fu
1914 2297 2035 2351 iens
2072 2298 2146 2353 ad
2185 2298 2450 2353 eremitas
2475 2298 2687 2353 montis
2713 2297 2876 2353 Sinai
2900 2298 3094 2352 confu-

1806 2367 1910 2493 gi.
1962 2368 2071 2425 Sed
2099 2387 2172 2424 eu
2212 2371 2366 2424 ferus
2405 2387 2803 2425 saracenorum
2849 2385 2987 2440 grex
3031 2368 3094 2423 in

1849 2457 1910 2497 os
1938 2440 2112 2494 irruit
2151 2442 2477 2510 multosque
2506 2440 2822 2495 trucidavit
2847 2450 2932 2497 25.
2961 2438 3092 2494 Dec.

1807 2513 1927 2569 373.
1965 2511 2288 2568 Periculum
2315 2513 2543 2584 elapsus
2570 2512 2863 2567 horridam
2892 2512 3094 2566 descri-

467 2574 650 2635 cendo
684 2595 860 2652 quam
892 2576 957 2635 in
990 2577 1162 2654 signa
1200 2576 1468 2638 faciendo
1514 2578 1749 2653 aposto·
1804 2584 1922 2654 psit
1982 2586 2390 2666 catastrophen
2454 2584 2659 2654 lingua
2719 2585 3094 2655 aegyptiaca:

467 2665 613 2723 licae
644 2666 870 2741 gratiae
902 2671 962 2725 et
993 2663 1278 2728 fundator
1316 2667 1573 2743 Aegypti
1619 2685 1748 2724 coe-

465 2753 800 2826 nobiorum,
865 2755 1110 2831 scripsit
1168 2756 1437 2832 regulam
1506 2755 1749 2830 utrique

466 2844 671 2919 generi
700 2845 1126 2904 monachorum
1169 2849 1386 2921 aptam,
1436 2864 1614 2920 quam
1646 2863 1748 2905 an-

466 2933 596 3008 gelo
613 2933 876 2993 dictante
906 2937 1246 3010 perceperat
1270 2931 1345 3012 (G
1361 2953 1392 2993 e
1407 2953 1448 2994 n
1464 2954 1505 2993 n
1522 2953 1555 2992 a
1572 2934 1607 2992 d
1624 2934 1645 2991 i
1661 2953 1702 2992 u
1720 2951 1746 2991 s

465 3022 539 3080 de
582 3023 690 3084 vir.
739 3023 824 3087 ill.
859 3041 906 3085 c.
945 3018 1069 3103 7).<
1132 3023 1285 3082 Hinc
1327 3024 1746 3082 monachorum

465 3110 773 3185 legislator
816 3112 1087 3170 habetur.
1150 3113 1291 3170 Fuit
1337 3130 1381 3170 s,
1434 3110 1746 3192 Antonii-⁴³)

465 3297 795 3352 lerinios
822 3298 1033 3353 fabulis
1060 3301 1268 3354 scatet:
1302 3300 1459 3353 ‘uxta
1486 3299 1748 3354 Bona(-

465 3386 494 3422 c
510 3370 587 3424 hi
648 3369 921 3439 temporis
964 3369 1132 3440 lapsu
1182 3389 1280 3425 mu
1308 3369 1355 3426 ti
1399 3369 1586 3424 liciter
1635 3369 1751 3424 fuit

466 3441 867 3510 interpolatus
936 3440 1081 3493 Eum
1131 3441 1305 3496 habes
1430 3443 1603 3511 igne
1655 3442 1750 3507 XI,

474 3518 766 3568 199-204.
819 3511 1058 3576 Quando
1104 3516 1295 3566 autem
1326 3513 1366 3566 C
1384 3531 1414 3566 0
1432 3531 1460 3566 r
1475 3529 1507 3566 0
1525 3531 1562 3566 n
1578 3529 1611 3566 a
1628 3515 1653 3565 t
1669 3532 1707 3567 u
1724 3532 1749 3568 s

465 3583 723 3636 floruerit
748 3582 919 3652 plane
946 3583 1244 3639 incertum.
1271 3584 1447 3639 Juxta
1473 3583 1616 3640 alios
1636 3585 1750 3638 fuit

463 3656 976 3724 contemporaneus
1002 3674 1043 3709 s.
1089 3656 1359 3724 praesuli,
1394 3656 1564 3724 juxta
1604 3655 1751 3711 alios

464 3724 693 3795 scripsit
718 3741 822 3778 sec.
855 3726 956 3779 VII
984 3727 1078 3780 vel
1106 3727 1254 3789 VIII,
1295 3726 1409 3780 imo
1438 3727 1584 3782 forte
1613 3744 1749 3782 non-

462 3796 574 3850 nisi
603 3813 709 3849 sec.
736 3797 866 3851 XIV
872 3845 883 3856 ,

543 3873 577 3938 ¹)
606 3866 711 3920 Per
756 3886 813 3922 se
857 3868 1043 3936 liquet
1083 3868 1172 3923 his
1212 3870 1590 3924 accensendos
1630 3886 1748 3924 esse

463 3940 872 4064 13353331153352
889 3944 1132 4066 ξ’ῗξῖῗέὶ
1148 3958 1328 4067 ιῖῗῗὶἰ.
1336 3940 1749 4067 Ρ“.“”Ῐι““ω“ἓέῗ

462 4082 663 4141 sium,
682 4083 1157 4154 s.(iregoriun1
1177 4100 1315 4146 naz..
1335 4055 1748 4154 s.Ephraem,

462 4171 503 4206 s.
532 4155 577 4205 A
600 4171 632 4204 n
653 4157 777 4208 ton
797 4154 943 4208 ium
972 4155 1044 4208 M.
1074 4158 1177 4208 etc.

538 4231 576 4286 ἓ)
605 4226 657 4278 S.
711 4225 951 4278 Antonii
1007 4225 1267 4294 aequalis
1317 4226 1433 4280 fuit
1482 4228 1531 4278 A
1548 4246 1603 4279 m
1622 4245 1677 4279 m
1695 4243 1749 4279 o·

1807 2672 1980 2723 quam
2007 2658 2393 2710 narrationem
2419 2656 2448 2708 J
2469 2674 2502 2712 o
2520 2674 2554 2709 a
2571 2674 2609 2709 n
2626 2675 2662 2708 n
2678 2672 2710 2710 e
2726 2674 2751 2708 s
2779 2656 3095 2710 monachus

1846 2743 2005 2780 raece
2048 2726 2237 2781 vertit.
2304 2727 2464 2781 Com
2486 2727 2814 2782 befisius
2877 2726 2936 2780 in
3001 2745 3092 2798 op.

1851 2798 2119 2852 lustrium
2148 2801 2299 2852 mart
2337 2816 2464 2853 rum
2504 2798 2638 2853 lecti
2680 2798 2964 2868 triumphi
2993 2797 3092 2851 Pa-

1805 2867 1959 2922 risiis
1990 2874 2126 2926 1660
2150 2869 2212 2924 in
2239 2878 2273 2925 8
2341 2870 2599 2924 istoriam
2625 2872 2688 2925 de
2705 2876 2968 2925 emisione
2987 2889 3092 2924 mo·

1803 2944 2097 2995 nae-horum
2124 2940 2340 2996 montis
2362 2941 2523 2996 Sinai
2563 2943 2622 2996 et
2648 2940 2864 2995 Raithu
2891 2957 3092 3010 graece

1804 3014 1864 3066 et
1889 3012 2066 3066 latine
2093 3012 2342 3066 exhibet.

1886 3086 1920 3165 ¹)
1950 3085 2032 3138 Cf.
2061 3083 2123 3137 E.
2151 3087 2200 3136 A
2217 3104 2271 3138 m
2290 3084 2447 3140 elin
2465 3100 2540 3138 ea
2559 3103 2595 3136 u
2624 3101 2741 3139 non
2768 3083 2891 3137 siue
2910 3099 3092 3154 grano

1805 3155 1941 3208 sahs
1966 3155 2376 3209 consulendus:
2405 3155 2590 3210 Etude
2629 3154 2953 3223 historique
2996 3172 3093 3207 sur

1805 3227 1885 3280 St.
1929 3226 2218 3280 Pakhome
2259 3229 2317 3279 et
2354 3228 2406 3281 le
2432 3225 2805 3282 cenobitisme
2845 3224 3099 3296 primitif

1804 3299 1947 3351 dans
1974 3298 2030 3351 la
2056 3297 2509 3368 flaute-Egypte,
2536 3298 2759 3369 d'apres
2784 3297 2867 3352 les
2893 3314 3092 3352 monu-

1805 3373 1991 3424 ments
2030 3373 2242 3439 coptes‚
2289 3369 2455 3424 Cairo
2506 3372 2641 3427 1887
2660 3390 2672 3429 ς
2725 3368 2975 3423 Histoire
3022 3368 3092 3422 de

1805 3444 1872 3496 st.
1901 3441 2191 3494 Pakhdme
2219 3443 2278 3494 et
2301 3441 2370 3495 de
2399 3457 2484 3495 ses
2504 3441 2956 3495 communautes.
2987 3439 3091 3492 Do·

1805 3517 2064 3566 cuments
2091 3515 2285 3583 coptes
2320 3515 2379 3567 et
2407 3515 2606 3567 arabes
2631 3511 2846 3566 inedita
2862 3511 3091 3581 publiea

1805 3588 1862 3637 et
1889 3583 2137 3637 traduits
2179 3599 2282 3654 par
2309 3584 2370 3636 E.
2400 3587 2466 3637 A.
2508 3583 2667 3638 Paris
2698 3591 2852 3640 1889.
2904 3582 3090 3636 Multa

1805 3671 2035 3722 quoque
2076 3655 2441 3725 reperiuntur
2479 3655 2552 3707 ad
2581 3655 2835 3724 Aegypti
2875 3657 3091 3707 ascet-as

1804 3743 1830 3780 s
1873 3726 2123 3780 ectantia
2185 3726 2245 3779 in
2309 3727 2442 3783 diss.
2493 3725 2747 3796 ejusdem
2810 3724 3092 3780 auctoris:

1865 3801 2168 3852 onuments
2214 3815 2358 3868 pour
2404 3797 2583 3852 servir
2627 3801 2660 3851 a
2702 3795 2981 3853 l'histoire
3021 3797 3090 3848 de

1806 3869 2070 3938 l'Egypte
2111 3869 2443 3923 chretienne
2486 3885 2561 3923 au
2611 3869 2726 3928 [Vc.
2773 3869 2862 3922 ve,
2905 3869 3006 3921 Vle
3034 3871 3093 3920 et

1805 3943 1932 3993 YHO
1960 3940 2172 4002 siecles,
2200 3944 2352 3994 texte
2378 3945 2545 4010 cepte
2572 3944 2678 3996 etc.
2706 3940 2767 3994 iu
2791 3938 3092 3993 Memoires

1805 4012 2032 4082 publiea
2072 4028 2176 4080 par
2219 4012 2302 4065 les
2347 4013 2624 4066 membres
2664 4011 2733 4065 de
2775 4013 2828 4064 la
2857 4010 3089 4064 mission

1804 4084 2050 4138 archeol.
2079 4083 2357 4154 franceise
2382 4100 2455 4137 au
2485 4082 2665 4144 Caii-e,
2707 4089 2746 4136 t.
2775 4083 2848 4135 IV
2879 4082 3013 4134 fasc.
3041 4086 3090 4142 2,

1807 4155 1965 4208 Paris
1986 4159 2138 4212 1895.
2168 4154 2208 4206 L
2224 4171 2258 4207 a
2274 4154 2310 4207 d
2328 4171 2357 4207 e
2377 4173 2412 4208 u
2430 4173 2459 4207 z
2476 4171 2504 4208 e
2533 4153 2720 4207 Etude
2742 4173 2839 4208 sur
2860 4154 2911 4207 lc
2930 4155 3092 4204 ceno·

1806 4225 2031 4279 bitisme
2053 4226 2407 4280 Pakhomien
2430 4225 2689 4295 pendant
2712 4228 2761 4281 le
2779 4226 2882 4278 ive
2904 4224 3091 4285 siecle,

463 4296 537 4349 ni
556 4314 592 4349 u
610 4313 651 4360 s,
694 4297 812 4364 qui·
840 4313 870 4349 e
911 4297 1135 4352 familia
1174 4296 1361 4351 nobili
1404 4303 1589 4360 natus,
1617 4297 1751 4351 licet
1807 4297 2065 4352 Louvain
2098 4305 2234 4352 1898
2253 4319 2264 4355 ;
2293 4301 2338 4350 G
2357 4315 2384 4349 r
2403 4304 2435 4348 ii
2455 4301 2479 4350 t
2495 4316 2522 4350 z
2540 4315 2593 4350 m
2611 4315 2645 4348 a
2666 4313 2695 4349 c
2714 4299 2751 4350 h
2768 4314 2796 4350 e
2813 4315 2840 4348 r
2881 4295 3089 4348 Pacho-

463 4366 828 4422 matrimonio
858 4368 1091 4436 ligatus,
1131 4368 1433 4422 asceticam
1474 4368 1643 4423 duxit
1670 4368 1749 4421 vi·
1805 4367 1954 4422 mins
1982 4368 2102 4422 und
2130 4368 2230 4421 das
2256 4369 2455 4422 alteste
2497 4367 2912 4428 Klosterleben,
2941 4363 3090 4419 Frei-

462 4442 597 4491 tam.
651 4443 792 4492 Cum
822 4440 1015 4494 uxoris
1043 4457 1320 4494 consensu
1347 4439 1498 4492 adiit
1526 4439 1748 4492 Nitriae
1806 4441 1951 4508 burg
2005 4446 2153 4496 1896.
2206 4439 2544 4492 Praesertim
2597 4440 2722 4493 Ple
2741 4458 2777 4491 n
2797 4440 2832 4491 k
2851 4457 2880 4491 e
2898 4456 2967 4491 rs
3028 4437 3087 4490 in

462 4509 745 4562 desertum
777 4511 1075 4579 factusque
1102 4515 1188 4564 est
1213 4510 1470 4579 quinque
1498 4511 1746 4566 millium
1803 4513 2071 4565 accurata
2112 4510 2244 4563 diss.
2272 4510 2549 4565 Katholik
2596 4517 2750 4566 1899.
2793 4512 2859 4567 ss,
2894 4519 2992 4566 145
3022 4526 3094 4562 ss.

464 4582 870 4635 monachorum
924 4585 1087 4652 pater
1136 4581 1472 4652 spiritualis.
1536 4583 1750 4649 quibus
1804 4582 1931 4634 Jam
1973 4581 2160 4634 Dion
2179 4600 2212 4648 y
2233 4581 2346 4634 siu
2367 4601 2390 4634 s
2426 4581 2685 4648 Exiguus
2715 4582 2892 4634 vitam
2921 4599 2962 4634 s.
2993 4581 3092 4633 Pa·

464 4651 709 4705 moriens
735 4654 887 4720 (aute
915 4671 965 4705 a.
993 4657 1117 4709 357»
1158 4653 1396 4720 reliquit
1428 4654 1627 4707 salutis
1653 4655 1747 4707 do·
1805 4654 2016 4706 chomii
2044 4670 2072 4706 e
2100 4669 2300 4718 graeco
2330 4653 2498 4706 vertit
2528 4654 2703 4723 (apud
2733 4653 2779 4705 R
2797 4650 3092 4719 osweyd

466 4727 746 4776 cumeum.
818 4724 1072 4776 Gerhard
1140 4725 1452 4778 Vossius
1516 4725 1749 4778 exhibet
1811 4724 1968 4776 Vitae
2001 4725 2102 4775 l’P.
2130 4725 2216 4776 ed.
2245 4731 2293 4777 2.
2325 4745 2374 4794 p.
2411 4731 2499 4779 111
2537 4729 2646 4777 δελ.
