3505 5161
463 208 585 262 303
1209 195 1508 246 401-431.
1536 190 1880 260 interpretes
1906 207 1947 247 s.
1973 189 2314 261 Scripturas.

2949 206 3075 261 304

461 376 936 451 Mopsuestenus,
969 375 1074 451 qui
1106 394 1215 434 sua
1243 379 1437 434 aetate
1474 376 1735 435 multum
1790 379 1923 455 ejus
1955 377 2144 454 gestis
2166 376 2617 453 episcopalibus,
2641 376 2745 435 sed
2769 376 2917 435 satis
2937 394 3074 434 con·

458 465 741 523 inclaruit
769 467 948 540 atque
979 465 1428 524 innumerorum
1460 465 1579 523 fuit
1596 483 1736 525 suc·
1792 469 1950 526 stare
1981 466 2237 537 videtur,
2287 484 2424 525 eum
2456 483 2577 524 non
2615 464 2804 525 fuisse
2836 483 3078 542 segnem

457 558 553 613 tor
611 571 887 630 operum:
951 553 1053 613 sed
1117 553 1377 613 nominis
1427 553 1737 613 celebritas
1790 557 1855 615 in
1886 555 2159 615 obeundo
2188 573 2434 614 munere
2449 554 2784 631 episcopali.
2819 554 2981 613 Obiit
3013 554 3078 611 in

457 642 711 702 maxime
741 647 879 719 post
909 642 1039 719 ejus
1071 646 1323 703 mortem
1372 643 1493 702 fuit
1523 645 1735 702 obscn-
1792 663 1933 721 pace
1964 644 2257 704 Ecclesiae
2292 652 2438 709 428.

458 736 601 791 rata.
662 732 851 792 Filius
883 736 1009 792 erat
1039 732 1296 792 divitum
1327 731 1737 809 nobiliumque

455 823 767 897 parentum
801 841 859 880 n.
891 840 939 881 c.
965 830 1087 885 350
1122 821 1487 884 Antiochiae.
1522 820 1737 881 Literis
1858 846 1861 850 “
1892 833 2034 886 167.
2066 822 2324 882 ‚Iuvenis
2360 832 2441 886 20
2476 842 2526 880 s.
2548 822 2924 881 concinnavit
2942 840 3079 898 pro-

458 911 912 970 humanioribus
944 928 1179 986 operam
1199 910 1365 970 dedit
1384 912 1497 969 sub
1517 911 1737 970 celebri
1794 912 1984 972 lixum
2052 914 2114 970 in
2207 913 2470 971 Psalmos
2561 912 3077 981 commentarium

455 998 703 1058 Libanio
732 1000 969 1059 rhetore
1001 1020 1134 1059 cum
1167 1000 1414 1072 Joanne,
1449 998 1736 1077 quipost÷
1795 1003 1967 1078 cujus
2041 1004 2373 1077 supersunt
2449 1001 2781 1078 ftegmenta
2871 1017 3079 1077 graeca

455 1086 698 1147 modum
744 1088 940 1148 dictus
987 1091 1081 1148 est
1119 1089 1735 1166 chrysostomus,
1796 1086 2080 1172 (Migne
2110 1090 2312 1165 LXVI,
2341 1085 2716 1172 647—696)
2737 1092 2799 1148 et
2817 1090 3078 1166 epitome

456 1177 627 1253 cujus
659 1177 1107 1237 hortationibus
1140 1181 1201 1237 et
1231 1179 1498 1254 exemplo
1531 1178 1739 1238 induc-
1796 1181 2022 1256 syriace
2033 1175 2102 1262 ¹).
2164 1179 2276 1238 Hic
2335 1183 2534 1238 temen
2594 1179 2922 1238 multorum
2985 1178 3078 1238 in-

454 1268 557 1325 tus
590 1269 701 1337 est,
744 1270 814 1325 ut
846 1285 910 1326 se
941 1267 1060 1326 Deo
1093 1271 1477 1338 consecraret,
1512 1270 1574 1326 et
1603 1285 1738 1327 cum
1795 1268 1987 1328 currit
2047 1268 2458 1328 offensionem:
2522 1287 2705 1343 quare
2765 1268 3080 1344 posteriori

456 1354 522 1415 in
551 1356 856 1431 proposito
887 1359 1175 1426 nutasset,
1207 1356 1281 1414 ad
1312 1357 1630 1434 pristinam
1647 1357 1737 1416 vi·-
1795 1360 1987 1417 aetate
2019 1357 2312 1416 nonnulla
2340 1356 2701 1416 retractavit.
2731 1357 2804 1416 In
2834 1357 3079 1415 univer-

456 1443 636 1503 vendi
668 1445 915 1503 formam
946 1445 1256 1504 asceticam
1289 1444 1527 1509 rediret.
1572 1446 1739 1505 Pres-
1795 1465 1921 1507 sam
1969 1465 2015 1506 s.
2063 1446 2429 1522 Scripturam
2478 1446 2718 1505 videtur
2759 1446 3079 1521 reliquisse

456 1532 642 1609 hyter·
680 1534 988 1593 ordinatus
1037 1537 1131 1594 est
1160 1554 1212 1597 a.
1248 1544 1374 1598 383
1421 1537 1483 1594 et
1530 1536 1739 1595 decen·-
1795 1535 2219 1596 commentaris
2249 1538 2313 1594 et
2341 1553 2551 1595 revera
2579 1535 2642 1595 in
2673 1553 2852 1610 qusm
2883 1536 3076 1611 pluri-

453 1621 624 1681 nium
655 1624 953 1701 transegit
982 1622 1332 1682 Antiochiae
1366 1622 1428 1681 in
1460 1623 1738 1701 regendis
1796 1643 1922 1684 mos
1963 1624 2176 1695 libro&
2225 1624 2299 1688 N.
2344 1624 2407 1682 Τ.
2452 1625 2821 1700 praesertim,
2873 1643 3079 1701 super-

455 1711 687 1782 scholis,
734 1712 1158 1789 impugnandis
1202 1713 1511 1771 haereticis
1543 1716 1605 1771 et
1634 1730 1737 1772 cu·
1796 1716 1942 1773 sunt
1971 1714 2317 1791 fragmenta,
2359 1716 2432 1773 ut
2462 1732 2533 1773 ex
2564 1712 2986 1773 commentario
3016 1716 3080 1772 in

453 1800 639 1859 rsnda
652 1801 983 1860 animarum
996 1802 1206 1863 salute.
1238 1802 1307 1860 In
1324 1802 1738 1878 Mopsuestiae,
1798 1805 2078 1873 Genesim,
2125 1820 2304 1879 quem
2350 1803 2559 1862 merito
2593 1803 2924 1862 Photius
2955 1802 3078 1866 cod.

456 1888 694 1949 Ciliciae
742 1889 928 1960 urbis,
981 1891 1205 1950 electus
1252 1893 1343 1949 est
1392 1891 1740 1966 episcopum
1801 1903 1878 1957 38
1917 1889 2200 1974 (Migne
2234 1892 2381 1962 0111,
2406 1902 2487 1955 69
2515 1890 2585 1969 s.)
2617 1891 2828 1967 carpit,
2863 1893 2928 1949 in
2946 1891 3077 1962 Job‚

455 1995 500 2037 c.
535 1998 582 2039 a.
620 1988 762 2042 392.
824 1980 1042 2038 Parum
1092 1979 1337 2055 quidem
1386 1980 1605 2039 scimus
1664 1979 1739 2037 de
1796 1982 1868 2041 de
1901 1999 2020 2057 quo
2053 1981 2091 2040 l.
2125 1980 2394 2057 alioquin
2444 1997 2565 2040 non
2596 1982 2746 2040 bene
2779 1981 2981 2050 sentit,
3016 1984 3080 2040 in

1800 2070 2177 2146 Matthaeum,
2272 2070 2498 2129 Lucam
2592 2073 2700 2132 etc.
2801 2064 3080 2152 (Migne

453 2183 567 2255 (Mi
583 2201 722 2254 gne
748 2184 809 2239 P.
837 2184 897 2238 L.
924 2184 1125 2249 XVIlI,
1147 2188 1340 2257 15-66)‚
1365 2201 1513 2253 quae
1530 2202 1739 2255 magno
1795 2160 2049 2230 LXVHI’
2089 2155 2488 2261 (53.3-968)
2535 2158 2778 2235 Integer
2807 2167 3081 2262 sulffemst'

458 2255 591 2309 usui
631 2256 869 2310 fuerunt
918 2256 979 2309 in
1006 2256 1214 2311 scholis
1264 2257 1739 2325 subsequentium
1796 2251 2254 2308 commentarius
2329 2250 2392 2307 in
2443 2249 2761 2324 prophetas
2828 2267 3078 2307 minores

457 2328 730 2381 aetatum.
758 2327 869 2382 Eas
895 2346 937 2381 s.
962 2329 1068 2381 Au
1140 2326 1446 2383 ustinus
1472 2328 1542 2381 de
1563 2328 1739 2387 doctr.
1799 2334 2031 2420 (graece
2063 2337 2316 2415 Mign0
2347 2337 2426 2400 ib·
2469 2333 2860 2421 105—632)‚
2892 2337 3072 2396 inffv,

456 2398 652 2451 christ.
680 2399 776 2462 Ill.
803 2405 1015 2456 30-37
1059 2399 1070 2410 ⁸
1123 2401 1309 2453 ustrat
1346 2399 1558 2453 debitis
1582 2416 1741 2470 prae·
1796 2446 1843 2486 3·
1878 2428 2129 2486 ‘'mmm-3
2155 2424 2417 2508 (syriace,
2460 2426 2550 2485 ed·
2582 2426 2806 2485 chabot
2835 2425 3076 2485 Parisiis

459 2468 686 2540 scriptis
712 2470 970 2525 cautelis.
1025 2468 1342 2541 „Exposuit
1366 2473 1424 2524 et
1449 2475 1741 2541 Apocalyp-
2083 2518 2094 2530 .
2385 2516 2397 2529 .
2861 2518 2873 2530 .

458 2544 542 2596 sin
568 2544 797 2598 Joamu's
813 2558 881 2597 ex
897 2541 1140 2614 integro,
1158 2539 1309 2596 nihil
1324 2541 1386 2596 in
1408 2557 1474 2596 ea
1495 2543 1742 2608 carnale,
1805 2527 1826 2578 ¹
1846 2512 2018 2599 897),
2071 2535 2133 2574 m
2183 2533 2269 2590 ‘P-
2318 2534 2575 2575 mmores
2618 2533 2665 2574 ⁸·
2697 2514 2873 2574 P‘Wh
2918 2510 2979 2597 (Ῑ
2995 2513 3078 2594 0),

457 2611 555 2665 sed
582 2615 770 2667 totum
795 2614 1138 2685 intellegens
1164 2613 1481 2684 spirituale.
1534 2616 1597 2668 In
1626 2631 1742 2682 qua
1800 2607 1904 2665 sed
1964 2605 2205 2665 nonnisi
2269 2605 2335 2664 in
2395 2606 2668 2664 versione
2729 2605 2918 2664 latins
2966 2623 3080 2667 sec.

459 2683 815 2754 expositione
866 2685 1016 2740 dixit
1062 2685 1383 2756 angelicam
1434 2685 1740 2740 stationem
1797 2700 1997 2755 tmen
2051 2696 2177 2771 jam
2229 2694 2344 2764 VI„
2410 2713 2589 2769 quam
2651 2694 2840 2754 edidit
2901 2694 2974 2752 H,
3010 2695 3078 2754 Β,

459 2771 665 2836 9⁰²⁹P¹²⁸
685 2773 819 2839 ‘³⁸⁸9-
847 2757 1004 2811 Mille
1030 2774 1259 2826 quoque
1277 2757 1741 2840 ann⁰¹⁰m.regni
1799 2785 1835 2844 S
1856 2788 2082 2844 wete:
2135 2784 2427 2843 Theodori
2456 2803 2547 2860 ep.
2578 2784 2988 2860 mopsuesteni
3018 2786 3083 2842 in

459 2844 519 2879 in
565 2829 715 2882 terra
752 2832 1041 2898 justorum
1088 2832 1218 2899 post
1268 2830 1742 2884 resurrectionem

457 2898 644 2952 futuri
671 2899 1055 2971 suspicionem
1081 2900 1248 2959 tulit:
1290 2915 1475 2968 neque
1509 2900 1653 2954 duas
1679 2900 1742 2954 in
1798 2875 2066 2975 ⁰P²⁹193⁰l⁰⁸
2127 2874 2175 2932 b·
2237 2872 2414 2975 P‘fuli
2474 2875 2885 2932 cmmmarli·
2958 2873 3083 2931 The

457 2985 625 3024 carne
651 2975 1009 3027 mortuorum
1033 2972 1474 3026 resurrectiones
1500 2973 1742 3034 futuras,
1798 2963 1950 3021 lstm
1981 2980 2219 3021 version
2244 2963 2394 3022 with
2412 2962 2516 3021 the
2537 2963 2715 3039 greck
2734 2961 3085 3038 fragments,

460 3058 634 3095 unam
666 3043 958 3112 justorum
998 3046 1057 3097 et
1094 3043 1334 3097 alteram
1378 3043 1742 3124 injustorum,
1799 3051 2149 3128 Cambridge
2207 3060 2640 3115 1880-1882
2693 3053 2739 3113 t,
2791 3060 2847 3113 2,
2907 3051 3084 3109 Illam

458 3112 556 3165 sed
584 3131 755 3169 unam
782 3116 841 3168 et
867 3114 1103 3170 insemel
1127 3114 1402 3176 omnium,
1435 3133 1496 3170 m
1521 3130 1637 3183 qua
1661 3130 1743 3167 re·

460 3188 699 3252 surgent
748 3185 918 3239 etiam
971 3184 1241 3249 abortivi,
1304 3185 1626 3250 deformati,
1672 3202 1743 3239 ne

460 3255 600 3323 quid
627 3256 870 3310 humani
895 3256 1120 3327 generis
1147 3256 1528 3311 deformatum
1549 3259 1607 3310 et
1625 3255 1744 3309 ani·

457 3329 677 3381 matum
703 3327 1026 3382 substantia
1042 3327 1306 3390 intereat,
1325 3328 1581 3381 ostendit
1598 3329 1737 3382 etc.“

459 3398 546 3449 Ita.
574 3397 1015 3452 Gennadius
1041 3417 1086 3451 c.
1119 3405 1201 3454 18.
1253 3399 1358 3452 Hic
1401 3401 1743 3454 commenta-

458 3467 595 3532 rius,
647 3486 761 3536 quo
814 3486 952 3523 usus
1002 3471 1088 3522 est
1137 3486 1180 3521 s.
1232 3469 1743 3539 Hieronymus,

460 3538 647 3609 periit,
675 3539 771 3593 sed
800 3540 916 3594 fere
942 3540 1261 3596 reconstrui
1287 3545 1478 3612 posset
1502 3558 1569 3595 ex
1598 3559 1743 3596 com-

1791 3142 1917 3217 jem
1993 3140 2262 3199 ediderat
2334 3141 2676 3200 lacunosum
2727 3139 2944 3198 Pitrs.
3017 3141 3085 3198 in

1800 3229 1998 3306 Spicil.
2033 3228 2271 3292 solesm.
2300 3229 2347 3298 Ι,
2374 3239 2579 3292 49-1
2596 3239 2675 3293 59
2712 3228 2826 3288 sub
2841 3229 3085 3288 nomine

1799 3319 2093 3377 Hilarii
2153 3318 2557 3395 pictaviensis.
2622 3317 2815 3376 Nimis
2861 3317 3084 3376 liberas

1800 3408 2076 3485 sequitur
2106 3407 2413 3483 opiniones
2424 3402 2496 3489 2),
2530 3407 2734 3483 plures
2767 3407 2829 3465 ll.
2851 3406 2917 3467 V.
2938 3406 3003 3466 Τ.
3023 3409 3088 3466 et

458 3609 753 3664 mentariis
768 3611 1147 3681 posteriorum
1166 3612 1525 3683 scriptorum,
1553 3612 1656 3681 qui
1675 3629 1742 3666 ex

458 3681 559 3735 illo
587 3699 690 3735 sua
716 3682 818 3735 irri
894 3687 1036 3738 runt
1059 3684 1482 3748 commentaria,
1512 3686 1580 3738 ut
1600 3684 1641 3737 P
1659 3702 1687 3736 r
1702 3685 1743 3738 i-

460 3753 756 3817 masius‚
869 3755 1018 3820 eda,
1058 3757 1325 3809 auctor
1372 3762 1437 3813 19
1479 3756 1632 3810 hom.
1680 3755 1745 3809 in

460 3824 867 3895 Apocalypsim
907 3824 1058 3881 inter
1098 3842 1271 3895 opera.
1310 3827 1507 3896 spuria
1546 3844 1589 3880 s.
1617 3828 1667 3882 A
1683 3846 1743 3880 u-

460 3912 553 4017 ἱιι
572 3913 598 3949 s
614 3896 634 3950 i
651 3896 673 3950 i
689 3914 726 3948 n
743 3897 764 3950 i
825 3897 882 3951 M
898 3896 919 3951 i
935 3917 973 3968 g
989 3916 1027 3951 n
1045 3915 1074 3951 e
1102 3897 1323 3961 XXXV,
1352 3901 1743 3969 2417—2452)‚

519 3970 714 4022 eatus
734 3969 803 4023 de
865 3969 1159 4024 ibanaetc.
1191 3968 1274 4023 Cf.
1297 3969 1744 4025 Hausleiter

460 4036 553 4091 die
592 4039 996 4094 Kommentare
1023 4041 1121 4094 des
1156 4040 1504 4106 Victorinus,
1545 4040 1744 4095 Ticho-

461 4108 593 4163 nius
632 4111 754 4165 und
795 4111 1178 4181 Hieronymus
1218 4129 1318 4165 zur
1359 4112 1744 4183 Apokalypse‚

461 4181 522 4234 in
548 4182 815 4237 Zeitschr.
842 4184 936 4237 fiir
961 4182 1169 4237 kirchl.
1189 4181 1606 4237 wissenschaft
1623 4183 1743 4238 und

459 4251 663 4311 kirchl.
686 4253 874 4310 Leben
897 4261 1049 4312 1886.
1068 4254 1191 4317 XII,
1208 4259 1311 4310 239
1333 4259 1519 4312 -257ς
1548 4255 1743 4310 Hahn

461 4324 1037 4393 Tychoniusstudien.
1051 4325 1161 4379 Ein
1172 4325 1405 4396 Beitrag
1416 4345 1461 4379 z.
1474 4325 1743 4380 Kirchen-

462 4395 583 4449 und
609 4396 694 4452 Do
738 4398 1059 4467 mengesch.
1085 4397 1184 4451 des
1200 4406 1250 4452 4.
1267 4396 1467 4451 Jahrh.
1495 4397 1556 4450 in
1573 4396 1617 4449 B
1636 4414 1667 4451 o
1684 4416 1744 4450 n-

461 4484 559 4521 we
577 4469 688 4523 tsc
783 4468 1025 4524 Studien
1065 4486 1166 4522 zur
1194 4467 1394 4524 Gesch.
1423 4468 1523 4522 der
1549 4468 1744 4523 Theol.

460 4538 581 4592 und
608 4538 816 4593 Kirche
842 4539 939 4593 VI.
966 4540 1105 4595 Heft
1130 4549 1178 4596 2.
1229 4538 1578 4611 Regularum
1631 4539 1744 4594 edi·

460 4609 673 4664 tionem
704 4614 1029 4666 accuratam
1067 4611 1227 4665 dedit
1252 4610 1312 4664 F.
1340 4610 1398 4665 C.
1425 4610 1471 4663 B
1490 4629 1526 4664 u
1544 4609 1745 4665 rkitt
1799 4610 1937 4665 oder

1254 4682 1557 4750 Tyconius‚
1586 4681 1743 4737 Carn-
1799 4683 1909 4736 den

462 4680 582 4735 The
626 4681 785 4737 Book
830 4683 896 4735 of
935 4683 1105 4736 Rules
1152 4682 1217 4736 of

1882 3617 1915 3683 ¹)
1943 3611 1988 3663 B
2004 3628 2038 3664 a
2053 3628 2082 3665 e
2101 3613 2126 3665 t
2139 3612 2178 3663 h
2196 3631 2234 3682 g
2249 3628 2280 3665 e
2294 3630 2334 3664 n
2361 3610 2572 3666 nititur
2598 3611 2831 3683 (Ztschr.
2860 3610 2952 3664 fur
2978 3612 3086 3665 alt·

1799 3685 1927 3736 test.
1953 3682 2302 3737 Wissensch.
2346 3689 2500 3746 1886,
2528 3685 2579 3755 2)
2621 3699 2688 3737 ex
2730 3682 2770 3738 C
2789 3700 2822 3738 o
2838 3700 2867 3736 r
2882 3682 2919 3735 d
2936 3698 2967 3736 e
2982 3699 3011 3733 r
3026 3683 3086 3736 ii

1799 3753 2154 3825 expositione
2188 3753 2295 3808 PP.
2346 3771 2680 3825 graecorum
2714 3754 2774 3808 in
2827 3753 3086 3809 Psalmos

1799 3827 2136 3907 fragmenta,
2188 3843 2335 3893 quae
2385 3825 2460 3880 ad
2486 3843 2617 3882 eum
2656 3828 2933 3897 spectant,
2975 3826 3085 3880 col·

1799 3897 2028 4040 hggrffi
2044 3969 2084 4022 h
2103 3985 2139 4020 n
2182 3967 2296 4024 KL.
2345 3977 2401 4024 11
2417 3975 2454 4031 ²,
2501 3972 2639 4025 1520
2658 3989 2669 4022 ε
2712 3967 2900 4051 ‘Scine-
2943 3969 3088 4022 Aus-

1799 4039 2019 4111 legung
2045 4055 2163 4093 war
2178 4057 2241 4093 in
2257 4041 2446 4095 vielen
2463 4039 2660 4095 Fallen
2676 4041 2945 4111 einseitig
2963 4039 3088 4093 und

1798 4110 1862 4164 in
1886 4110 2054 4166 ihren
2080 4111 2520 4180 Consequenzen
2568 4109 3086 4182 verhssngnissvoll.

1799 4182 1902 4236 Bei
1917 4183 2019 4237 der
2034 4182 2286 4253 Darlegu
2297 4201 2370 4254 ng
2385 4183 2483 4236 des
2498 4181 2883 4237 historischen
2899 4181 3088 4236 Wort-

1799 4253 1994 4308 sinnes
2019 4256 2288 4324 magnete
2309 4270 2369 4308 er
2388 4251 2616 4309 oftmals
2636 4254 2729 4307 die
2745 4254 2970 4308 direkte
2986 4253 3087 4306 Be-

1799 4324 2048 4396 ziehung
2061 4323 2494 4380 messianischer
2505 4324 2964 4397 Weissagungen
2984 4325 3094 4378 auf

1800 4395 2060 4451 Christus
2087 4397 2207 4451 und
2234 4395 2356 4450 sein
2383 4396 2558 4451 Reich
2586 4393 2705 4453 und
2730 4397 2977 4450 erklssrte
3004 4395 3086 4449 sie

1797 4467 2258 4524 ausschliesslich
2273 4484 2382 4522 von
2393 4467 2883 4538 geschichtlichen
2896 4465 3025 4521 Erei
3069 4499 3086 4508 ·

1799 4538 1989 4594 nissen
2031 4540 2151 4593 und
2192 4538 2718 4594 Persbnlichkeiten
2768 4539 2869 4593 des
2911 4539 2978 4592 A.
3022 4486 3086 4592 ’ᾗ

2031 4613 2065 4665 b
2079 4628 2190 4664 nur
2208 4611 2302 4664 die
2324 4610 2611 4665 indirekte
2632 4610 2963 4680 Beziehung
2983 4611 3092 4664 auf

1995 4720 2009 4736 .
2036 4681 2204 4736 Bund
2245 4681 2364 4735 und
2404 4682 2507 4736 das
2547 4681 2951 4738 Himmelreich
2996 4699 3085 4745 zu,

464 4750 665 4823 bridge
696 4759 847 4808 1894.
876 4752 959 4810 Cf.
987 4753 1035 4806 K
1054 4754 1127 4808 ih
1145 4772 1184 4807 n
1209 4752 1321 4807 KL.
1343 4754 1464 4820 XII,
1497 4760 1742 4811 153-156.
1798 4753 1992 4808 indem
2023 4770 2084 4807 er
2099 4753 2178 4807 sie
2205 4753 2283 4808 im
2300 4753 2602 4825 typischen
2618 4753 2792 4809 Sinne
2823 4753 3085 4815 erklssrtffi
