3505 5161
388 226 511 281 985

1441 210 1683 280 Symeon
1702 209 1922 281 junior.

2882 225 3011 279 986

390 405 466 459 86
479 405 686 459 7—89
699 391 785 477 0).
805 429 893 439 -—-
914 397 1183 473 Eloyium
1200 398 1508 457 metricum
1529 415 1665 474 pro·
1721 396 2022 473 relegatus
2068 399 2158 455 est
2188 397 2252 455 in
2284 396 2478 455 locum
2512 413 2697 471 prope
2730 395 2851 465 CP„
2898 394 3004 452 ubi

386 485 574 544 lixum
637 503 681 544 s.
727 487 1009 562 martyris
1073 487 1555 560 Panteleemonis‚
1605 488 1665 545 in
1724 485 1944 544 etobiit
1960 496 1983 547 1
2002 495 2082 547 04
2099 497 2190 549 1-1
2210 496 2352 548 042.
2368 484 2634 559 Reliquit
2643 484 2820 559 plura
2830 501 3017 559 opera·

387 575 445 631 M
461 574 481 632 i
497 594 536 651 g
552 593 591 632 n
609 592 642 632 e
673 573 810 645 CVI,
848 585 972 639 889
989 609 1058 619 -
1070 586 1103 638 9
1115 588 1149 639 Ο
1161 585 1194 638 2
1231 594 1519 646 mancum,
1573 576 1664 633 in·
1722 574 1844 633 fere
1863 573 2089 632 inedita
2098 571 2169 656 2),
2186 594 2443 651 quorum
2461 574 2647 632 latine
2662 572 2864 648 aliqua
2880 572 3004 631 edi·

387 669 622 740 tegrum
654 663 719 721 in
750 664 813 721 L.
835 664 873 722 S
889 666 917 721 t
931 684 962 722 e
977 684 1008 722 r
1025 684 1066 723 n
1083 664 1122 723 b
1138 684 1172 723 a
1186 684 1215 723 c
1233 666 1268 724 h
1298 665 1441 724 diss.
1462 665 1667 723 classis
1724 663 1815 721 dit
1875 664 1923 721 P
1937 681 1971 722 o
1986 682 2027 721 n
2043 665 2071 721 t
2086 682 2173 722 an
2190 684 2231 722 u
2249 683 2276 723 s
2294 708 2308 733 ,
2371 662 2729 737 lngolstadii
2796 673 2822 724 1
2840 672 2964 725 6113
2989 682 3008 731 ;

386 753 669 829 philolog.
716 753 1050 813 academiae
1114 754 1405 813 literariae
1467 772 1665 812 craco-

386 842 614 900 viensis
661 841 791 899 XVI
835 838 1082 923 (1892),
1135 852 1481 907 218--303
1531 861 1663 900 cum

387 934 677 1007 apparatu
708 931 930 999 criticO,
978 933 1399 991 commentario
1442 936 1502 990 et
1533 951 1665 990 ver-

387 1020 597 1078 borum
613 1019 824 1088 indice,
848 1020 937 1080 ed.
957 1021 1235 1081 omnibus
1268 1022 1532 1081 numeris
1566 1021 1666 1080 ab·

352 1134 359 1139 ·
389 1109 602 1179 soluta,
652 1109 1102 1187 Epiqrammata
1132 1111 1296 1169 varia
1326 1110 1666 1188 argumenti

390 1197 555 1270 sacri,
606 1198 892 1267 historici,
957 1200 1357 1276 mythologici‚
1419 1218 1665 1277 geogra-

391 1287 545 1362 phici
577 1291 688 1346 etc.
710 1287 1006 1359 CLXXIII,
1041 1308 1190 1365 quae
1222 1290 1380 1347 inter
1410 1288 1669 1348 auctoris

391 1376 613 1452 scripta
660 1377 942 1448 eminent,
1006 1379 1095 1437 ed.
1159 1398 1193 1436 a
1241 1379 1545 1449 Cramer
1605 1377 1669 1436 in

392 1467 608 1524 Anecd.
641 1467 868 1543 graecis
901 1486 933 1525 e
964 1467 1130 1526 codd.
1163 1467 1338 1543 paris.
1369 1467 1469 1539 IV,
1513 1476 1666 1529 265-

394 1563 541 1625 366,
592 1554 831 1614 Parisiis
874 1565 1027 1619 1841
1078 1574 1212 1614 cum
1242 1555 1498 1614 aliorum
1530 1574 1665 1613 auc-

391 1648 593 1703 torum
624 1644 1140 1721 epigrammaticiS‚
1174 1646 1262 1703 ed.
1288 1664 1481 1720 neque
1513 1663 1668 1702 com-

393 1734 568 1809 pleta,
621 1752 813 1808 neque
865 1733 1008 1792 satis
1057 1736 1357 1803 accurata;
1419 1734 1671 1810 Migne

1722 752 1861 811 inde
1895 752 2144 829 Migne
2188 754 2251 816 P.
2284 754 2348 811 G.
2382 752 2543 819 CXX,
2593 760 3005 815 671—-1008,

1722 842 1806 900 Ea
1827 845 1971 900 sunt
1993 845 2282 901 orationes
2299 838 2562 901 XXXII
2563 841 2603 898 I
2602 863 2628 915 ;
2659 841 3016 899 Divinorum

1724 949 1991 989 amorum
2038 931 2163 989 sive
2210 950 2511 990 sacrarum
2558 929 3005 989 commentatio-

1722 1040 1870 1079 num
1900 1020 1939 1084 l.
1986 1020 2334 1097 singularis;
2392 1019 2600 1095 Capita
2643 1018 2903 1095 practica
2948 1022 3016 1077 et

1724 1109 2057 1186 theologica
2087 1110 2267 1181 CLII;
2306 1112 2375 1168 de
2406 1108 2846 1168 alterationibus
2876 1110 3008 1166 ani-

1724 1218 1851 1257 mae
1882 1207 1932 1256 et
1962 1202 2242 1275 corporis,
2276 1218 2429 1275 quae
2461 1218 2530 1258 ex
2550 1197 2836 1256 varietate
2859 1196 3003 1256 coeli

1724 1292 1832 1346 aut
1881 1288 2049 1358 aeris,
2116 1308 2389 1365 quaeque
2439 1308 2508 1347 ex
2558 1286 2887 1358 elementis,
2936 1305 3008 1345 ex

1724 1376 1893 1447 cibis,
1940 1377 2242 1436 interdum
2280 1379 2458 1437 etiam
2503 1397 2572 1436 ex
2618 1375 3006 1434 daemonibus

1725 1467 2010 1525 exsistere
2057 1466 2121 1525 in
2168 1467 2339 1526 nobis
2388 1468 2596 1529 solent.
2671 1465 2829 1523 Haec
2874 1466 3007 1539 ejus

1727 1555 1950 1630 scripta
1985 1554 2274 1630 pietatem
2320 1556 2561 1632 quidem
2608 1554 2854 1631 spirant,
2904 1553 3009 1612 sed

1725 1648 2048 1702 occurrunt
2098 1645 2384 1719 quaedam
2436 1644 2780 1703 duriuscule
2831 1644 3010 1712 dicta,

1725 1752 1876 1807 quae
1907 1734 2050 1793 lima
2072 1734 2287 1809 judicii
2331 1734 2634 1811 indigent:
2682 1733 2821 1790 hinc
2850 1733 3008 1790 Pon-

393 1822 534 1894 cvl,
571 1831 996 1893 901—10023
1044 1842 1250 1882 eorum
1280 1827 1512 1899 partem
1543 1822 1667 1880 edi·
1724 1826 1902 1880 tanus
1934 1842 2004 1882 ea
2036 1841 2144 1881 sua
2173 1824 2668 1900 interpretatione
2701 1821 3020 1880 eliminare

393 1912 483 1969 dit
539 1912 602 1970 Ε.
662 1911 971 1988 Cougny
1034 1912 1098 1970 in
1160 1913 1670 1989 Epigrammatum

395 2000 750 2079 Anthologia
782 2002 1060 2077 palatina,
1094 2001 1260 2059 Paris
1289 2011 1453 2066 1890
1489 2004 1533 2060 t.
1567 2001 1669 2059 111.

400 2089 729 2164 Supersunt
758 2095 819 2149 et
838 2089 1059 2166 scripta
1080 2090 1361 2165 prosaica,
1395 2110 1427 2150 e
1447 2091 1669 2166 quibus

402 2177 571 2252 plura
604 2179 792 2237 adhuc
825 2184 968 2237 sunt
997 2179 1240 2240 inedita.
1305 2181 1483 2238 Deest
1496 2176 1543 2260 ι)
1578 2197 1671 2237 ac-

401 2271 598 2326 curata
640 2272 702 2327 et
731 2268 935 2326 critica
966 2287 1213 2341 operum
1246 2270 1512 2328 omnium
1547 2268 1669 2326 edi·

400 2356 509 2426 tio;
543 2358 770 2433 aliquot
788 2357 1030 2433 collegit
1059 2358 1153 2416 Mi
1168 2377 1265 2434 gn
1281 2376 1312 2415 e
1334 2357 1473 2427 CVI,
1513 2367 1670 2422 805-

409 2457 429 2508 1
447 2454 590 2509 002.

486 2634 629 2687 552.
665 2624 702 2682 S
718 2645 831 2700 ym
849 2644 879 2683 e
895 2643 987 2685 on
1017 2625 1214 2684 dictus
1236 2627 1546 2702 theologus
1574 2627 1670 2700 ju-

393 2713 541 2783 nior,
576 2716 647 2772 ut
678 2733 711 2772 a
731 2713 1010 2791 Gregorio
1049 2733 1170 2772 naz.
1202 2715 1675 2790 distingueretur

395 2803 489 2860 vel
540 2822 576 2859 a
621 2801 908 2878 Symeone
950 2803 1170 2879 Stylita
1206 2804 1464 2878 Juniore,
1498 2806 1675 2861 natus

395 2895 487 2949 est
515 2891 676 2948 intra
704 2911 754 2950 a.
779 2902 855 2954 96
869 2902 1124 2955 3--969
1160 2892 1223 2949 iu
1259 2892 1676 2969 Paphlagonia.

1727 1911 1964 1973 nititur.
2034 1910 2161 1971 Imo
2193 1932 2227 1972 a
2256 1914 2614 1971 nonnemine
2644 1911 2776 1970 fons
2809 1928 3007 1968 cense-

1726 2003 1830 2058 tur
1890 2005 1951 2059 et
2012 2002 2179 2078 origo
2240 2020 2507 2060 errorum
2567 2000 3005 2068 Palamitarum‚

1729 2089 2274 2166 Hesychiastarum,
2307 2090 2812 2157 Massalianorum‚
2860 2105 3008 2164 quos

1727 2197 1797 2236 ex
1830 2178 1962 2253 ipso
1993 2198 2204 2255 parum
2237 2181 2395 2239 cauti
2427 2179 2750 2240 hauserint.
2812 2178 3010 2254 Ipsius

1729 2287 1966 2343 quoque
2041 2272 2135 2327 est
2218 2270 2438 2329 famosa
2517 2271 2586 2328 de
2661 2269 3014 2342 confessione

1728 2358 1981 2433 epistola
2041 2358 2197 2418 inter
2266 2378 2443 2434 opera
2510 2360 2604 2421 Jo.
2665 2355 3009 2417 Damasceni

1729 2446 1907 2516 edita,
1953 2447 2017 2504 in
2066 2466 2184 2522 qua
2234 2449 2536 2519 asseritur,
2599 2448 2830 2506 licitum
2882 2464 3009 2505 esse

1729 2535 2035 2595 monachis
2092 2537 2486 2597 confessiones
2547 2538 2834 2612 excipere,
2898 2534 3013 2595 etsi

1731 2626 2065 2701 presbyteri
2097 2644 2216 2685 non
2249 2626 2389 2698 sint,
2438 2646 2569 2686 cum
2612 2629 2874 2702 potestas
2919 2644 3010 2682 re-

1732 2714 2012 2773 mittendi
2031 2719 2270 2790 peccata
2287 2734 2407 2774 non
2436 2716 2516 2774 sit
2537 2716 2780 2791 alligata
2799 2713 3018 2781 ordini,

1732 2804 1833 2861 sed
1867 2803 2154 2880 dignitati
2189 2804 2484 2878 personali
2527 2822 2633 2863 seu
2675 2802 3012 2862 charismati

1734 2892 2051 2967 spirituali,
2099 2912 2216 2968 quo
2261 2893 2515 2968 praediti
2550 2897 2694 2951 sunt
2725 2892 3013 2951 monachi.

397 2979 620 3038 Relicta
664 2981 815 3051 aula,
866 2982 931 3039 in
981 3000 1101 3056 qua
1148 2999 1391 3040 munere
1431 2981 1675 3039 functus
1732 2981 1868 3039 Alia
1911 2982 2177 3056 ejusdem
2225 2982 2443 3056 scripta
2481 2982 2746 3040 nondum
2780 2980 3018 3057 prodie-

396 3071 539 3140 erat,
562 3068 868 3146 ingressus
888 3076 982 3130 est
1000 3070 1229 3129 celebre
1248 3070 1674 3130 monasterium
1730 3074 1894 3142 runt,
1928 3070 1991 3128 in
2023 3071 2243 3146 quibus
2271 3071 2493 3129 semina
2511 3071 2776 3146 ejusdem
2799 3070 3016 3129 erroris

399 3157 648 3216 Studion
681 3159 904 3217 dictum
927 3154 1291 3241 (988-991),
1325 3159 1483 3218 unde
1515 3162 1678 3218 tran·
1732 3159 2116 3235 reperiuntur
2160 3163 2220 3219 et
2263 3164 2644 3236 exaggeratas
2691 3160 2763 3218 de
2809 3177 3017 3218 mona-

399 3246 504 3305 siit
551 3247 615 3305 in
665 3249 1016 3307 coenobium
1081 3267 1124 3308 s,
1176 3249 1515 3319 MamantiS,
1580 3248 1677 3307 cui
1734 3248 1859 3306 chis
1892 3249 2203 3324 opiniones
2220 3246 2285 3329 ¹).

398 3336 661 3411 praefuit
704 3337 1063 3414 hegumenos
1125 3337 1419 3413 dignitate
1478 3358 1527 3398 a.
1594 3347 1670 3400 25

399 3421 1038 3508 (993l4—1018l19),
1090 3430 1150 3485 et
1193 3427 1352 3501 quod
1398 3427 1469 3484 ad
1515 3446 1678 3502 mag-

399 3534 543 3574 num
562 3515 844 3591 perduxit,
863 3517 1080 3585 florem,
1106 3515 1208 3573 sed
1228 3515 1303 3574 ob
1323 3515 1676 3586 conflictum,
1734 3510 2074 3576 Sylneonum
2107 3509 2351 3578 scriptis,
2381 3508 2614 3561 Parisiis
2646 3515 2781 3564 1664
2806 3526 2861 3576 p.
2896 3514 3014 3561 151·

401 3623 579 3679 quem
625 3605 836 3664 habuit
885 3623 1019 3663 cum
1070 3605 1363 3679 Stephano
1411 3604 1679 3680 syncello
1742 3585 1841 3687 1718
1867 3581 2047 3633 nostri
2076 3579 2371 3647 Symeonis
2398 3597 2570 3661 opera
2597 3583 2666 3636 79
2692 3581 2961 3632 recenset.

1833 3654 1850 3716 l
1881 3650 1962 3704 Cf.
1990 3650 2055 3703 K.
2086 3652 2135 3704 H
2154 3669 2184 3704 ο
2203 3652 2260 3705 ll
2302 3651 2740 3704 Enthusrasmus
2767 3669 2822 3703 u.
2851 3649 3015 3702 Buss-

1735 3723 1948 3788 gewalt
1989 3722 2139 3775 beim
2184 3722 2579 3792 griechischen
2625 3722 3016 3776 Mouchthum.

482 3798 517 3864 ¹)
544 3793 625 3848 Cf.
649 3793 692 3846 E
708 3794 746 3846 h
763 3810 790 3847 r
805 3793 885 3845 ha
899 3793 973 3845 rd
1000 3793 1155 3860 apud
1174 3792 1221 3844 K
1239 3810 1267 3845 r
1284 3809 1319 3845 u
1338 3811 1391 3845 m
1412 3792 1447 3844 b
1463 3809 1496 3844 a
1511 3809 1540 3845 c
1556 3792 1595 3844 h
1614 3808 1681 3844 er
1739 3791 1878 3845 Eine
1908 3792 2106 3846 Studia
2133 3812 2202 3846 zu
2223 3795 2464 3861 Symeon
2486 3794 2613 3847 dem
2637 3810 2820 3847 neuen
2841 3792 3017 3845 Theo·

408 3862 476 3917 de
501 3882 588 3935 op.
636 3864 974 3932 theologicis
1019 3882 1072 3933 p.
1107 3870 1204 3920 169
1251 3883 1304 3916 n.
1333 3874 1382 3926 4,
1428 3866 1485 3917 et
1530 3863 1680 3918 hunc
1736 3864 1925 3933 logen.
1967 3863 2200 3934 Leipzig
2233 3870 2382 3928 1898,
2429 3882 2571 3934 opus
2601 3882 2729 3918 vere
2764 3865 3016 3926 doctum,

407 3934 591 4004 ipsum
636 3937 704 3989 de
751 3933 989 4004 reliquis
1032 3952 1122 4004 op.
1152 3955 1204 4004 p.
1232 3938 1533 3998 731-737,
1579 3934 1681 4002 qui
1735 3935 1842 3987 etsi
1865 3952 1977 3988 non
1996 3935 2187 3988 omnia
2213 3939 2349 3989 sunt
2373 3937 2694 4006 probanda:
2723 3935 2791 3988 de
2815 3952 2928 4002 qua
2946 3936 3016 3987 cf.

406 4023 533 4059 eum
560 4007 771 4078 passim
797 4007 998 4060 laudat
1024 4010 1197 4074 atque
1225 4007 1293 4059 de
1321 4023 1385 4059 eo
1414 4009 1679 4058 testatur:
1738 4005 1839 4058 Ph.
1881 4007 2069 4074 Meyer
2111 4008 2261 4061 Gott.
2303 4010 2410 4076 gel.
2448 4007 2738 4060 Anzeioen
2789 4012 2926 4062 1898
2961 4027 3015 4075 p.

403 4077 490 4132 Jo.
519 4078 845 4132 Geometres
888 4079 1092 4148 gehort
1134 4079 1218 4131 ale
1260 4077 1491 4130 Dichter
1533 4077 1679 4131 ohne
1736 4083 2049 4138 844-87oz
2097 4078 2436 4132 Ehrhard
2480 4078 2591 4130 KL.
2629 4053 2735 4138 ‘XL
2779 4080 2915 4132 1070
2943 4094 3014 4136 a.;

404 4149 632 4203 Zweifel
672 4167 740 4202 zu
783 4150 891 4202 den
929 4148 1360 4203 erfreulichsten
1390 4149 1678 4201 Gestalten
1735 4148 2202 4204 Krumbacher
2233 4149 2432 4203 Gcsch.
2463 4149 2562 4203 der
2592 4151 2711 4216 byz.
2733 4149 2841 4201 Lit.
2871 4148 2956 4200 ed.
2985 4154 3018 4201 2

403 4221 505 4274 der
530 4220 1000 4288 byzantinischen
1030 4220 1331 4273 Literatur.
1378 4219 1490 4271 Das
1518 4219 1680 4272 Beate

1736 4239 1791 4290 p.
1826 4228 2117 4284 152—154,
2145 4221 2247 4289 qui
2274 4238 2403 4274 euin
2425 4224 2502 4290 get
2523 4220 2645 4273 Nic.
2669 4219 3016 4289 Kabasilam)

404 4291 651 4345 erreicht
675 4308 751 4354 er,
778 4309 865 4345 wo
888 4307 947 4344 er
964 4291 1348 4345 selbsterlebte
1368 4291 1679 4359 geschicht-
1739 4292 2000 4345 maximis
2028 4292 2292 4346 ecclesiae
2319 4308 2554 4361 graecae
2591 4290 2872 4359 theologis
2900 4308 3017 4358 my-

402 4363 553 4417 liche
582 4362 900 4432 Vorgange‚
941 4362 1221 4416 Zustttnde
1268 4362 1385 4415 und
1414 4361 1680 4415 seclische
1741 4363 1898 4416 sticis
1939 4367 2209 4417 accenset.
2273 4366 2436 4417 Vitam
2468 4362 2760 4431 Symeonis
2789 4360 3019 4429 scripsit

404 4435 807 4503 Stimmungen
834 4434 1108 4487 schildert
1132 4438 1236 4487 etc.
1742 4434 1972 4488 Nicetas
2000 4435 2033 4488 S
2054 4439 2120 4488 te
2137 4438 2163 4488 t
2178 4436 2215 4488 h
2231 4439 2394 4496 atOS,
2425 4451 2571 4502 quae
2589 4435 2842 4487 nondum
2861 4432 3018 4485 edita

480 4509 521 4576 2)
551 4505 662 4558 Leo
704 4505 873 4558 Alla
893 4506 950 4559 ti
971 4525 1003 4558 ιι
1028 4523 1052 4558 s
1093 4505 1154 4558 in
1195 4522 1297 4558 sua
1337 4504 1585 4557 diatriba
1613 4503 1681 4558 de
1744 4507 1893 4576 typis
1920 4507 2150 4560 omnino
2179 4510 2322 4560 esset
2348 4506 2540 4576 digna.
