3505 5161
470 208 551 260 10
572 209 585 258 1
606 208 639 259 5
1068 194 1198 245 1051
1212 190 1433 245 —107;›.
1459 188 1783 259 Stephanus
1812 188 1964 242 card.
1990 188 2096 243 Asc
2109 188 2244 242 stae.
2270 186 2464 251 offilo,
2919 206 3028 257 101
3048 204 3084 255 6

464 376 788 435 stet-iorum
809 374 1094 435 dioecesis
1114 373 1524 434 lemovicensis
1539 371 1605 455 ¹).
1636 375 1745 433 Ex·
1807 374 2192 443 secularibus,
2225 375 2320 433 his
2352 373 2491 433 dein
2522 375 2777 450 rejectis,
2816 372 3086 433 ecclesia-

460 469 588 525 stat
632 483 871 540 quoque
920 465 1048 541 ejus
1098 482 1189 539 ep.
1239 462 1313 522 ad
1357 463 1746 523 Benedictum
1805 464 1988 534 sticiS,
2021 464 2348 539 plurimum
2372 463 2537 522 iniis
2557 463 2823 539 profecit.
2873 463 2942 520 In
2964 481 3086 520 mo·

470 554 623 612 VIII.
669 561 872 613 contra
920 555 1305 627 apostolatum
1348 572 1393 616 s.
1430 553 1745 629 Martialis,
1805 553 2064 619 nasterio
2115 571 2162 611 s.
2218 553 2632 612 Emmerammi
2695 550 3093 611 ratisbonensi

463 662 647 718 quem
669 643 907 719 quidem
932 647 1131 702 censet
1149 641 1336 701 fuisse
1355 661 1545 703 unum
1565 662 1596 701 e
1617 661 1749 719 sep·
1805 642 1990 702 vitam
2034 641 2337 719 professus
2383 647 2477 701 est
2529 650 2692 706 1032
2727 641 3091 719 religiosam,

462 822 690 880 Gallias
724 823 974 881 missum
1008 819 1286 902 (Migne
1309 820 1494 891 CXLI,
1526 816 1750 902 1158):
1808 822 1971 880 Circa
2001 841 2050 879 a.
2087 830 2249 884 1055
2287 820 2545 879 decanus
2577 821 2671 878 est
2701 819 3098 879 constitutus,

472 911 566 969 cui
597 910 907 988 respondit
926 909 966 968 J
967 927 1188 968 oannes
1208 909 1357 971 XIX.
1382 927 1473 985 ep.
1503 920 1599 981 15,
1634 929 1754 985 qua
1807 909 1920 969 Sed
1940 928 2076 968 cum
2095 910 2522 969 monasterium
2542 909 2615 967 ab
2636 908 2927 985 episcopis
2945 908 3100 967 Ger-

464 1020 514 1059 s.
548 1000 877 1058 Martialem
908 998 1193 1075 apostolis
1225 999 1437 1058 :nerito
1477 1016 1607 1058 esse
1647 1018 1750 1057 an·
1807 999 1990 1058 hardo
2035 1003 2096 1058 et
2136 998 2354 1058 Ottone
2386 1016 2738 1075 oppressum
2769 1016 2949 1073 seque
2981 998 3100 1056 Ot-

468 1087 908 1147 numerandum
926 1089 1157 1151 statuit.
1180 1116 1265 1130 —-
1287 1088 1491 1147 Decem
1507 1107 1754 1147 canones
1808 1088 1939 1148 toni
1972 1088 2107 1147 odio
2138 1106 2266 1147 esse
2309 1087 2557 1157 videret,
2603 1107 2653 1146 a.
2694 1095 2858 1151 1062
2893 1087 3102 1145 Ratis-

466 1178 535 1236 in
582 1195 740 1236 conc.
771 1177 1086 1237 turonensi
1115 1196 1167 1240 a.
1210 1187 1370 1241 1060
1406 1178 1751 1254 promulga-
1809 1179 2024 1237 bonam
2054 1177 2303 1252 reliquit
2333 1180 2514 1252 atque
2544 1175 2791 1237 Fuldam
2832 1176 3102 1235 secessit.

471 1267 561 1325 vit
592 1261 769 1348 (quos
788 1264 1469 1337 cf.MansiXIX,925;
1502 1267 1755 1344 Migne
1813 1267 2141 1343 Revocatus
2191 1285 2225 1324 a
2269 1265 2578 1325 sodalibus
2623 1264 2805 1325 rediit
2848 1264 3105 1323 demum

472 1350 1083 1439 P.L.CXL111‚1409)
1108 1356 1754 1432 stephanusquon-
1809 1355 2190 1414 Ratisbonam
2224 1373 2270 1416 c.
2313 1364 2473 1419 1067
2509 1355 2606 1414 vel
2643 1364 2828 1419 1068.
2874 1354 2969 1412 Ibi
2999 1373 3105 1412 re-

465 1447 608 1505 ·dam
642 1446 961 1504 monachus
993 1444 1057 1506 Ο.
1091 1445 1144 1505 S.
1177 1445 1321 1505 Ben.
1367 1445 1431 1504 in
1476 1445 1755 1505 coenobio
1808 1445 2045 1520 liquum
2089 1444 2246 1503 vitae
2289 1446 2529 1520 tempus
2577 1442 2644 1502 in
2688 1442 3103 1502 describendis

464 1535 852 1604 cluniacensi,
874 1535 1120 1594 aLeone
1140 1533 1239 1596 IX.
1262 1534 1574 1594 cardinalis
1596 1553 1755 1593 crea-
1810 1534 1906 1593 vel
1967 1532 2388 1609 componendis
2446 1533 2646 1610 exegit
2692 1532 2880 1593 libris.
2965 1531 3105 1600 Quo

464 1629 591 1685 tus.
638 1626 690 1682 A
723 1624 1023 1699 Stephano
1044 1623 1111 1685 X.
1144 1641 1269 1681 una
1297 1641 1434 1683 cum
1455 1623 1755 1684 Desiderio
1812 1641 1968 1682 anno
1999 1626 2275 1681 mortuus
2301 1622 2408 1694 sit,
2452 1639 2571 1681 non
2602 1625 2864 1681 constat:
2910 1621 3107 1697 conji-

466 1717 535 1773 et
555 1713 890 1791 Maynard0‚
925 1712 1112 1771 doctis
1136 1712 1438 1772 monachis
1456 1712 1754 1772 cassinen·
1812 1712 1983 1771 ciunt
2027 1729 2073 1774 c.
2120 1732 2170 1771 a.
2226 1721 2387 1775 1072
2437 1711 2531 1770 vel
2581 1721 2765 1775 1073.
2829 1710 2934 1769 Vir
2976 1711 3108 1769 fuit

469 1803 642 1862 sibus
689 1803 795 1865 ΟΡ.
840 1820 947 1877 pro
993 1800 1430 1878 exstinguendo
1475 1803 1755 1862 ecclesiae
1812 1801 1914 1877 pii,
1970 1800 2225 1860 modesti
2270 1803 2333 1860 et
2374 1799 2564 1859 severi
2608 1800 2823 1869 animi3
2869 1800 3106 1858 morbis

473 1911 715 1970 graecae
762 1891 1076 1950 schismate
1122 1891 1387 1967 legatum
1436 1889 1759 1966 deputatus
1812 1890 1993 1950 variis
2026 1890 2167 1949 licet
2196 1890 2456 1948 attritus·
2477 1888 2637 1948 vitae
2669 1889 2978 1966 religiosae
3010 1889 3107 1946 of-

465 1985 583 2044 est.
628 1980 766 2039 Jam
796 1980 928 2039 viae
960 1974 1095 2038 cum
1115 1979 1291 2038 sociis
1310 1978 1607 2039 accinctus
1627 1980 1757 2039 obi·
1812 1979 1946 2039 ficia·
1987 1978 2229 2037 minime
2274 1979 2557 2056 neglexit.
2623 1978 2783 2037 Haec
2827 1977 3106 2052 ejusdem

474 2076 544 2129 tu
592 2089 776 2146 papae
823 2068 1282 2145 superveniente
1328 2068 1550 2127 omissa
1596 2070 1760 2146 lega-
1813 2087 2021 2145 opera:
2052 2068 2139 2127 De
2155 2069 2455 2143 spirituali
2471 2067 2737 2126 doctrina
2756 2068 2794 2125 1.
2815 2067 3104 2126 metricus

474 2160 639 2219 tione
684 2159 758 2218 ad
803 2157 1046 2235 propria
1088 2156 1394 2216 remeavit.
1462 2158 1695 2217 Pariter
1724 2177 1760 2216 a
1815 2157 2173 2217 hexametris
2203 2160 2481 2217 constans
2513 2160 2650 2233 post
2679 2175 2730 2215 a.
2761 2164 2945 2227 1032,
2978 2175 3107 2232 quo

470 2248 760 2324 Stephani
808 2246 1252 2306 successoribus
1304 2246 1545 2306 Nicolao
1592 2248 1648 2305 11
1698 2251 1761 2306 et
1815 2246 2066 2305 maxime
2098 2246 2161 2305 in
2182 2246 2436 2305 seculari
2453 2244 2579 2305 vita
2595 2245 2834 2321 positus
2853 2263 2915 2304 se
2934 2264 3107 2303 exer-

476 2337 810 2397 Alexandro
831 2336 889 2393 ΙΙ
920 2336 980 2395 in
1013 2334 1195 2394 variis
1214 2335 1620 2411 legationibus
1640 2336 1763 2403 fuit
1816 2335 2002 2402 cahat,
2049 2353 2274 2411 ponens
2316 2335 2379 2393 in
2411 2354 2479 2394 eo
2512 2334 2845 2410 spiritualis
2877 2333 3104 2393 doctri-

472 2426 800 2487 adhibitus.
822 2425 970 2484 Eum
995 2443 1038 2487 s.
1060 2425 1276 2484 Petrus
1288 2424 1607 2484 Damianus
1624 2425 1762 2501 ,piis
1815 2443 1925 2483 nae
1949 2424 2296 2495 sententias,
2330 2424 2551 2499 quibus
2584 2441 2648 2482 se
2680 2426 2888 2481 contra
2907 2426 3103 2482 tenta-

478 2516 777 2575 virtutum
808 2514 1075 2585 floribuS,
1122 2513 1345 2572 sanctis
1376 2515 1654 2591 operibus
1701 2517 1765 2572 et
1816 2513 2011 2573 tiones
2043 2513 2421 2573 imminentes
2452 2514 2760 2572 instruens
2798 2512 3097 2571 roboravit

472 2606 779 2665 doctrinae
811 2603 991 2663 radiis
1023 2603 1207 2663 fuisse
1249 2603 1625 2680 insignitum‘
1670 2607 1761 2663 te·
1819 2606 1930 2662 etc.
1962 2602 2121 2679 apud
2147 2604 2290 2670 Pez
2320 2603 2489 2662 Thes.
2522 2603 2628 2673 ΙΙΙ,
2665 2611 2721 2672 2,
2774 2611 3090 2667 431·475;

482 2691 760 2776 statur2)‚
810 2697 989 2769 atque
1041 2692 1242 2762 ,decus
1289 2695 1350 2750 et
1394 2693 1766 2752 defensorem
1822 2693 1862 2750 1.
1894 2693 1962 2750 de
1991 2694 2115 2751 suis
2132 2693 2560 2769 tentationibus,
2596 2692 2760 2750 varia
2777 2690 3020 2750 fortuna
3036 2693 3098 2748 et

480 2783 772 2843 Ecclesiae
790 2788 1083 2842 romanae‘
1105 2783 1329 2841 salutat
1355 2778 1417 2863 (†
1446 2777 1654 2864 1068).
1676 2817 1764 2827 --
1819 2781 2079 2856 scriptia,
2099 2782 2384 2858 quaedam
2407 2779 2919 2857 autobiographia,
2945 2778 3106 2855 apud

480 2874 596 2933 Sex
626 2890 871 2931 canones
901 2890 1011 2947 pro
1043 2870 1416 2931 reformanda
1446 2871 1766 2947 disciplina
1820 2870 2380 2931 MabillonAnal.
2403 2889 2592 2929 novae
2607 2869 2695 2930 ed.
2712 2869 2794 2927 IV
2810 2889 2867 2945 p.
2891 2879 3111 2932 107-

476 2961 878 3021 ecclesiastica
909 2959 1175 3020 condidit
1218 2959 1284 3018 in
1331 2961 1557 3036 synodo
1607 2980 1762 3020 com·
1832 2969 1984 3030 12ος
2031 2960 2316 3036 Dialogus
2362 2961 2431 3018 de
2461 2960 2647 3018 tribus
2677 2958 3115 3035 quaestionibus

482 3046 877 3131 postellanass)
948 3070 998 3107 a.
1068 3058 1233 3112 1056
1299 3048 1767 3108 Cresconius
1821 3048 1861 3105 i.
1893 3068 1944 3110 e.
1976 3049 2048 3106 de
2068 3048 2303 3108 divinae
2323 3048 2566 3124 pietatis
2586 3048 2910 3125 agnitione,
2936 3047 3115 3122 judi-

480 3140 957 3216 archiepiscopus
1003 3139 1344 3218 (1048—0.
1398 3134 1612 3219 1066),
1659 3138 1767 3215 qui
1823 3137 2170 3213 ciorumque
2190 3137 2530 3197 divinorum
2560 3136 2910 3198 diversitate
2943 3139 3004 3194 et
3038 3136 3118 3194 de

483 3234 685 3287 tamen
733 3228 796 3287 in
845 3227 1072 3304 synodo
1119 3227 1377 3287 remensi
1422 3247 1472 3286 a.
1520 3237 1685 3291 1049
1732 3247 1769 3285 a
1823 3227 1988 3285 varia
2037 3227 2186 3286 bene
2235 3226 2449 3304 agendi
2496 3226 2796 3294 facultate,
2861 3224 2923 3283 in
2988 3244 3118 3299 quo

482 3319 679 3377 Leone
711 3318 790 3375 IX
837 3317 955 3376 fuit
998 3316 1560 3385 excommunicatus,
1607 3317 1766 3392 quod
1824 3317 2081 3374 multum
2095 3315 2333 3375 disserit
2351 3314 3120 3392 designificationenumeri

483 3404 1767 3483 urgenteFerdinandoregeApostolicititu·
1821 3404 2068 3463 ternarii
2100 3405 2441 3480 symbolica,
2475 3404 2634 3479 apud
2667 3404 2804 3463 Pez
2834 3403 2913 3466 ib.
2953 3412 3119 3465 143-

485 3498 611 3554 lum
662 3494 988 3570 usurparit.
1072 3494 1267 3552 Habes
1328 3494 1464 3553 illos
1515 3512 1768 3553 canones
1828 3502 1985 3563 2503
2020 3495 2089 3551 de
2114 3490 2515 3573 permissionis
2532 3493 2810 3553 bonorum
2841 3500 2892 3550 et
2922 3494 3118 3550 malo-

482 3583 644 3661 apud
676 3584 920 3642 Mansi
952 3582 1102 3652 XIX,
1153 3591 1315 3653 8553
1361 3583 1769 3659 d’Aguirre
1822 3601 1959 3640 rum
1989 3584 2184 3641 causis
2213 3602 2337 3657 ep.;
2383 3583 2423 3646 1.
2469 3583 2538 3640 dc
2574 3600 2752 3640 cursu
2783 3582 3113 3657 spirituali,

486 3674 661 3732 Conc.
688 3674 858 3748 Hisp.
888 3672 993 3741 ΙΙΙ,
1032 3680 1175 3736 218.
1823 3670 1899 3729 ad
1929 3671 2317 3730 restauranda
2348 3671 2411 3729 in
2442 3671 2713 3747 personis
2746 3669 2938 3729 omnis
2970 3688 3118 3728 con-

1825 3759 2074 3819 ditionis
2127 3778 2299 3819 sensa
2354 3779 2491 3820 vere
2550 3758 2887 3830 christiana,
2947 3760 3116 3834 apud

596 3861 741 3914 569.
792 3851 1032 3909 Praeter
1078 3851 1171 3908 tot
1216 3854 1548 3920 ascetae,
1611 3850 1772 3909 inter
1827 3850 1964 3907 Pez
1995 3848 2073 3911 ib.
2100 3857 2480 3921 259—3983
2513 3851 2582 3908 de
2614 3850 2914 3925 miracula,
2949 3848 3116 3924 quod

486 3958 639 4016 quos
685 3939 909 3999 eminet
956 3958 1000 4001 s.
1041 3939 1253 3998 Petrus
1286 3939 1571 4008 Damiani,
1618 3958 1769 4015 quos
1825 3957 2019 4014 nuper
2048 3938 2262 3997 accidit
2292 3938 2527 3997 cuidam
2573 3937 2754 4007 laico;
2801 3939 2842 3998 1.
2886 3938 2956 3996 de
3001 3939 3112 3994 ad-

481 4030 603 4105 jam
638 4029 1032 4099 laudavimus,
1064 4028 1379 4088 memorari
1412 4027 1603 4087 adhuc
1632 4046 1768 4104 pos·
1828 4029 2137 4086 monitione
2154 4028 2492 4086 clericorum
2511 4028 2884 4103 etlaicorum,
2908 4027 2972 4084 in
2992 4045 3114 4101 quo

490 4121 664 4177 sunt:
717 4117 1002 4177 Othloh
1036 4115 1382 4197 (othlonus)
1414 4117 1624 4193 primis
1656 4134 1771 4176 sec.
1828 4116 2221 4175 saluberrima
2244 4116 2555 4175 sanctioris
2575 4115 2738 4175 vitae
2757 4115 3115 4175 documenta

490 4207 586 4264 XI.
619 4206 791 4266 annis
822 4206 888 4265 in
919 4206 1171 4266 dioecesi
1193 4205 1541 4282 frisingensi
1571 4208 1769 4276 natus,
1829 4225 1861 4264 e
1893 4205 2113 4264 divinis
2148 4205 2471 4281 Scripturis
2504 4204 2822 4280 depromit,
2867 4204 3113 4263 modum

489 4296 596 4370 qui
642 4317 676 4356 a
722 4295 980 4372 pueritia
1008 4294 1204 4353 literis
1236 4294 1478 4354 deditus
1513 4296 1772 4371 primum
1827 4293 2012 4353 tradit
2042 4294 2107 4353 in
2138 4293 2298 4353 omni
2321 4295 2478 4354 vitae
2497 4293 2978 4369 conditionisque
3008 4312 3114 4370 ge-

1828 4401 1968 4442 nere
1997 4382 2174 4458 probi
2202 4401 2270 4441 ac
2299 4383 2543 4458 perfecti
2578 4382 2888 4441 christiani
2920 4382 3114 4442 officia

1830 4472 2150 4542 excolendi,
2183 4472 2341 4547 apud
2371 4472 2512 4531 Pez
2542 4472 2623 4532 ib.
2656 4480 3039 4540 403—4283
3072 4471 3113 4533 l.

490 4617 561 4663 45
572 4535 799 4662 ’1)ξὲὃὲ
817 4555 845 4591 θ
863 4537 928 4590 fe
946 4537 966 4590 Ῑ
984 4555 1013 4592 Θ
1041 4536 1134 4600 1V⁹
1160 4545 1187 4604 ἓ
1215 4543 1349 4596 ⁵35³
1379 4536 1525 4592 Hist·
1542 4534 1630 4589 lit·
1650 4535 1774 4600 VH’
1830 4561 2292 4636 Proverbiorum,
2314 4562 2436 4624 scil.
2455 4560 2940 4630 christianorum,
2963 4579 3115 4636 quae

571 4682 610 4746 2)
640 4678 722 4731 Cf„
752 4677 794 4730 Ε
812 4698 850 4747 g
866 4698 904 4763 g
922 4696 946 4732 S
974 4679 1236 4760 Pal-puy}
1262 4679 1430 4733 docta
1456 4680 1492 4733 1·
1522 4678 1563 4731 Ι,
1588 4687 1616 4745 ἓ
1641 4679 1732 4731 IX·
1832 4650 2168 4751 compleant
2199 4654 2261 4709 et
2290 4650 2600 4726 perficiant
2620 4650 3115 4751 philosophorum

569 4753 610 4804 ³5
638 4749 722 4802 Cf.
750 4749 989 4803 Hetele
1008 4750 1773 4820 Cone1l1engesch.1V‚§552.
1831 4739 2148 4815 gentilium
2200 4739 2469 4810 Senecae,
2527 4740 2765 4799 Catonis
2814 4742 2928 4802 etc.
2976 4757 3117 4814 pro-
