3505 5161
490 241 603 302 711
1081 227 1381 279 801—850.
1409 222 1604 280 Theol.
1635 222 1932 291 polemica.
1963 221 2242 277 Paulinus
2267 221 2524 291 aquilej..
2983 238 3054 291 71
3073 238 3114 291 2

483 413 691 469 contra
710 409 1056 485 adoptianos
1076 408 1315 480 habitis,
1351 427 1500 484 quos
1532 412 1595 468 et
1614 411 1765 467 stre·
1822 410 1895 468 de
1926 427 2046 484 quo
2078 409 2464 467 Alcuinus
2505 427 2594 484 ep.
2635 417 2758 471 113
2793 410 2986 482 (iuxta
3016 407 3108 470 ed.

483 519 620 558 nue·
647 497 1043 575 impugnavit.
1120 501 1188 557 In
1244 499 1492 558 concilio
1538 498 1768 557 franco·
1821 495 2101 576 Migne)
2135 498 2251 573 ipsi
2281 498 2703 574 congratulans
2729 497 2883 555 illud
2914 496 3110 572 pluri-

482 588 774 648 fordiensi
816 608 864 648 a.
916 596 1039 649 794
1088 588 1328 648 nomine
1360 589 1767 663 episcoporum
1821 589 1934 648 mis
1984 587 2370 664 profuturum
2419 587 2566 646 dicit
2613 591 2676 645 et
2724 586 2930 646 Carolo
2977 587 3109 663 regi

400 722 419 740 .
483 678 780 747 italorum,
842 677 946 751 qui
991 676 1076 734 ibi
1120 677 1384 751 aderant,
1436 677 1770 753 composuit
1821 677 2008 737 suasit
2053 680 2166 746 ,ut
2212 677 2551 752 symbolum
2597 675 2924 735 catholicae
2969 674 3139 734 fidei·

484 767 951 843 Sacrosyllabum
1011 770 1217 825 contra
1265 766 1599 842 Elipand
1618 786 1766 836 um,
1821 766 2187 842 planissimis
2206 766 2483 825 sensibus
2516 768 2577 824 et
2608 765 2983 823 sermonibus
3013 764 3112 822 lu-

484 875 660 932 quem
694 873 859 914 sacra
895 856 1159 931 synodus
1205 855 1610 931 comprobavit
1654 856 1765 913 mi·
1823 855 2247 916 calentissimis
2296 854 2361 913 in
2409 874 2594 913 unam
2646 856 3115 932 congregaretur

486 946 685 1021 sitque
735 963 843 1020 pro
892 962 1067 1003 causa
1117 944 1255 1005 fidei
1310 945 1383 1002 ad
1434 944 1768 1019 provincias
1823 946 2172 1015 chartulam,
2197 947 2258 1003 et
2277 963 2383 1019 per
2398 944 2668 1021 singulas
2683 942 3110 1019 episcopalium

487 1034 865 1092 Galliciarum
898 1052 964 1092 ac
995 1034 1412 1110 Hispaniarum
1440 1033 1515 1091 ad
1562 1032 1767 1093 noxios
1821 1036 2182 1112 regiminum
2213 1034 2522 1109 parochias
2555 1033 2831 1092 omnibus
2864 1033 3120 1091 daretur

485 1142 710 1181 errores
745 1122 1109 1194 resecandos,
1160 1122 1495 1199 specialiter
1539 1122 1611 1181 ad
1642 1122 1768 1181 Eli·
1821 1124 2188 1201 presbyteris
2209 1122 2462 1200 legenda
2479 1122 2916 1196 memoriaeque
2948 1139 3112 1180 com·

485 1212 765 1287 pandum.
830 1212 1057 1269 Tuetur
1088 1215 1287 1272 autem
1322 1212 1387 1270 in
1435 1230 1501 1271 eo
1547 1211 1768 1270 doctri·
1824 1212 2170 1283 mandanda,
2222 1215 2520 1286 quatenus
2572 1212 2710 1270 licet
2758 1212 2968 1288 lingua
3016 1210 3108 1268 di-

485 1320 622 1358 nam
652 1301 1002 1359 catholicam
1020 1303 1256 1360 tantum
1289 1320 1359 1360 ex
1391 1319 1436 1362 a.
1460 1302 1770 1375 Scriptura
1823 1321 1994 1362 versa
2011 1302 2375 1377 loqueretur,
2410 1321 2533 1361 una
2562 1303 2762 1360 tamen
2794 1300 2942 1358 fides
2975 1299 3108 1357 ubi-

486 1390 706 1448 omisso
736 1389 1078 1448 traditionis
1112 1391 1394 1467 suffragio
1408 1388 1476 1469 ¹).
1538 1388 1772 1449 Prodiit
1824 1411 1940 1467 que
1992 1394 2360 1451 resonaret.‘
2394 1390 2593 1449 Habes
2623 1410 2692 1449 ea
2719 1390 2783 1447 in
2798 1388 3108 1450 MG.Poet.

485 1472 745 1554 primum
779 1497 920 1537 cura
937 1478 1028 1539 Jo.
1062 1479 1146 1539 du
1177 1480 1426 1538 Tillet
1456 1498 1502 1538 s.
1532 1480 1572 1542 l.
1600 1488 1764 1542 1549
1824 1482 1925 1542 lat.
1953 1480 1999 1551 I,
2039 1488 2346 1543 123-136.
2377 1514 2466 1523 —
2486 1480 2822 1554 Supersunt
2855 1477 2958 1537 sed
2978 1496 3110 1552 per-

490 1563 611 1649 (Mi
630 1587 772 1644 gne
792 1568 986 1640 XCIX,
1015 1577 1339 1632 151—182
1362 1588 1494 1627 cum
1516 1563 1767 1649 annot).
1821 1588 2041 1646 paucae
2073 1570 2358 1644 epistolae.
2421 1569 2580 1627 Haec
2626 1567 2824 1627 omnia
2846 1567 3112 1643 junctim

487 1658 631 1716 Cum
664 1657 825 1716 Felix
856 1657 1046 1716 literis
1093 1658 1166 1716 ad
1200 1658 1471 1716 Carolum
1504 1659 1579 1719 M.
1612 1658 1769 1716 datis
1823 1659 2010 1718 edidit
2041 1658 2494 1728 MadrisiuS,
2529 1657 2794 1717 Venetiis
2826 1665 2987 1719 1737
3017 1655 3107 1717 ed.

488 1765 627 1804 suos
661 1749 972 1805 renovaret
991 1765 1237 1818 errores,
1270 1747 1404 1805 illas
1436 1766 1506 1805 ex
1526 1747 1767 1805 Alcuini
1822 1748 2079 1826 egregia,
2132 1747 2516 1822 praefatione,
2579 1744 3118 1805 dissertationibus-

488 1836 731 1894 consilio
768 1835 931 1893 misit
978 1836 1051 1893 ad
1082 1837 1333 1894 Leonem
1368 1836 1473 1893 III.
1505 1835 1768 1912 aliosque
1823 1842 1885 1896 et
1915 1836 2402 1896 annotationibus
2435 1836 2753 1905 illustrata,
2801 1853 2981 1910 quam
3012 1852 3106 1892 re-

487 1925 809 2000 episcopos,
857 1924 1017 1981 inter
1053 1943 1203 2000 quos
1237 1928 1298 1982 et
1327 1926 1398 1984 ad
1434 1925 1767 1996 Paulinum,
1823 1926 1990 1985 cudit
2021 1925 2275 2002 Migne
2308 1925 2503 1999 XCIX,
2541 1933 2819 1987 9—683.

490 2014 593 2088 qui
616 2010 820 2071 contra
837 2013 1009 2070 illum
1043 2021 1159 2071 tres
1190 2014 1541 2089 conscripsit
1569 2014 1765 2091 libros,
1918 2024 2060 2078 388.
2092 2015 2330 2073 'l'ertius
2370 2014 2435 2072 in
2467 2014 2789 2073 certamine
2822 2012 3119 2072 adversus<

489 2120 639 2176 opus
672 2101 914 2175 quidem
944 2120 1281 2172 nervosum,
1330 2102 1433 2162 sed
1480 2104 1618 2161 stilo
1660 2104 1769 2160 im·
1827 2105 2171 2180 adoptianos
2207 2103 2326 2161 fuit
2357 2122 2401 2165 e.
2434 2103 2891 2181 Agobardns
2924 2098 3111 2182 (Ago-

486 2190 678 2264 plex0,
728 2190 974 2259 difficili,
1023 2190 1160 2248 hinc
1206 2192 1453 2250 obscuro
1488 2187 1771 2273 (Migne
1824 2193 2000 2263 baud,
2052 2192 2302 2270 Agob0)‚
2366 2192 2605 2251 natione
2656 2192 2880 2261 GalluS,
2932 2191 3110 2265 juxta

491 2278 682 2349 XCIX,
738 2275 1136 2361 343—468).
1214 2280 1378 2338 Libri
1426 2281 1553 2351 VII,
1619 2300 1769 2357 quos
1827 2283 1975 2342 alios
2007 2282 2313 2356 Hispanus
2346 2301 2402 2339 n.
2438 2282 2592 2340 circa
2622 2301 2671 2343 a.
2711 2290 2853 2351 779,
2901 2278 2940 2335 f·
2980 2279 3110 2353 jam

490 2369 754 2426 exaravit
796 2369 1182 2427 Alcuinus
1216 2364 1310 2451 (cf.
1342 2391 1398 2447 p.
1438 2367 1607 2451 705),
1626 2370 1771 2428 falso
1832 2383 1973 2435 769.
2032 2371 2103 2428 In
2135 2372 2357 2429 clerum
2377 2370 2816 2447 lugdunensem
2834 2370 3122 2443 receptus-

489 2456 857 2532 aliquamdiu
890 2457 1003 2533 ipsi
1054 2458 1218 2516 fuere
1269 2459 1583 2535 suppositi.
1651 2459 1770 2517 Ha·
1826 2466 2071 2536 propter
2088 2462 2370 2533 pietatem
2403 2464 2465 2518 et
2484 2458 2881 2518 eruditionem
2912 2476 2947 2514 a
2977 2456 3108 2516 Lei-

486 2545 626 2604 buit
655 2548 716 2604 et
753 2546 880 2623 ipse
911 2547 1267 2623 Forumjulii
1302 2545 1555 2630 (Friaul)
1590 2567 1768 2625 syno-
1825 2549 2006 2609 drado
2038 2548 2309 2625 episcopo
2330 2549 2639 2608 ordinatus
2672 2550 2765 2607 est
2795 2546 3110 2622 presbyter

491 2636 633 2694 dum
665 2655 713 2695 a.
753 2648 783 2699 7
795 2645 895 2706 96,
929 2636 993 2694 in
1025 2657 1141 2712 qua
1174 2638 1376 2696 habita
1409 2638 1664 2714 longiori
1695 2638 1770 2696 ad
1825 2643 1886 2697 et
1916 2640 1980 2697 in
2010 2639 2416 2714 coadjutorem
2447 2657 2553 2714 pro
2585 2637 2845 2714 regenda
2865 2635 3111 2695 ecclesia

486 2728 687 2800 patres
720 2726 985 2784 oratione
1019 2726 1298 2795 ostendit,
1333 2727 1601 2803 legitime
1633 2727 1769 2785 addi
1823 2728 2090 2787 adscitus
2112 2723 2312 2808 (804),
2348 2728 2444 2785 cui
2477 2731 2538 2786 et
2568 2728 2631 2785 in
2664 2727 2801 2785 sede
2823 2725 3109 2784 successit

488 2814 753 2890 symbolo
812 2814 1055 2872 nicaeno
1078 2847 1103 2858 -
1124 2816 1768 2891 constantinopolitano
1825 2813 2027 2898 (816),
2067 2835 2202 2874 cnm
2233 2817 2336 2874 ille
2367 2817 2670 2892 resignato
2701 2833 2945 2874 munere
2977 2813 3106 2888 epi-

486 2903 837 2979 particulam
871 2902 1197 2979 ‚Filioque‘,
1231 2923 1423 2980 neque
1455 2909 1771 2980 propterea
1824 2907 2046 2981 scopali
2104 2906 2169 2963 in
2229 2906 2657 2965 monasterium
2708 2922 2771 2962 se
2819 2902 3109 2977 receperit

487 3010 709 3050 novum
730 2993 903 3050 condi
926 2992 1281 3068 symbolum,
1316 2994 1420 3052 sed
1452 2994 1606 3051 illud
1634 2998 1766 3052 tan·
1823 2991 1906 3072 (p.
1958 3014 2008 3053 a.
2063 2990 2234 3075 814).
2298 2995 2525 3053 Exinde
2587 3012 2831 3070 magnas
2895 2992 3109 3050 habuit

486 3084 617 3138 tum
662 3081 1016 3140 necessitate
1065 3085 1319 3158 urgente
1369 3083 1613 3141 uberius
1665 3083 1766 3141 de·
1821 3086 2021 3159 partes
2052 3084 2118 3141 in
2151 3084 2428 3142 omnibus
2450 3083 2826 3159 gravioribus
2848 3081 3105 3158 negotiis

487 3169 725 3240 clarari3
773 3170 911 3228 dein
958 3173 1018 3228 et
1048 3170 1504 3246 adoptianorum
1536 3190 1767 3230 errores
1820 3178 1944 3231 tam
1977 3172 2389 3231 ecclesiasticis
2424 3191 2602 3248 qnam
2642 3171 2924 3246 politicis.
2988 3171 3118 3228 Do·

485 3258 842 3335 reprobat2).
875 3261 1022 3318 Acta
1042 3259 1337 3318 habentur
1356 3261 1515 3335 apud
1537 3261 1767 3319 Mansi
1821 3261 2064 3320 lendum
2116 3265 2210 3320 est
2270 3280 2331 3320 se
2394 3262 2553 3320 hisce
2603 3261 2858 3318 nimium
2908 3259 3107 3317 immi-

485 3347 643 3417 xm,
699 3357 822 3410 830
873 3367 980 3416 Βε.;
1033 3349 1089 3405 H
1106 3369 1141 3407 a
1156 3368 1186 3406 r
1200 3349 1239 3407 d
1255 3368 1288 3408 o
1304 3369 1345 3408 u
1360 3349 1381 3407 i
1398 3369 1439 3407 n
1487 3350 1584 3420 IV,
1639 3360 1760 3414 847
1823 3351 2066 3422 senisse,
2089 3350 2350 3409 filiorum
2370 3351 2586 3409 fovisse
2606 3348 3112 3424 conspirationem
3208 3349 3216 3354 '

486 3454 561 3497 SS-
580 3449 603 3506 3'
629 3437 832 3512 Mign
849 3456 879 3495 e
906 3437 1096 3507 XCIX,
1137 3447 1503 3501 283—342.
1523 3473 1610 3481 -—
1630 3440 1768 3497 Alia
1821 3440 2103 3498 adversus
2124 3442 2353 3515 patrem
2377 3459 2551 3498 suum
2565 3437 3106 3512 Ludovicumimp‚‚

485 3525 747 3582 auctoris
795 3521 1049 3607 nostriss)
1098 3527 1319 3602 scripta
1366 3531 1537 3586 sunt:
1590 3528 1769 3586 Liber
1821 3547 1998 3603 quem
2042 3528 2107 3586 in
2137 3528 2313 3587 finem
2346 3531 2581 3604 praeter
2611 3527 2728 3585 alia
2760 3526 2997 3602 scripsit
3027 3519 3105 3607 (a.

486 3613 899 3670 exhortationis
944 3631 1050 3672 seu
1088 3614 1160 3672 de
1193 3615 1553 3675 salutaribus
1583 3617 1764 3676 docu·
1824 3614 1978 3697 833)
2012 3618 2444 3695 Apoloyeticum
2489 3636 2597 3692 pro
2642 3616 2782 3675 filiis
2820 3615 3106 3674 Ludovici

484 3701 703 3759 mentis
745 3701 818 3759 ad
851 3701 1088 3761 Ericum
1120 3704 1394 3763 comitem
1426 3706 1522 3763 vel
1554 3706 1763 3765 ducem
1819 3697 1910 3765 Pii
1954 3707 2093 3781 imp.
2140 3707 2425 3766 adversus
2476 3709 2726 3781 patrem,
2779 3723 2887 3764 seu
2937 3703 2999 3762 ll.
3045 3704 3107 3762 Π

486 3790 948 3865 forojuliensem,
1013 3793 1269 3868 scriptus
1332 3794 1571 3869 quidem
1624 3795 1765 3853 stilo
1821 3814 1925 3871 pro
1958 3795 2098 3853 filiis
2131 3799 2192 3854 et
2222 3799 2429 3855 contra
2460 3795 2676 3854 Jndith
2708 3812 2952 3853 uxorem
2983 3792 3104 3850 Lu-

486 3878 695 3950 nitido‚
743 3878 844 3938 sed
888 3899 1010 3939 non
1055 3884 1223 3940 tanta
1253 3882 1591 3943 elaboratus
1624 3884 1763 3942 dili·
1820 3885 2009 3943 dovici
2072 3885 2177 3945 Pii.
2267 3885 2420 3943 Hinc
2481 3885 2859 3960 praevalente
2922 3882 3104 3956 hujus

483 3968 688 4044 gentia
720 3987 765 4027 c.
786 3989 837 4032 a.
863 3979 1005 4039 795,
1043 3971 1223 4028 etiam
1256 3972 1321 4030 in
1351 3973 1599 4047 append.
1629 3992 1766 4050 opp.
1819 3992 1997 4033 causa
2027 3973 2165 4032 sede
2184 3974 2455 4049 privatus
2480 3978 2573 4033 est
2603 3973 2666 4031 in
2697 3974 2997 4031 conventu
3027 3969 3105 4028 ad
3219 4005 3232 4012 -

482 4077 524 4118 S·
557 4061 709 4135 Aug.
756 4063 799 4116 t.
833 4059 943 4129 VI;
999 4060 1213 4136 hymni,
1267 4063 1552 4137 carmina,
1607 4062 1766 4121 inter
1818 4063 2067 4121 Theonis
2101 4063 2304 4121 villam
2336 4083 2387 4121 a.
2422 4072 2567 4127 834.
2620 4062 2763 4120 Post
2794 4060 3116 4119 biennium

483 4165 634 4221 quae
683 4149 903 4206 eminet
954 4167 1186 4207 carmen
1237 4148 1309 4208 de
1360 4152 1560 4226 requla
1608 4153 1763 4226 fidei,
1818 4151 2232 4210 reconciliatus
2265 4156 2357 4210 est
2386 4151 2682 4210 Ludovico
2715 4150 2840 4221 Pio,
2874 4151 2937 4207 et
2967 4149 3105 4206 hinc

482 4255 491 4258 ”
560 4284 595 4350 ,)
625 4281 696 4334 Cf
734 4282 785 4334 H
802 4299 830 4335 e
850 4282 954 4337 fel
969 4299 998 4336 e
1028 4292 1054 4349 ἓ
1082 4289 1185 4340 393
1818 4241 1874 4299 ei
1904 4239 1979 4298 ad
2011 4259 2178 4299 suam
2198 4240 2389 4299 redire
2409 4240 2712 4300 ecclesiam
2745 4239 2938 4297 licuit.
2987 4237 3103 4295 Re-

553 4356 594 4425 2)
625 4323 706 4406 cf]
735 4353 787 4406 H
804 4369 832 4405 e
851 4353 1000 4407 fele
1027 4364 1053 4420 5
1081 4323 1203 4409 404:
1819 4328 2047 4405 liquum
2081 4330 2237 4388 vitae
2268 4330 2505 4405 pacifice
2535 4328 2831 4404 transegit
2849 4326 3106 4386 decessit

552 4429 592 4496 ³)
621 4424 703 4478 Cf.
732 4424 801 4477 de
822 4441 887 4478 eo
909 4429 1134 4494 praeter
1155 4425 1489 4479 Madrisium
1513 4426 1658 4480 Hist.
1678 4425 1764 4480 lit.
1819 4438 1934 4493 que
1970 4429 2026 4481 6.
2059 4419 2201 4477 Jun.
2237 4428 2360 4482 840
2414 4414 2608 4501 (juxta
2652 4417 2887 4493 aliquos
2925 4409 3101 4496 841).

477 4493 546 4549 de
591 4496 647 4549 1²³1
687 4495 775 4548 Fr·
821 4497 915 4559 lv,
943 4501 1254 4556 284—295;
1291 4498 1435 4550 Acta
1463 4497 1552 4550 SS·
1579 4498 1652 4550 ad
1684 4505 1764 4554 11·
1819 4507 1910 4565 Ab
1956 4508 2200 4566 ecclesia
2246 4507 2607 4585 lugdunensi
2653 4507 2813 4565 inter
2864 4507 3120 4563 sanctos

475 4565 1073 4703 {343133-33350'1
1088 4584 1280 4693 Βᾯὲἰὲῐῗ
1298 4567 1767 4698 Ἧίὸςξέςαέιιίἐιὲζὲξ
1819 4596 2032 4654 colitur
2064 4591 2162 4677 (cf.
2194 4598 2340 4655 Acta
2355 4597 2451 4656 SS.
2473 4609 2529 4660 6.
2560 4596 2599 4654 J
2602 4591 2748 4676 nn.)‚
2783 4612 2919 4653 cum
2951 4592 3102 4651 alio-

478 4707 589 4759 KL,
620 4708 712 4771 lx,
749 4715 916 4768 1651:
951 4709 1175 4763 Eberss
1199 4711 1251 4764 11
1279 4713 1315 4766 1·
1347 4718 1381 4766 4
1409 4712 1535 4770 c.'7;
1564 4710 1628 4765 G,
1660 4711 1704 4763 Ε
1723 4713 1764 4765 1,
1820 4684 1967 4760 quin
1998 4685 2275 4744 laudatur
2312 4689 2383 4744 ut
2425 4686 2580 4762 pius.
2645 4684 2928 4744 Doctrina
2959 4700 3104 4740 sane

476 4777 636 4830 lero
675 4780 727 4831 S.
753 4778 991 4833 Paolino
1019 4779 1162 4844 d·A.‚
1191 4779 1448 4835 Cividale
1480 4788 1634 4837 1901.
1818 4774 2090 4846 eminuit,
2153 4794 2331 4850 quam
2378 4774 2659 4851 pluribus
2706 4774 2960 4832 testatus
3011 4773 3118 4829 est.
