3505 5161
561 238 723 292 1083

551 409 972 465 Garnerum
1008 400 1303 487 (Garnier)
1326 408 1674 466 monachum
1708 409 1828 466 tre·

553 496 956 555 norchiensem
991 494 1176 575 (fl.ex.
1197 514 1306 554 sec.
1327 496 1450 577 XI).
1489 532 1574 542 —-
1607 497 1828 557 Theo·

550 585 860 643 baldum
897 580 1220 665 (Thibaud)
1254 587 1606 645 monachum
1648 588 1827 646 liren-

553 693 693 743 sem,
728 674 831 749 qui
865 673 1104 749 scripsit
1135 678 1309 732 vitam
1330 695 1373 736 3.
1394 676 1706 735 Gummarc’
1737 696 1825 735 ec·

551 763 762 822 clesiae
809 763 1046 821 lirensis
1088 762 1482 836 fundatorem,
1536 785 1686 840 quae
1735 785 1830 824 re-

553 853 784 928 peritur
819 853 884 910 in
917 854 1044 914 Act.
1079 852 1176 910 SS.
1222 864 1315 915 ll.
1351 854 1478 918 Oct.
1511 855 1577 925 V,
1616 864 1833 918 682—

556 950 696 1004 689.
770 975 857 985 —
937 942 1402 1005 Nevelonem
1482 945 1831 1003 monachum

552 1031 947 1105 corbejensem
1016 1031 1092 1107 (fl.
1165 1027 1380 1112 1096),
1461 1033 1565 1107 qui
1649 1034 1832 1092 Ado·

551 1120 671 1178 nis
746 1121 1221 1196 martyroloyium
1292 1121 1358 1179 in
1418 1123 1833 1197 compendium

551 1209 805 1284 redegit,
851 1209 1077 1267 inserta
1122 1209 1301 1267 etiam
1335 1212 1616 1269 memoria
1653 1212 1832 1270 bene—

552 1298 841 1356 factorum
887 1301 948 1356 et
985 1298 1309 1357 amicorum
1344 1300 1437 1358 sui
1468 1301 1832 1363 monasterii.

551 1388 773 1445 Mansit
791 1385 1340 1467 illudineditum1),
1373 1390 1620 1447 notitias
1654 1409 1826 1465 quas·

553 1477 684 1534 dam
708 1476 844 1535 inde
875 1475 1168 1535 derivatas
1200 1477 1545 1536 Mabillon
1576 1479 1834 1538 inseruit

555 1566 764 1628 Annal.
799 1565 865 1623 Ο.
902 1565 958 1627 S.
991 1566 1130 1625 Ben.
1177 1569 1247 1624 ut
1290 1585 1375 1624 ex.
1422 1587 1509 1644 gr.
1542 1569 1637 1637 vl,
1686 1577 1830 1631 486.

646 1754 786 1808 609.
822 1743 964 1802 Can
983 1762 1161 1802 ones
1194 1744 1567 1821 collegerunt
1597 1750 1834 1819 praeter

553 1833 1000 1892 Anselmum
1063 1834 1379 1903 lucensem,
1446 1833 1517 1892 de
1580 1852 1698 1909 quo
1762 1834 1831 1896 cf.

552 1941 730 2001 supra
761 1942 816 1997 p.
858 1931 1044 1991 1031,
1093 1925 1155 1979 et
1200 1922 1659 1998 Gregorium
1706 1942 1829 1982 car·

554 2011 809 2069 dinalem
831 2010 1176 2086 episcopum
1198 2011 1568 2071 sabinensem
1591 2015 1651 2070 et
1669 2012 1830 2088 lega-

552 2103 682 2158 tum
736 2099 1006 2175 Gregorii
1057 2100 1184 2159 VII.
1236 2101 1307 2158 ad
1360 2100 1681 2159 Henricum
1732 2102 1829 2171 IV,

551 2190 725 2264 cujus
789 2187 1060 2246 collectio
1125 2208 1414 2247 canonum
1478 2191 1833 2270 Polycarpus

552 2278 854 2352 inscripta,
917 2277 1194 2353 pluribus
1247 2284 1525 2337 constans
1575 2279 1637 2337 11.
1690 2285 1751 2337 et
1801 2300 1834 2338 a

553 2367 812 2426 romanis
864 2367 1292 2426 correctoribus
1343 2368 1610 2427 Gratiani
1652 2369 1829 2427 etiam

550 2456 841 2525 consulta,
856 2455 1079 2513 inedita
1092 2457 1312 2515 mansit
1324 2454 1384 2537 (†
1396 2457 1506 2515 sub
1525 2457 1759 2516 Urbano
1777 2458 1833 2514 ΙΙ

562 2539 1041 2624 1087-11199),
1075 2547 1122 2604 Α
1143 2547 1259 2604 tto
1290 2546 1682 2621 probabiliter
1712 2566 1832 2606 me—

553 2635 933 2704 diolanensis,
982 2634 1056 2692 ab
1101 2636 1436 2695 Alexandro
1476 2635 1549 2695 11.
1597 2641 1833 2695 creatus

552 2723 868 2782 cardinalis
894 2720 974 2804 (fl.
1001 2735 1021 2785 1
1041 2734 1119 2787 08
1138 2737 1153 2785 l
1171 2727 1212 2804 ),
1230 2727 1334 2799 qui
1350 2725 1605 2784 fideliter
1619 2727 1787 2784 stetit
1801 2745 1836 2784 a

551 2813 822 2888 partibus
845 2813 1113 2889 Gregorii
1135 2812 1259 2884 VII,
1294 2818 1353 2873 et
1385 2815 1557 2889 cujus
1589 2816 1830 2873 Brevia·

551 2905 708 2960 rium
753 2920 1039 2961 canonum
1086 2898 1159 2984 (a.
1205 2899 1395 2985 1087)
1438 2905 1833 2980 complectens

548 2992 729 3048 etiam
761 2991 994 3050 decreta
1026 2991 1230 3067 spuria
1265 3011 1644 3051 romanorum
1683 3013 1827 3070 pon·

549 3080 777 3138 tificum
824 3100 858 3138 a
891 3081 1189 3139 Clemente
1220 3083 1248 3138 Ι
1293 3082 1366 3139 ad
1414 3082 1718 3157 Gregorim
1755 3084 1827 3144 M.

549 3169 740 3227 edidit
770 3169 913 3227 Mai
961 3168 1172 3245 script.
1220 3176 1338 3229 vet.
1388 3190 1519 3229 nov.
1568 3172 1697 3231 coll.
1732 3172 1829 3241 VI,

554 3266 609 3326 2,
654 3268 733 3320 60
770 3276 863 3327 ss„
910 3262 971 3317 et
1015 3258 1167 3316 alter
1212 3259 1466 3318 illustrIs
1515 3260 1830 3319 cardinalis

551 3347 598 3403 D
617 3366 646 3405 e
663 3367 704 3404 u
722 3365 748 3405 s
767 3347 800 3404 d
821 3366 851 3404 e
869 3348 906 3404 d
923 3347 983 3405 it
1016 3344 1165 3429 (Deo
1189 3343 1413 3429 datus),
1447 3350 1553 3423 qui
1586 3352 1829 3408 strenue

547 3435 816 3511 Gregorii
838 3436 946 3493 VII
967 3454 1201 3496 causam
1225 3438 1364 3514 egit.
1400 3438 1648 3513 Scripsit
1677 3440 1827 3496 tem·

550 3543 687 3598 pore
721 3525 941 3583 Urbani
974 3526 1030 3583 II
1063 3526 1328 3585 libellum
1368 3534 1569 3585 contra
1599 3529 1827 3586 invaso-

549 3632 642 3671 res
674 3621 722 3671 et
752 3617 1096 3673 almoniacos
1140 3617 1200 3673 et
1244 3615 1504 3690 reliquos
1545 3616 1826 3674 schisma·

547 3703 696 3768 ticos
729 3703 818 3764 ed.
851 3723 884 3760 a
914 3703 1056 3761 Mai
1088 3703 1152 3761 in
1186 3704 1351 3762 Nova
1383 3707 1494 3766 PP.
1527 3705 1671 3768 bibl.
1701 3705 1824 3776 vll,

554 3801 608 3862 3,
648 3801 969 3863 77—114.
1001 3792 1063 3850 111
1098 3811 1214 3869 quo
1257 3798 1528 3855 1.contra
1556 3812 1654 3853 eos
1683 3794 1825 3871 agit,

545 3881 653 3954 qui
685 3881 1001 3939 Ecclesiam
1049 3882 1244 3958 regiae
1293 3882 1506 3941 ditioni
1539 3884 1825 3960 subjicere

958 226 1321 277 1073-1100,
1351 221 1664 291 Theologia
1690 225 1867 291 praet.
1899 222 2052 283 Atto,
2082 220 2231 274 Deus
2258 220 2433 284 dedit,
2464 220 2757 283 Henrimm,

1808 3973 1819 3984 ,
1880 3944 2019 3981 num
2081 3926 2142 3980 di

3008 239 3171 291 1084

1887 408 2020 465 lect.
2045 407 2141 478 VI,
2180 416 2303 469 ‘213
2333 416 2561 477 —2343
2595 407 2685 468 ed.
2722 417 2778 469 2.
2811 407 2917 477 Ill,
2959 417 3174 469 353—

1891 505 2013 560 388
2050 496 2163 555 sub
2196 496 2434 555 nomine
2454 496 2721 554 Anselmi
2753 496 3046 567 lucensis;
3086 496 3173 553 al·

1886 590 2011 644 tera
2042 586 2304 645 recensio
2351 590 2442 643 est
2487 585 2737 662 longior,
2786 588 2993 660 postea
3034 604 3172 643 exa·

1886 678 2032 744 rata,
2069 674 2158 736 ed.
2192 694 2240 732 a.
2277 674 2570 733 Sackur
2604 676 2667 732 in
2690 675 2814 736 MG.
2838 675 2941 736 lib.
2964 676 3033 733 de
3068 675 3177 733 lite

1888 765 1960 832 ΙΙ,
2017 774 2317 827 300-36
2332 773 2384 826 5.
2452 764 2751 822 Canonum
2797 765 3173 822 collectionem

1887 853 2079 911 edidit
2130 854 2271 911 Pius
2337 852 2839 925 Martinucci,
2905 853 3177 910 Venetiis

1900 950 2079 1004 1869.
2130 942 2214 1000 Ea
2244 942 2647 1017 distinguitur
2678 943 2737 1000 in
2775 963 2869 1018 pp.
2892 942 2990 1012 IV,
3026 961 3177 1017 qua·

1889 1051 2022 1089 rum
2066 1043 2113 1092 l.
2147 1031 2275 1107 agit
2307 1031 2379 1089 de
2412 1049 2685 1089 romanae
2706 1031 2998 1090 Ecclesiae
3032 1050 3176 1089 auc·

1889 1120 2151 1190 toi-itate,
2193 1130 2245 1182 2.
2281 1120 2352 1179 ‹le
2384 1120 2538 1178 clero
2572 1125 2632 1179 et
2666 1130 2720 1183 3.
2756 1121 2827 1178 de
2858 1120 3040 1178 rebus
3062 1121 3176 1178 Ec·

1889 1209 2131 1278 clesiae3
2200 1224 2256 1272 4.
2311 1209 2383 1267 de
2434 1209 2712 1268 libertate
2762 1209 3062 1267 Ecclesiae
3117 1220 3181 1266 et

1888 1317 2086 1357 rerum
2120 1299 2251 1373 ejus
2284 1303 2347 1356 et
2377 1298 2536 1356 cleri.
2589 1298 2795 1356 Utitur
2826 1298 3180 1357 collectione

1889 1387 2322 1445 Burchardi
2361 1385 2442 1470 (p.
2482 1382 2634 1470 978)
2670 1388 2957 1463 pluraque
2992 1388 3178 1445 etiam

1888 1477 2242 1535 documenta
2275 1477 2586 1554 originalia
2616 1476 2856 1535 exhibet
2873 1478 2931 1551 ¹).
2990 1477 3185 1535 Plura

1886 1566 2040 1623 enim
2092 1584 2160 1623 cx
2212 1566 2464 1624 archivis
2510 1567 2729 1628 hausit.
2792 1567 2936 1624 Eam
2969 1572 3180 1624 autem

1888 1654 2144 1730 collegit,
2187 1659 2258 1713 ut
2290 1655 2707 1724 ,auctoritatis
2742 1655 2898 1712 sedis
2930 1661 3179 1729 aposto-

1888 1744 2034 1801 licae
2063 1744 2464 1819 privilegium,
2500 1762 2618 1819 quo
2652 1744 2814 1801 omni
2844 1744 3183 1803 christiano

1888 1832 2018 1890 orbi
2065 1834 2448 1907 praeeminet,
2495 1833 2915 1909 ignorantibus
2948 1834 3180 1907 patefa-

1889 1926 2105 1983 ceret.‘
2189 1922 2331 1980 Fuit
2382 1922 2541 1980 enim
2592 1922 2911 1980 acerrimus
2960 1939 3182 1981 causae

1889 2010 2156 2086 Gregorii
2190 2011 2317 2071 VII.
2354 2015 2791 2088 propugnator;
2831 2010 2987 2086 juris
3035 2030 3183 2070 vero

1887 2099 2172 2169 canonici,
2225 2118 2453 2158 necnon
2502 2100 2730 2158 romani
2783 2102 2844 2158 et
2892 2100 3181 2158 secularis

1889 2188 2320 2262 peritissimum
2355 2208 2417 2248 se
2464 2192 2741 2264 praestat.
2807 2190 2964 2247 Haec
2997 2208 3179 2248 cano-

1887 2296 2028 2336 num
2064 2278 2333 2337 collectio
2380 2297 2414 2336 a
2460 2278 2735 2354 pluribus
2780 2277 3181 2337 confunditur

1887 2384 2020 2424 cum
2066 2367 2251 2442 priori
2294 2386 2483 2442 opere,
2530 2385 2662 2425 cum
2709 2372 3039 2443 utrumque
3087 2368 3178 2424 di-

1888 2455 2234 2531 stinguatur
2278 2457 2340 2514 in
2381 2457 2443 2519 ll.
2479 2475 2585 2515 seu
2617 2475 2713 2532 pp.
2750 2465 2806 2525 4,
2855 2460 2917 2514 et
2961 2456 3023 2514 in
3071 2457 3177 2514 illo

1888 2547 2098 2604 utatur
2128 2545 2410 2621 pluribus
2443 2546 2768 2605 canonibus
2809 2548 2871 2605 et
2901 2552 3176 2604 veterum

1887 2635 2266 2696 testimoniis,
2316 2638 2368 2693 A
2398 2635 2758 2712 Berengario
2791 2635 3013 2694 dicitur
3046 2653 3176 2693 mo-

1888 2725 2110 2782 nachus
2142 2724 2434 2787 tudensis.
2499 2724 2733 2783 Obiisse
2766 2724 2992 2800 legitur
3033 2744 3082 2785 c.
3126 2745 3176 2783 a.

1898 2822 2080 2875 1099.
2103 2847 2187 2854 —-
2208 2813 2522 2889 Egregiam
2547 2813 3042 2872 constitutionem
3066 2833 3177 2889 pro

1887 2905 2098 2977 treuga
2118 2902 2222 2960 Dei
2241 2902 2430 2961 edidit
2448 2904 2504 2961 Η
2520 2922 2550 2959 0
2567 2923 2605 2960 11
2621 2903 2686 2961 ri
2703 2921 2733 2961 c
2748 2922 2788 2961 u
2804 2921 2831 2961 s
2860 2903 3181 2978 episcopus

1889 2989 2204 3049 leodiensis
2256 2988 2318 3074 (†
2370 3002 2466 3054 31.
2518 2992 2651 3067 Maj.
2715 2987 2932 3074 1091),
2998 2995 3178 3067 cujus

1891 3079 2217 3156 fragmenta
2278 3084 2513 3139 tantum
2590 3081 2763 3139 nobis
2840 3082 3175 3140 asservavit

1887 3169 2268 3245 Aegidius
2300 3169 2621 3228 monachus
2641 3172 2870 3228 Aureae
2901 3169 3079 3228 vallis
3114 3171 3174 3228 in

1886 3259 2073 3332 gestis
2109 3260 2274 3332 pont.
2306 3258 2460 3319 leod.
2516 3258 2811 3334 Epistolae
2841 3261 2991 3334 ejuS,
3025 3259 3174 3318 alio·

1885 3346 2031 3420 quin
2078 3347 2388 3421 pretiosae,
2449 3346 2571 3404 fere
2633 3347 3015 3409 interierunt.
3095 3350 3175 3405 Cf.

1885 3434 2038 3496 Hist.
2071 3436 2160 3493 lit.
2197 3436 2350 3505 VIII,
2391 3445 2760 3499 352—356.

1964 3576 1998 3640 ¹)
2028 3569 2109 3622 Cf.
2127 3570 2278 3623 card.
2306 3570 2922 3638 Ilergenroet-her
2944 3572 3055 3624 KL.
3079 3573 3176 3626 Ill.

1889 3649 2040 3696 1551.
2096 3640 2174 3694 De
2227 3641 2349 3711 ipsa
2401 3643 2732 3697 collectione
2780 3641 3174 3698 Ballerini

1882 3711 2028 3781 disq.
2070 3713 2138 3765 de
2180 3713 2438 3781 antiquis
2474 3714 2601 3768 coll.
2641 3730 2766 3767 con.
2806 3734 2862 3785 p.
2906 3714 2982 3767 IV
3027 3733 3073 3769 c.
3111 3725 3174 3772 14

1883 3784 2039 3852 apud
2082 3784 2329 3854 Migne
2373 3785 2513 3850 LVI,
2553 3790 2659 3842 330
2699 3803 2800 3844 ss.;
2866 3787 3174 3840 Stercu-

1883 3872 2017 3909 sou
2061 3855 2451 3910 Osservazioni
2498 3857 2648 3911 sulla
2686 3855 2958 3912 Collectio
3006 3874 3172 3913 cano·

2204 3926 2518 3981 Deusdedit
2566 3928 2627 3981 in
2685 3927 2959 3982 Archivio
3018 3929 3172 3985 della

549 3969 927 4070 nitebantur3
966 3979 1020 4032 2.
1055 3974 1260 4029 contra
1292 3990 1336 4033 s.
1371 3972 1531 4030 Petri
1555 3973 1824 4031 Damiam
1879 3997 2103 4051 Societa
2145 4015 2284 4052 rom·
2325 3999 2385 4052 di
2431 4000 2606 4053 storia
2635 3999 2824 4068 patria
2855 4007 2990 4056 1835
3017 4000 3170 4065 vlu,

549 4060 898 4116 sententiam
942 4060 1197 4118 valorem
1243 4061 1520 4119 ordinum
1567 4081 1601 4119 a
1646 4062 1821 4120 simo·
1880 4075 2177 4126 305-398,
2230 4069 2311 4123 1)0
2356 4073 2536 4126 altero
2580 4069 2729 4124 libro
2776 4069 2838 4123 E.
2883 4072 3171 4125 811011111-

548 4147 735 4205 nim-,ig
757 4148 1107 4206 collatorum
1127 4153 1323 4225 negat·
1371 4150 1598 4226 Duplex
1632 4153 1826 4209 exstat
1881 4140 1957 4193 Zu
1987 4140 2096 4194 den
2125 4141 2577 4195 Strcitschriften
2614 4142 2711 4194 des
2738 4140 2893 4195 Deus
2919 4143 3080 4197 dedit
3107 4144 3168 4196 in

545 4236 728 4312 hujus
760 4255 854 4312 op.
875 4237 1153 4313 recensio,
1184 4238 1370 4296 altera
1389 4239 1639 4312 brevior,
1675 4258 1825 4315 quae
1879 4211 3167 4349 {bssfisskdfg9ffffpfiu24zgjgg9tfcffifflig

547 4325 608 4383 in
656 4326 780 4426 cod.
814 4325 1040 4426 adue-xa
1070 4329 1199 4385 Orat
1229 4346 1316 4403 ep·
1353 4346 1396 4385 3·
1430 4329 1695 4387 ᾹΠΒΘῙῙῙῙῘ
1731 4330 1824 4386 lu·
1888 4359 2026 4410 1893
2052 4354 2253 4418 XVIII,
2287 4362 2566 4412 1:35—153
2591 4358 2842 4410 Dic-latus
2870 4376 3050 4426 papae
3076 4359 3167 4428 (cf.

545 4433 738 4472 censis
770 4416 842 4472 ad
874 4416 1257 4487 wicbertum,
1290 4416 1449 4474 unde
1481 4417 1704 4476 factum
1736 4420 1826 4476 est
1878 4444 1941 4480 su
1989 4442 2051 4477 ra
2071 4443 2126 4494 p.
2150 4430 2304 4498 1025)
2331 4444 2379 4480 a..
2409 4430 2600 4481 nostro
2628 4426 2907 4483 cardinali
2935 4429 3166 4486 tribuit:

545 4506 617 4560 ut
666 4504 805 4561 huic
853 4505 1238 4563 tribueretur,
1317 4506 1394 4564 Et
1442 4525 1645 4565 revera
1694 4508 1824 4580 ejus
1882 4496 1942 4550 in
1987 4513 2017 4550 e
2044 4496 2292 4551 infertur
2318 4515 2447 4552 eum
2476 4499 2649 4551 etiam
2678 4500 2972 4553 auctorem
3000 4500 3166 4555 exsti·

545 4592 944 4668 fragmentum
976 4594 1166 4652 edidit
1199 4595 1560 4654 Canisius
1601 4596 1662 4653 in
1693 4599 1825 4658 Act.
1879 4567 3165 4710 ἓξὲξξῠῗὲξῗιέἰπθθξίιὸἑέιῗὲαἷ(ἱξέξξῗέῗίιζὲἓ

1880 4711 1971 4763 die
1999 4709 2523 4782 Canonsamnilung
2563 4712 2660 4766 des
2689 4710 3001 4768 Deusdedit
3045 4715 3162 4769 und

1881 4782 1980 4834 das
2008 4782 2269 4852 Register
2298 4783 2540 4854 Gregors
2567 4784 2690 4838 VII.

628 4780 663 4846 ¹)
692 4777 773 4831 Cf.
803 4778 947 4831 Hist.
974 4779 1058 4836 lit.
1089 4780 1236 4842 VIII,
1267 4789 1368 4837 590
1400 4790 1563 4839 -592,
