3505 5161
856 242 1077 299 Poetae.
1108 244 1413 300 Audradus
1441 244 1611 310 Mod„
1639 243 1989 309 Betthar-ius,
2018 243 2231 307 Tutilo‚
2256 244 2490 315 Joseph.

363 261 491 315 869
2851 261 2970 318 870

351 430 528 489 utilia
555 430 957 502 continentur,
994 452 1045 492 a.
1065 440 1188 495 853
1225 432 1453 491 obtulit
1463 432 1635 490 Caro·
1689 430 2081 490 monasticum
2117 448 2163 490 s.
2195 430 2405 489 Basilii
2450 431 2799 492 institutum
2845 450 2972 490 am-

352 521 412 578 lo
430 517 687 601 calvel).
704 519 776 578 In
794 536 864 579 eo
879 521 1201 596 prophetae
1213 539 1525 597 personam
1541 520 1636 579 in·
1689 521 1899 597 plexus
1944 521 2008 579 in
2054 520 2337 580 coenobio
2370 519 2598 579 Latomi
2645 521 2822 581 dicto.
2884 520 2974 580 Ob

353 607 504 669 duit.
550 608 696 683 Ejus
730 609 1051 684 particulas
1084 610 1367 685 quasdam
1399 609 1636 669 exhibet
1693 609 1994 687 egregiam
2043 609 2205 669 vitae
2256 608 2705 670 sanctimoniam
2753 609 2975 687 dignus

353 697 749 756 Duchesne
781 700 900 758 Scr.
932 717 1042 757 rer.
1074 699 1276 759 Franc.
1302 698 1379 770 11,
1418 708 1634 762 390-
1693 699 2069 758 existimatus
2108 702 2216 769 est,
2263 698 2369 773 qui
2414 698 2529 760 etsi
2558 700 2636 758 ob
2666 698 2974 758 humilita-

357 794 514 856 393;
560 786 922 861 Bouquet
964 788 1203 848 Recueil
1232 786 1361 858 VII,
1417 796 1637 851 289-
1690 792 1817 847 tem
1839 787 2087 859 invitus,
2122 787 2389 847 sacerdos
2409 788 2800 847 ordinaretur.
2833 787 2974 847 Gre-

355 884 501 947 391,
548 876 826 935 collectas
874 876 940 936 L.
989 876 1299 937 Traube
1331 876 1398 936 in
1442 895 1541 952 op.
1586 876 1633 935 Ο
1690 878 1898 954 gorius
1931 876 2289 952 Decapolita,
2336 876 2444 952 qui
2480 880 2627 936 tunc
2656 877 2975 936 sanctitate

351 965 533 1024 Roma
563 964 802 1036 nobilis,
839 966 1133 1025 Manchen
1184 976 1345 1032 1891
1386 985 1441 1042 p.
1478 975 1632 1030 374-
1690 968 1751 1025 et
1781 965 2089 1025 miraculis
2120 964 2366 1024 florebat
2400 961 2498 1047 (cf.
2519 985 2697 1043 supra
2717 986 2773 1042 p.
2798 962 2972 1047 728),

355 1061 500 1124 391,
548 1053 653 1129 qui
698 1056 760 1113 et
804 1055 932 1130 ejus
974 1054 1267 1115 carmina:
1312 1055 1437 1114 scil.
1485 1054 1521 1115 L
1566 1055 1635 1112 de
1690 1055 1822 1131 ejus
1853 1054 2083 1115 virtute
2114 1056 2322 1130 captus
2367 1073 2505 1114 eum
2550 1055 2825 1114 comitem
2870 1056 2972 1114 ha-

350 1145 505 1218 fente
535 1146 681 1201 vitae
724 1140 841 1224 (ed.
885 1143 961 1203 ab
1001 1143 1252 1203 Oudin
1281 1145 1442 1203 inter
1471 1147 1631 1203 vete·
1687 1145 1829 1203 bere
1856 1143 2053 1203 voluit
2083 1143 2147 1202 in
2177 1142 2392 1202 itinere
2423 1161 2531 1202 suo
2562 1144 2971 1209 constantino-

350 1252 483 1292 rum
528 1233 818 1308 opuscula
860 1233 1051 1308 primo
1095 1234 1224 1293 loco
1254 1232 1534 1309 Lugduni
1566 1233 1635 1295 B.
1687 1233 1975 1309 politano·
2020 1232 2166 1292 Cum
2198 1251 2337 1292 vero
2366 1233 2481 1292 Leo
2500 1235 2800 1292 Armenus
2832 1233 2973 1309 imp.

360 1315 569 1403 1692),
601 1321 966 1381 inhonorem
982 1340 1028 1386 e.
1046 1323 1314 1399 Petriap.
1344 1322 1477 1385 etb.
1497 1339 1630 1397 pas-
1690 1322 1941 1382 immani
1973 1321 2171 1380 furore
2210 1340 2286 1380 ss.
2332 1320 2622 1399 imagines
2654 1340 2974 1398 earumque

355 1410 593 1470 sionum
614 1428 658 1469 s.
679 1410 721 1469 J
722 1410 912 1470 uliani
929 1414 993 1470 et
1012 1411 1306 1471 sociorum
1327 1412 1478 1487 ejus,
1510 1410 1633 1471 edi·

349 1499 441 1558 dit
470 1499 534 1558 in
564 1499 690 1558 ΜΕ.
723 1499 865 1560 hist.
896 1504 1053 1575 poet.
1086 1502 1186 1564 lat.
1219 1519 1342 1560 aev.
1373 1500 1497 1565 Car.
1522 1500 1631 1570 111,

362 1600 413 1659 1,
450 1598 773 1651 67—121.
824 1589 1055 1648 Inedita
1084 1589 1278 1648 adhuc
1295 1591 1390 1648 est
1407 1589 1634 1665 prolixa

1688 1412 1948 1470 cultores
1982 1410 2389 1481 insectaretur,
2432 1412 2622 1487 J'ussit
2652 1411 2974 1488 Gregorius

1690 1500 2023 1575 Josephum
2069 1499 2312 1559 Romam
2361 1500 2448 1558 ire
2497 1500 2569 1558 ad
2616 1501 2972 1575 pontificem,

1688 1592 1763 1648 ut
1805 1590 1861 1648 ei
1903 1588 2198 1648 Ecclesiae
2227 1593 2547 1665 exponeret
2577 1589 2972 1648 calamitates:

351 1677 627 1737 versibus
673 1695 719 1737 c.
762 1688 927 1741 1100
975 1682 1253 1738 constans
1298 1677 1503 1737 Passio
1546 1678 1632 1740 bb.
1686 1682 1750 1737 at
1782 1679 1843 1737 in
1875 1677 2089 1737 itinere
2119 1697 2155 1736 a
2184 1677 2400 1754 piratis
2421 1680 2630 1754 captus
2661 1678 2724 1736 in
2745 1678 2973 1738 Cretam

350 1767 583 1826 Juliani
653 1774 704 1825 et
772 1770 1060 1827 sociorum
1118 1768 1257 1843 qius.
1318 1798 1407 1810 --
1468 1767 1633 1825 Idem

349 1855 645 1915 Traube
694 1857 733 1914 l.
782 1874 829 1918 c.
880 1876 938 1932 p.
992 1865 1341 1920 392-402
1394 1855 1634 1916 exhibet

349 1962 562 2003 versus
606 1945 1013 2005 Bertharii
1056 1945 1147 2004 ab.
1193 1945 1520 2006 casinensis
1564 1946 1634 2003 de

349 2034 651 2093 miraculis
697 2036 841 2094 almi
890 2034 953 2094 P.
1002 2036 1315 2094 Benedicti.
1394 2036 1476 2094 De
1526 2035 1634 2093 hoc

349 2123 564 2182 abbate
605 2123 727 2199 jam
781 2142 964 2200 supra
1012 2124 1244 2201 egimus
1294 2144 1351 2200 p.
1404 2133 1530 2187 609
1581 2144 1632 2183 a.

350 2211 571 2271 Verum
629 2232 780 2288 quae
838 2213 912 2273 de
970 2213 1102 2289 ejus
1148 2212 1435 2289 martyrio
1481 2212 1631 2271 dixi-

349 2319 505 2372 mus,
541 2303 717 2377 juxta
747 2302 981 2362 Traube
1012 2320 1134 2360 non
1165 2302 1314 2362 satis
1345 2304 1507 2361 certa
1544 2301 1631 2361 vi·

349 2390 571 2449 dentur
589 2413 604 2461 3
624 2391 1053 2450 Anticemenon
1073 2390 1132 2452 11.
1153 2391 1344 2467 ipsius
1363 2409 1484 2450 non
1502 2408 1634 2450 esse

350 2477 508 2538 idem
538 2481 784 2555 probat3
831 2480 952 2540 duo
991 2480 1253 2539 carmina
1281 2482 1352 2539 de
1380 2499 1425 2544 s.
1459 2480 1631 2540 Scho-

348 2569 554 2628 lastica
605 2568 721 2646 ipsi
770 2570 1003 2630 tributa
1052 2573 1197 2631 sunt
1247 2569 1459 2642 dubia3
1516 2570 1635 2629 alia

348 2657 689 2732 perierunt;
737 2677 931 2718 sermo
975 2659 1039 2718 in
1083 2678 1127 2722 s,
1159 2659 1380 2719 Lucam
1424 2679 1632 2736 evang.

348 2749 544 2805 exstat
587 2749 651 2806 in
694 2748 1016 2807 Alcuini
1046 2749 1414 2808 Homiliario.
1446 2783 1535 2792 —
1564 2749 1632 2807 B.

348 2835 617 2896 'rutilo
660 2833 948 2920 (Tuotilo)
996 2838 1060 2897 Ο.
1109 2840 1163 2898 S.
1210 2838 1353 2896 Ben.
1399 2838 1632 2914 sangal-

349 2924 535 2983 lensis
596 2925 938 3002 insignibus
1008 2926 1188 2985 animi
1249 2927 1632 3003 corporisque

350 3012 523 3072 donis
573 3016 838 3086 ornatus,
892 3015 1338 3091 condiscipulus
1383 3017 1447 3074 P.
1492 3016 1631 3074 Bat-

350 3103 508 3178 perti
556 3107 618 3163 et
664 3104 915 3164 Notkeri
962 3104 1223 3174 Balbuli,
1281 3105 1632 3164 Itinerarius

348 3192 717 3268 cognomine,
758 3193 899 3268 quia
929 3194 1167 3269 saepius
1196 3212 1504 3253 excurrere
1537 3211 1632 3252 so·

1687 1766 1948 1827 insulam
1980 1766 2278 1828 abductus
2319 1770 2430 1837 est,
2477 1766 2583 1826 ubi
2628 1767 2692 1826 in
2736 1766 2975 1826 vincula

1689 1857 1992 1932 conjectus
2024 1855 2275 1916 obscuro
2305 1856 2681 1933 mancipatus
2713 1860 2806 1916 est
2845 1874 2972 1915 car-

1688 1945 1829 2010 ceri.
1891 1946 2043 2005 Miro
2088 1946 2261 2006 modo
2308 1946 2448 2004 inde
2494 1964 2604 2021 ope
2654 1964 2698 2005 s.
2743 1945 2975 2004 Nicolai

1688 2037 1933 2111 ereptus
1965 2036 2070 2095 ΟΡ.
2103 2034 2286 2105 venit,
2330 2034 2438 2095 ubi
2478 2034 2828 2112 Gregorium
2860 2035 2972 2093 De-

1689 2125 2007 2201 capolitam
2058 2126 2363 2184 mortuum
2418 2123 2652 2183 invenit
2708 2144 2762 2182 a.
2828 2132 2973 2188 820.

1688 2214 1844 2272 Dum
1889 2214 2070 2273 sacris
2109 2213 2346 2290 hymnis
2377 2212 2797 2289 componendis
2828 2231 2967 2289 ope-

1686 2321 1814 2361 ram
1847 2302 2017 2362 daret
2059 2306 2120 2361 et
2165 2302 2456 2378 populum
2502 2301 2575 2360 ad
2622 2303 2855 2360 cultum
2894 2319 2972 2362 ss.

1687 2390 2019 2468 imaginum
2072 2391 2505 2463 adhortaretur,
2564 2410 2600 2450 a
2648 2391 2973 2466 Theophilo

1689 2480 1851 2555 imp„
1883 2481 1989 2556 qui
2014 2480 2472 2540 iconomachiam
2493 2480 2970 2551 resuscitaverat,

1687 2567 1752 2627 in
1785 2570 2139 2630 Chersonam
2169 2570 2486 2647 relegatur.
2553 2570 2741 2629 Morte
2784 2570 2972 2645 impe-

1686 2660 1907 2719 ratoris
1954 2660 2149 2736 sopita
2193 2662 2546 2735 tempestate
2590 2678 2622 2716 a
2665 2657 2973 2718 'l'heodora

1690 2749 1755 2807 in
1786 2747 1995 2808 urbem
2016 2748 2241 2825 regiam
2262 2751 2585 2817 revocatus,
2619 2766 2652 2805 a
2672 2765 2718 2805 s.
2736 2746 2971 2824 Ignatio

1688 2836 2023 2913 patriarcha
2053 2841 2254 2897 custos
2285 2841 2520 2895 creatur
2538 2853 2837 2895 sacrorum
2868 2855 2968 2895 va·-

1686 2945 1888 2986 sorum
1905 2945 2152 3003 magnae
2163 2925 2458 2985 Ecclesiae
2478 2919 2935 3006 (skeuophylax)
2956 2944 2971 2984 ε

1690 3033 1808 3090 quo
1841 3015 1905 3073 in
1935 3033 2182 3075 munere
2222 3014 2401 3075 etiam
2444 3012 2557 3073 sub
2588 3012 2818 3083 Photio‚
2864 3014 2971 3088 qui

1688 3122 1827 3163 eum
1889 3104 2089 3181 magni
2148 3103 2516 3171 aestimabat,
2591 3102 2971 3179 fungebatur.

1689 3193 1902 3253 Photio
1964 3193 2161 3252 sedem
2221 3191 2671 3268 patriarchalem
2731 3193 2973 3249 tenente

349 3279 527 3351 lebat,
594 3281 713 3340 fuit
765 3285 956 3357 poeta,
1017 3283 1212 3359 pictor
1259 3286 1321 3342 et
1368 3283 1631 3344 musicus
1685 3281 1940 3342 decessit
1974 3292 2030 3345 3.
2061 3284 2203 3358 Apr,
2251 3301 2300 3340 a.
2336 3289 2481 3345 883.
2543 3281 2700 3339 Dum
2744 3279 2973 3339 viveret

349 3369 648 3447 egregius,
681 3375 1007 3447 troporum,
1059 3372 1165 3447 qui
1197 3370 1356 3431 intra
1385 3372 1631 3432 missam

349 3458 763 3531 cantabantur,
809 3463 1017 3520 auctor
1063 3457 1124 3542 (†
1160 3470 1260 3524 28.
1291 3462 1464 3520 Mart.
1494 3478 1630 3538 pro-

346 3545 630 3607 babiliter
660 3569 707 3612 a.
734 3557 857 3613 898
878 3571 891 3621 ;
917 3550 1093 3625 juxta
1122 3550 1431 3609 Werner
1454 3545 1629 3630 912),

348 3635 520 3711 cujus
565 3636 796 3714 ingenii
843 3657 1030 3714 pauca
1074 3641 1402 3714 supersunt
1450 3638 1630 3698 docu-

348 3728 549 3784 menta
606 3726 671 3784 in
730 3727 1029 3787 canisii
1088 3731 1227 3788 Ant.
1275 3729 1402 3787 lect.
1448 3728 1522 3798 11,
1574 3738 1629 3798 3,

357 3822 480 3876 212
515 3833 591 3873 ss.

443 4001 589 4056 478.
610 3981 849 4053 Oe‘leber
868 3996 961 4053 est
991 4013 1036 4054 e.
1068 3994 1156 4053 Jo
1175 3994 1461 4069 sephus
1494 4013 1631 4072 cog-

350 4081 587 4141 nomine
618 4082 1119 4159 hymnographus,
1152 4083 1347 4158 patria
1378 4083 1631 4160 Syracu-

347 4188 548 4243 sanuS,
595 4171 698 4246 qui
730 4171 976 4231 florente
1016 4171 1208 4230 adhuc
1238 4175 1429 4231 aetate
1461 4172 1630 4232 Sara-

1686 3370 1911 3430 multos
1962 3371 2027 3430 in
2075 3370 2360 3430 haeresim
2411 3370 2604 3445 lapsos
2662 3369 2734 3427 ad
2795 3368 2972 3428 fidem

1688 3459 2040 3519 catholicam
2071 3460 2370 3519 revocavit
2413 3459 2756 3533 multosque
2801 3479 2835 3518 a
2877 3476 2971 3517 se-

1686 3548 1807 3608 culi
1849 3548 2164 3620 illecebris,
2211 3551 2284 3608 ut
2326 3548 2508 3608 vitam
2552 3547 2974 3622 profiterentur

1687 3638 2094 3709 monasticam,
2133 3638 2444 3714 persuasit.
2505 3636 2848 3712 Composuit
2876 3638 2968 3696 in-

1687 3745 1970 3786 numeros
2001 3727 2253 3804 hymnos
2285 3726 2505 3803 passim
2552 3745 2659 3803 per
2695 3727 2970 3786 ecclesia·

1690 3815 1874 3874 sticos
1905 3834 2250 3893 graecorum
2284 3816 2470 3875 libros
2503 3833 2756 3891 sparsos.
2820 3816 2974 3875 Hinc

1688 3904 1834 3963 Lud.
1867 3905 2019 3963 Mar
2034 3905 2236 3963 raeci
2267 3923 2337 3963 ex
2371 3904 2642 3974 Menaeis,
2676 3924 2745 3964 ex
2781 3905 2970 3964 Horo-

1688 3994 1866 4071 logio,
1921 3994 2303 4064 ParacleticO,
2367 3992 2623 4063 Triodio,
2686 3994 2970 4053 Penteco-

1690 4084 1895 4151 stario‚
1943 4082 2166 4141 Rituali
2198 4082 2453 4156 aliisque
2485 4082 2838 4141 Graecorum
2871 4101 2971 4141 vo-

1688 4170 2018 4230 luminibus
2050 4189 2252 4230 omnes
2286 4174 2575 4244 quantum
2607 4171 2736 4229 fieri
2772 4170 2973 4245 potuit

347 4277 628 4318 cenorum
650 4260 911 4319 Siciliam
931 4259 1339 4320 invadentium
1371 4261 1631 4322 furorem
1688 4279 1938 4320 canones
1989 4260 2158 4319 illius
2207 4258 2450 4336 collegit
2510 4260 2571 4317 et
2618 4260 2682 4317 in
2731 4260 2972 4320 Mariale

348 4348 652 4407 declinans
703 4348 768 4407 in
817 4349 1293 4425 Peloponnesum
1342 4350 1630 4429 confugit,
1689 4351 1866 4426 plane
1929 4368 2176 4409 aureum
2251 4350 2566 4423 totumque
2636 4368 2970 4425 gemmeum

346 4436 456 4496 ubi
486 4437 711 4496 relictis
731 4438 1099 4514 parentibus,
1133 4444 1206 4497 ut
1236 4439 1356 4498 Deo
1388 4439 1633 4498 liberius
1687 4439 2083 4508 concinnavit,
2143 4436 2331 4496 latine
2380 4436 2642 4497 reddidit
2690 4438 2971 4513 notisque

348 4528 604 4600 vacaret,
669 4527 1144 4586 Thessalonicam
1197 4528 1379 4604 petiit
1426 4528 1632 4606 ibique
1686 4528 2046 4598 illustravit,
2107 4527 2321 4586 Romae
2381 4536 2567 4589 1662.
2648 4527 2757 4585 Est
2816 4527 2972 4586 illud

1686 4616 2173 4693 gazophylacium
2211 4615 2542 4675 innumeris
2573 4617 2971 4676 Marianarum

429 4732 471 4801 ι)
501 4728 584 4784 cf,
615 4730 762 4791 ΗΜ.
789 4731 1238 4796 lit-V‚131-133;
1269 4733 1403 4788 pot
1424 4734 1635 4788 than
1687 4706 1935 4765 laudum
1985 4709 2046 4764 et
2098 4705 2543 4781 praeconiorum
2587 4706 2833 4765 talentis
2878 4725 2970 4765 re-

346 4821 403 4871 p.
447 4808 575 4863 1252
606 4801 832 4857 Ebert
861 4803 927 4865 ll,
956 4807 1253 4862 273-277.

1685 4794 2098 4866 fedissimum,
2162 4813 2281 4870 quo
2341 4794 2664 4854 tenerrima
2712 4795 2971 4856 auctoris

2540 4898 2610 4949 28
2631 4896 2650 4913 ⁶
