3505 5161
411 237 489 290 47
499 233 533 288 3
1132 219 1419 286 Leontius,
1446 208 1747 290 Ephraem‚
1775 221 1803 273 J
1812 237 2022 275 oannes
2049 223 2302 292 scythop.
2902 244 2933 295 4
2949 244 3029 296 74

408 406 629 482 scripti,
695 405 853 482 quod
903 405 966 463 in
1015 423 1126 485 sua
1173 405 1363 465 forma
1411 406 1685 483 originali
1741 410 1900 466 artes
1931 411 1993 467 et
2024 410 2368 467 accuratum
2388 409 2453 468 in
2472 410 2751 487 genuinis
2786 429 2852 470 ac
2885 429 3029 487 spu-

408 515 527 556 non
558 495 815 572 amplius
848 494 1149 553 habemus,
1197 496 1289 552 Ab
1320 495 1415 554 his
1448 495 1685 555 scholiis
1740 496 1848 554 riis
1896 515 1973 555 ss.
2019 498 2260 573 patrum
2304 498 2582 574 operibus
2623 499 3028 559 discernendis

406 588 624 662 putant
654 584 950 653 nonnulli,
997 602 1134 642 eum
1167 584 1350 643 fuisse
1382 584 1683 662 cognomi·
1733 586 2034 660 judicium
2082 582 2397 667 elucet1).‘
2480 588 2846 647 Gallandi
2900 590 3025 665 jam

406 678 614 734 natum
647 673 1251 743 scholasticum,
1300 693 1495 750 neque
1526 673 1686 732 enim
1739 675 2047 749 quaedam,
2115 676 2218 735 sed
2268 676 2451 735 latine
2500 680 2737 736 tantum
2788 678 3026 737 exhibet

405 764 521 823 fuit
556 764 894 823 advocatus.
957 762 1191 821 Prodiit
1235 762 1498 837 primum
1545 780 1686 820 cura
1744 763 1871 833 XII,
1922 773 2245 834 633-7503
2292 765 2557 841 plurium
2588 768 2823 825 textum
2854 786 3027 843 grae-

405 853 496 912 Jo.
544 850 1005 911 Leunclavii
1054 850 1319 910 Basileae
1378 860 1563 915 1578.
1596 885 1685 894 —
1739 871 1875 911 oum
1925 854 2068 911 Mai
2130 854 2391 928 primum
2439 854 2683 930 reperit·
2706 858 2768 914 et
2816 855 3022 926 edidit,

404 942 568 1001 Libri
600 942 710 1001 VII
754 944 959 1001 contra
1003 940 1388 999 Nestorianos
1438 959 1542 999 seu
1580 940 1702 998 ad-.
1739 943 1987 1001 collecta
2031 943 2320 1019 leguntur
2361 943 2519 1019 apud
2568 942 2821 1020 Migne
2859 944 2923 1003 P.
2958 945 3024 1008 G.

408 1049 612 1091 versus
645 1048 763 1101 eoa,
811 1029 915 1106 qui
960 1028 1108 1087 duas
1139 1028 1439 1088 affirmant
1469 1029 1681 1088 Christi
1739 1031 2026 1090 LXXXVI
2058 1051 2114 1106 p.
2156 1042 2180 1093 1
2220 1050 2351 1108 pag.
2395 1042 2858 1105 1193—17683
2892 1053 2949 1110 p.
2986 1043 3023 1096 2

404 1136 679 1196 personas
698 1119 1042 1194 nullamque
1074 1118 1138 1177 in
1167 1118 1295 1194 ipso
1315 1118 1683 1194 conjunctio·
1736 1139 1869 1197 pag.
1908 1132 1933 1183 1
1950 1130 2363 1184 769--2100,

401 1230 536 1270 nem
599 1208 958 1268 confitentur
1025 1202 1134 1289 (ib.
1204 1206 1679 1283 1399—1768).

402 1301 565 1375 Opus
596 1297 896 1375 prolixum
928 1296 1138 1355 saltem
1172 1295 1366 1371 quoad
1400 1297 1680 1355 substan·
1849 1306 1993 1360 267.
2060 1298 2276 1357 Contra
2333 1299 2720 1359 Nestorianos
2780 1303 2841 1359 et
2898 1301 3025 1359 Mo-

400 1389 544 1448 tiam
565 1387 910 1465 genuinum,
932 1385 1033 1445 sed
1053 1385 1206 1444 forte
1226 1386 1300 1444 ab
1315 1386 1432 1444 alio
1448 1386 1511 1443 in
1533 1387 1681 1443 hanc
1739 1387 2096 1463 nophysitas
2173 1387 2412 1463 scripsit
2483 1388 2660 1464 plura
2729 1407 2905 1465 opera
2976 1408 3021 1449 s,

400 1478 706 1537 redactum
749 1475 993 1534 formam
1011 1472 1077 1556 ¹).
1125 1474 1300 1533 Liber
1328 1492 1469 1533 vero
1501 1473 1676 1541 Vm..
1734 1467 2141 1552 Ephraem,
2192 1477 2298 1551 qui
2347 1476 2553 1536 civiles
2599 1477 2789 1553 gessit
2830 1479 3023 1555 magi-

399 1566 504 1643 qui
565 1567 741 1641 juxta
802 1563 1226 1640 praefationem
1290 1564 1679 1639 promittitur,
1736 1567 1963 1624 stratus
1996 1568 2058 1625 et
2088 1584 2156 1624 ex
2188 1565 2403 1625 comite
2423 1565 2683 1626 Orientis
2703 1566 2896 1625 factus
2929 1571 3020 1626 est

399 1655 645 1732 periisse
664 1654 921 1714 videtur.
941 1684 1029 1696 —-
1047 1653 1225 1712 Liber
1251 1660 1453 1711 contra
1484 1670 1677 1711 mono·
1734 1655 2072 1730 patriarcha
2132 1654 2524 1713 antiochenus
2589 1651 2743 1737 (527
2758 1653 3021 1738 -545).

390 1746 657 1821 physitas
698 1761 806 1802 seu
837 1743 1212 1817 quaestiones
1244 1742 1527 1801 adversus
1558 1760 1676 1811 soe,
1736 1743 2007 1811 ,Ferunt
2037 1745 2255 1814 autem,
2291 1743 2499 1803 scribit
2529 1743 2860 1803 Photius
2892 1745 3020 1804 eod.

400 1834 504 1908 qui
532 1852 714 1893 unam
746 1830 955 1890 dicunt
985 1834 1258 1889 naturam
1291 1831 1677 1906 compositam
1738 1840 1880 1903 228,
1902 1850 2038 1892 eum
2055 1850 2191 1892 cum
2209 1832 2328 1891 alia
2349 1832 2522 1891 laude
2547 1833 2725 1909 digna
2738 1833 3015 1910 gessisse,

398 1924 465 1982 D.
497 1923 571 1980 N.
602 1921 659 1980 J.
684 1920 923 1990 Christi,
957 1919 1101 1978 item
1136 1921 1472 1978 sanctorum
1503 1920 1677 1979 testi-
1731 1923 1862 1980 tum
1907 1940 2044 1980 vero
2077 1921 2467 1997 eleemosynis
2499 1921 2855 1999 elargiendis
2888 1923 3014 1982 eni-

397 2012 596 2071 monia
626 2015 687 2070 et
719 2008 1049 2069 sententiae
1080 2009 1345 2086 ipsorum
1364 2009 1677 2085 explicatio
1732 2010 1939 2070 tuisse.
2004 2009 2210 2071 Libros
2257 2029 2397 2070 vero
2435 2011 2630 2069 varios
2662 2011 3019 2087 composuit,

397 2099 502 2179 (ib.
546 2120 630 2177 p„
655 2110 690 2162 2
737 2118 793 2174 p.
835 2092 1332 2179 1769—1902):
1385 2117 1553 2175 opus,
1606 2101 1678 2157 ut
1731 2117 1987 2174 quorum
2006 2099 2069 2158 in
2091 2116 2302 2159 manus
2323 2117 2483 2158 meas
2502 2104 2628 2159 tres
2650 2099 3008 2161 inciderunt.

396 2190 665 2260 videtur,
742 2187 964 2264 pariter
1025 2185 1217 2263 quoad
1280 2187 1675 2246 substantiam
1731 2188 1944 2246 Omnia
1972 2207 2124 2264 pene
2154 2207 2335 2265 opera
2365 2190 2513 2265 ejus,
2549 2207 2697 2264 quae
2730 2189 3016 2260 vidimuS‚

397 2278 645 2349 Leontii,
679 2279 740 2336 et
769 2276 965 2352 operis
994 2275 1232 2351 majoris
1252 2275 1673 2353 fragmentum,
1729 2295 1837 2351 pro
1867 2278 2276 2337 ecclesiasticis
2323 2277 2707 2355 dogmatibus
2739 2286 3014 2355 pugnant

397 2369 555 2443 quod
600 2367 753 2426 alius
797 2368 1051 2424 exeunte
1098 2383 1211 2427 sec.
1256 2364 1352 2424 VI.
1401 2367 1499 2424 vel
1547 2366 1674 2424 ine-
1729 2366 2192 2442 defenduntque,
2241 2369 2513 2425 sanetum
2559 2367 3014 2427 chalcedonense

396 2460 543 2516 unte
574 2456 701 2515 VII.
747 2456 812 2513 in
849 2455 1001 2513 hanc
1032 2453 1264 2531 redegit
1292 2454 1554 2518 formam.
1587 2488 1675 2498 —
1728 2455 2041 2514 concilium
2091 2459 2256 2514 extra
2299 2474 2532 2515 omnem
2579 2473 2709 2514 esse
2754 2456 3009 2515 haereti-

398 2546 574 2605 Liber
603 2551 804 2605 contra
842 2544 1083 2621 fraudes
1111 2543 1673 2620 Apollinarismrum
1730 2562 1935 2604 eorum
1995 2544 2528 2622 reprehensionem.
2544 2554 2571 2584 ‘¹
2664 2544 2749 2604 Ea
2808 2548 3010 2606 tamen

397 2654 503 2695 seu
532 2636 820 2694 adversus
851 2652 966 2704 e08,
1020 2633 1126 2708 qui
1156 2633 1328 2693 nobis
1360 2633 1673 2708 proferunt
1726 2635 2037 2710 perierunt
2067 2637 2302 2710 praeter
2331 2634 2679 2711 fragmenta,
2733 2653 2885 2709 quae
2915 2655 3009 2694 re—

395 2724 683 2800 quaedam
743 2722 1108 2799 Apollinaris
1174 2722 1320 2781 falso
1381 2722 1674 2797 inscripta
1727 2724 1883 2797 perit
1915 2722 2069 2781 card.
2103 2722 2242 2781 Mai
2278 2720 2558 2804 (Migne
2588 2723 2874 2783 LXXXVI
2894 2744 2949 2800 p.
2974 2735 3010 2787 2

393 2814 634 2872 nomine
680 2831 757 2872 se.
789 2812 1050 2873 Patrum.
1116 2810 1483 2886 Opuseulum
1529 2811 1672 2870 scri-
1729 2831 1785 2887 p.
1810 2807 2278 2892 2103—2110)
2313 2805 2385 2870 et>
2402 2832 2486 2883 ea,
2520 2813 2807 2888 quaejam
2838 2813 2931 2870 Ph
2946 2833 3009 2872 o·

395 2907 566 2979 ptum
595 2903 755 2961 inter
784 2921 833 2960 a.
863 2908 1228 2968 511—-518,
1262 2899 1336 2957 de
1367 2900 1538 2975 cujus
1570 2917 1673 2975 ge·
1725 2901 1891 2960 tius
1924 2919 1992 2959 ex
2025 2900 2149 2958 illis
2181 2901 2355 2960 nobis
2376 2902 2705 2960 asservavit
2734 2901 2856 2964 cod.
2882 2910 3007 2965 228

395 2991 692 3051 nuinitate
723 2990 905 3049 dubia
935 2992 1270 3064 moventur,
1318 2988 1420 3047 sed
1451 2989 1671 3063 pretio·
1729 2985 1849 3072 (Mi
1867 3008 2009 3066 gne
2039 2981 2120 3072 ΙΡ.
2167 2990 2233 3048 G.
2265 2988 2395 3047 0111
2425 3009 2483 3066 p.
2529 2985 2905 3072 957—970)
2950 2993 3013 3048 et

394 3099 546 3150 sum,
602 3082 844 3156 propter
885 3077 1178 3154 judicium
1229 3072 1562 3160 criticum2)
1612 3079 1673 3135 et
1725 3078 1852 3138 cod.
1890 3087 2012 3140 229
2052 3073 2159 3160 (ib.
2196 3074 2637 3160 969-1024),
2685 3078 2790 3136 ubi
2836 3079 3015 3154 plura

393 3169 551 3245 quod
572 3167 1135 3246 Apollinaristarum
1163 3166 1398 3225 fraudes
1429 3166 1672 3243 aperiat.
1726 3167 1910 3226 refert
1954 3185 2024 3226 ex
2069 3186 2243 3243 opere
2273 3167 2334 3226 ll.
2369 3177 2407 3229 4
2446 3167 2868 3243 comprehenso
2901 3185 3009 3243 pro

393 3292 480 3301 -
525 3257 899 3317 Tribuuntur
942 3255 1062 3331 ipsi
1111 3258 1173 3314 et
1221 3256 1339 3316 duo
1384 3273 1673 3316 sermones
1725 3255 2068 3315 defensione
2088 3257 2325 3316 concilii
2346 3256 2821 3315 chalcedonensis
2852 3259 2914 3315 et
2947 3257 3009 3314 in

393 3350 453 3406 et
483 3346 772 3424 quaedam
802 3345 1148 3422 fragmenta.
1196 3344 1414 3414 ,Varia
1436 3344 1669 3404 Leontii
1725 3364 1845 3420 quo
1877 3345 2147 3421 quinque
2179 3345 2440 3404 solverat
2471 3364 2568 3421 qq.
2620 3345 2695 3403 ab
2727 3345 3008 3404 Anatolio

392 3455 584 3512 opera,
632 3434 831 3510 inquit
859 3434 996 3493 Fes
1013 3452 1040 3493 s
1057 3435 1077 3492 l
1094 3433 1268 3493 er·J
1282 3453 1381 3493 un
1397 3453 1671 3511 gmann
1724 3435 2076 3511 propositas,
2110 3468 2198 3477 -—
2218 3434 2530 3492 Perierunt
2560 3451 2797 3510 quoque
2829 3452 3010 3510 opera

391 3528 423 3598 g
473 3534 596 3588 250
649 3521 718 3607 (t.
756 3525 814 3582 II
862 3543 918 3599 p.
973 3531 1008 3585 2
1060 3543 1194 3601 pag.
1251 3519 1421 3606 505),
1488 3523 1669 3582 simul
1725 3522 1765 3581 J
1783 3523 2059 3583 oannis
2111 3522 2570 3599 scythopolitani
2620 3522 2682 3581 in
2727 3523 3007 3592 Galilaea,

383 3615 596 3690 juncta
638 3613 942 3691 egregium
992 3613 1291 3688 quoddam
1339 3612 1669 3690 theologiae
1726 3613 1833 3688 qui
1877 3616 1940 3671 et
1976 3613 2251 3671 adversus
2283 3611 2571 3688 Severum,
2619 3613 3004 3689 monophysi-

392 3720 605 3779 corpus
636 3703 905 3761 efficiunt
947 3701 1011 3761 in
1054 3702 1343 3761 Ecclesiae
1386 3702 1670 3761 thesauro
1725 3704 1924 3761 tarum
1944 3702 2169 3771 ducem,
2194 3700 2437 3776 scripsit
2468 3701 2529 3759 ll.
2550 3700 2689 3759 VIII
2710 3706 2771 3759 et
2801 3700 2861 3765 ll.
2893 3701 3008 3759 XII

392 3811 525 3851 cum
576 3792 907 3852 reverentia
955 3791 1285 3853 locandum.
1362 3790 1434 3848 In
1484 3791 1558 3849 iis
1610 3794 1673 3849 et
1725 3785 1907 3854 Κατὰ
1939 3801 2053 3854 τῶν
2083 3787 2466 3874 ἀποσχιστῶν
2497 3800 2602 3875 τῆς
2633 3784 3007 3874 Ἐκκλησίας

393 3881 697 3958 singulare
729 3880 956 3957 ingenii
988 3898 1233 3939 acumen
1279 3883 1339 3939 et
1376 3879 1669 3938 mirabilis
1726 3898 1832 3939 seu
1864 3881 2065 3939 contra
2098 3879 2390 3938 Basilium
2422 3879 2598 3946 Kilix,
2633 3882 2784 3937 teste
2816 3879 3006 3937 Pho-

392 3988 470 4028 ss.
502 3973 739 4047 patrum
760 3969 1021 4046 cognitio
1053 3973 1113 4027 et
1143 3968 1509 4028 indefessum
1541 3972 1668 4026 stu·
1724 3969 1839 4029 tio
1872 3968 1998 4027 eod.
2037 3978 2136 4031 95.
2178 3979 2315 4031 107.
2381 3968 2616 4026 Primus
2648 3986 2884 4043 quoque
2915 3967 3006 4026 di-

392 4058 556 4118 dium
619 4061 824 4118 contra
898 4060 1162 4117 versutas
1239 4058 1669 4116 haeretieorum
1724 4058 1898 4124 citur,
1961 4057 2066 4132 qui
2116 4056 2554 4115 commentariis
2612 4055 3005 4115 illustraverit

471 4284 505 4352 ¹)
533 4281 614 4336 cf.
637 4282 748 4364 ’Lo
767 4281 878 4335 ofs
919 4298 1011 4350 op.
1053 4282 1147 4336 cit.
1188 4290 1216 4347 ξ
1247 4287 1311 4336 13
1351 4282 1461 4361 {³¹³5
1493 4290 1558 4336 14
1601 4281 1670 4334 de
1790 4286 1824 4354 ¹)
1840 4281 2154 4362 Cf.Loofs
2182 4278 3006 4359 op.supracit.p.472‚quipri—

392 4351 1671 4494 ⁸⁶23¹ss¹22¹klsnz⁰531331fflssss'lzzffsssssz21...
1727 4371 1858 4478 3¹3⁹.
1874 4355 2221 4480 32213ῧὲ
2232 4351 2509 4493 ,5¹5AE
2525 4429 2552 4486 g
2568 4352 3008 4480 311δέ2.ἓῖἑὲ

391 4495 884 4565 hervorragenden
923 4495 1077 4549 Platz
1125 4494 1186 4548 in
1222 4493 1323 4548 der
1354 4494 1672 4549 altkirchli-
1726 4497 1969 4550 hewer
2008 4504 2035 4560 ξ
2066 4501 2166 4551 102
2206 4512 2262 4547 n.
2307 4501 2400 4554 1·2;
2451 4491 2562 4546 KL.
2591 4491 2714 4556 VII,
2746 4495 3006 4550 1817·19;

390 4565 535 4620 chen
563 4567 849 4620 Literatur
875 4608 888 4622 .
916 4606 929 4619 .
957 4606 970 4620 .
996 4567 1233 4622 deshalb
1253 4565 1382 4620 weil
1397 4582 1456 4619 es
1479 4563 1673 4619 weiter
1727 4566 1780 4618 N
1796 4567 1818 4620 i
1834 4586 1860 4619 r
1876 4584 1900 4618 s
1917 4584 1947 4621 c
1963 4566 2037 4619 hl
2066 4566 2146 4618 III
2185 4574 2211 4630 ξ
2239 4571 2375 4624 338ς
2424 4563 2472 4615 R
2490 4569 2525 4617 ὓ
2542 4582 2580 4634 g
2596 4580 2629 4616 a
2644 4582 2699 4616 m
2719 4581 2746 4615 e
2764 4580 2790 4614 r
2831 4562 3005 4616 Leon-

392 4635 581 4692 niehts
606 4637 684 4691 ist
709 4637 827 4691 und
856 4637 1050 4692 weiter
1076 4638 1264 4692 nichts
1291 4636 1411 4692 sein
1438 4637 1561 4690 will
1586 4636 1671 4690 als
1726 4637 1843 4691 tius
1871 4655 1920 4690 v.
1948 4637 2188 4705 Byzan,
2216 4635 2539 4705 Wiirzbnrg
2585 4641 2719 4691 1894
2760 4633 2893 4700 diss.
2920 4633 3005 4686 in·

392 4706 518 4760 eine
545 4779 556 4789 ⁶
579 4708 851 4763 kritische
915 4708 1376 4778 Untcrsuchung.
1447 4711 1488 4762 L
1508 4726 1540 4762 o
1558 4725 1589 4761 o
1608 4709 1670 4761 fs
1724 4726 1887 4791 apg-²
1930 4708 1995 4764 V.
2025 4707 2069 4761 Ε
2085 4726 2113 4760 r
2132 4727 2183 4761 m
2202 4725 2234 4762 o
2252 4707 2327 4760 ni
2354 4707 2422 4761 de
2453 4706 2688 4761 Leontio
2716 4706 2864 4774 Byz„
2905 4705 3005 4758 Pa-

392 4794 482 4847 op.
509 4782 605 4832 cit.
632 4798 678 4833 o.
713 4788 734 4835 1
765 4790 790 4844 ,ξ
825 4784 877 4833 6.
1724 4797 1877 4833 risus
1910 4787 2059 4836 1895.
