3505 5161
224 4827 293 4872 ’Ἅι

527 252 604 305 55
618 253 652 305 9
1419 239 1719 293 601—636.
1746 234 1798 289 S.
1830 235 2139 306 Gregorius
2166 236 2239 289 M.
3011 257 3134 312 560

616 428 759 483 312.
794 419 983 494 Opera
1002 422 1148 496 ejm,
1183 439 1336 496 quae
1352 421 1554 481 minus
1572 423 1637 481 in
1656 421 1802 500 dog·
1857 442 1964 482 seu
1994 426 2272 500 expositio
2302 426 2365 481 in
2394 424 2431 483 l.
2463 423 2593 500 Job‚
2627 424 2710 482 ·in
2755 444 2874 500 qua
2906 426 3136 493 ,totam

522 509 784 567 matibus
819 509 1217 568 illustrandis
1240 515 1572 581 versantur,
1621 529 1801 586 quam
1857 514 1985 588 ejus
2030 514 2436 589 propheticam
2468 513 2781 572 historiam
2813 559 2828 572 .
2861 558 2874 573 .
2911 558 2921 570 .
2968 514 3134 592 largo

521 598 725 672 potius
774 598 849 655 in¹
889 598 1215 658 formandis
1263 599 1531 658 moribus
1582 605 1644 658 et
1706 601 1798 659 in·
1856 602 2227 676 eloquentiae
2258 603 2421 661 fonte
2463 603 2732 678 explicat.
2796 603 2867 661 In
2913 604 3140 679 quibus

523 686 828 745 struendis
851 687 1193 763 pastoribus
1226 687 1288 745 in
1320 690 1415 763 pie
1446 688 1802 764 utiliterque
1858 687 2000 773 (ll.)
2036 691 2277 766 quidem
2338 694 2564 766 quanta
2611 693 2900 767 mysteria
2949 712 3137 753 sacra-

520 775 780 851 gerendo
814 793 922 835 suo
955 795 1217 846 munere,
1253 778 1444 836 multa
1474 781 1634 837 sunt.
1700 777 1800 837 In-

523 864 777 939 cipimus
823 865 897 923 ab
942 866 1071 941 ejus
1117 865 1424 925 laboribus
1464 869 1527 925 in
1557 886 1603 926 s.
1638 868 1799 927 Scri·

515 960 777 1028 pem-am,
812 973 990 1028 quam
1019 955 1261 1013 maximi
1288 974 1519 1032 semper
1548 957 1706 1027 fecit,
1732 960 1803 1015 'et

522 1043 693 1117 cujus
725 1043 1110 1103 inexhaustos
1138 1045 1453 1105 thesauros
1498 1065 1606 1121 pro
1639 1046 1801 1105 omni

521 1131 811 1190 humanae
872 1133 1029 1191 vitae
1090 1136 1256 1192 statu
1326 1137 1390 1193 et
1458 1135 1800 1196 conditione

521 1221 957 1291 sanctificanda,
1021 1223 1152 1297 ipse
1214 1223 1266 1280 si
1329 1224 1462 1298 quis
1512 1243 1798 1300 unquam,

519 1309 817 1369 uberrime
851 1311 1084 1386 aperuit
1097 1308 1163 1393 ¹).
1210 1312 1469 1371 Mor-alia
1499 1313 1558 1376 ll.
1594 1313 1798 1373 XXXV

519 1512 767 1588 Einfluss
793 1519 987 1587 geubt.
1037 1517 1140 1571 Die
1189 1519 1363 1592 krafti
1430 1518 1604 1572 milde
1633 1519 1800 1572 Hand

520 1588 762 1657 Gregors
824 1590 1150 1642 vermochte
1213 1606 1270 1643 es
1289 1632 1302 1655 ‚
1405 1607 1476 1645 en
1536 1590 1801 1645 Stflrmen

520 1658 855 1729 Schweigen
881 1679 950 1713 zu
977 1660 1260 1730 gebieten.
1301 1661 1654 1717 Liebevolles
1681 1662 1800 1715 und

520 1727 960 1787 einnehmendes
1001 1731 1185 1803 Eutge
1231 1733 1572 1787 enkommen
1616 1748 1802 1813 gegen

520 1817 544 1853 s
587 1801 721 1854 rode
750 1800 1061 1868 Gewalten‚
1102 1752 1228 1856 ung
1261 1804 1409 1857 doch
1448 1805 1711 1875 zugleich
1741 1804 1802 1857 in

571 1872 897 1946 erbindung
924 1874 1108 1928 damit
1122 1874 1440 1945 Festigkeit
1465 1876 1585 1929 und
1602 1875 1802 1945 eigene

520 1942 763 2015 Energie
850 1945 979 1999 sind
1067 1946 1330 2016 wenigen
1417 1946 1802 2002 historischen

520 2017 761 2069 Grbssen
786 2019 895 2071 auf
926 2016 1269 2098 geistlichen
1308 2017 1445 2072 oder
1471 2018 1802 2081 weltlichen

519 2086 787 2142 Thronen
812 2105 872 2141 so
901 2104 1068 2158 eigen
1135 2104 1355 2151 ewesen
1383 2089 1489 2142 wie
1517 2088 1731 2160 Gregor
1761 2090 1802 2161 l.

517 2156 828 2212 VieIleicht
865 2160 969 2212 hat
1006 2176 1114 2214 auc
1195 2159 1288 2214 nie
1330 2160 1424 2213 ein
1451 2160 1662 2231 'Preger
1701 2160 1803 2214 der

518 2227 688 2282 Tiara
715 2229 879 2299 scine
896 2230 1159 2301 Stellung
1204 2231 1579 2302 grossartiger
1605 2234 1801 2301 aufge·

518 2299 661 2355 fasst
702 2301 822 2355 und
868 2302 1021 2356 aeine
1063 2302 1418 2372 Auffassuug
1457 2303 1639 2357 voller
1681 2303 1800 2356 und

516 2371 853 2426 reichlicher
879 2373 1274 2441 verwirklicht
1298 2417 1313 2431 .
1344 2413 1356 2427 .
1382 2414 1393 2426 .
1421 2373 1498 2428 Er
1524 2375 1628 2428 hat
1650 2375 1802 2428 auch

519 2442 630 2495 den
671 2442 788 2497 Gru
799 2444 866 2496 nd
910 2446 1106 2515 gelegt
1149 2463 1218 2498 zu
1264 2446 1392 2498 dem
1441 2444 1802 2511 mittelalter-

517 2512 709 2568 lichen
725 2514 1160 2570 Kirchenstaate
1188 2516 1307 2569 und
1328 2516 1427 2570 der
1444 2516 1800 2572 mittelalter-

516 2585 706 2641 lichen
735 2588 1185 2658 Machtstellung
1221 2589 1318 2642 des
1346 2589 1674 2659 Papsttums
1705 2629 1718 2641 .
1744 2629 1757 2643 .
1788 2629 1799 2641 .

517 2657 698 2712 Nicht
720 2659 826 2714 mit
843 2658 1097 2714 Unrecht
1121 2677 1181 2712 sa
1227 2662 1283 2713 te
1311 2660 1351 2715 C
1367 2662 1389 2716 l
1407 2677 1441 2713 a
1458 2678 1498 2714 u
1514 2661 1573 2714 si
1593 2665 1620 2714 e
1641 2678 1669 2712 r
1687 2663 1800 2732 (op.

518 2728 637 2800 cit.)
663 2729 878 2801 Gregor
904 2731 1024 2785 und
1051 2731 1152 2784 das
1239 2729 1518 2786 ittelalter
1543 2732 1697 2785 seien
1724 2748 1800 2784 an

517 2800 755 2856 einem
807 2801 959 2872 Tage
1009 2803 1275 2872 geboren.
1340 2802 1653 2857 Nirschl
1705 2803 1800 2866 m,

516 2881 543 2937 5
589 2878 692 2929 335
733 2891 833 2934 ss.;
893 2873 1154 2927 Grisar
1197 2873 1311 2927 KL.
1351 2875 1418 2937 V,
1468 2878 1799 2932 1075-1092:

516 2943 960 3015 Potthastp.
992 2951 1198 3001 13490.
1225 2949 1332 3000 etc.
1748 2951 1751 2952 ⁷

595 3018 630 3084 ¹)
660 3014 857 3069 Plures
868 3015 1121 3069 collectis
1132 3015 1439 3086 diligenter
1452 3035 1493 3071 s.
1512 3016 1801 3086 pontificis

516 3085 974 3156 expositionibus
999 3087 1252 3140 locorum
1282 3105 1324 3141 s.
1353 3088 1681 3158 Scripturae
1699 3103 1801 3158 per

516 3158 639 3226 ejus
666 3157 879 3228 scripta
907 3158 1116 3228 sparsis
1137 3157 1253 3211 alia
1266 3161 1442 3227 atque
1458 3158 1575 3213 alia
1591 3158 1800 3229 compi·

516 3230 714 3283 larunt
739 3246 928 3298 opera.
969 3229 1056 3283 [ta
1098 3230 1137 3281 L
1153 3247 1188 3281 a
1203 3229 1241 3283 d
1258 3230 1296 3282 k
1313 3247 1343 3283 e
1360 3248 1397 3283 n
1420 3248 1455 3283 u
1474 3248 1500 3284 s
1543 3229 1800 3299 quidam,

517 3299 929 3364 HiberniensiS,
991 3300 1065 3354 ad
1127 3302 1291 3369 cujus
1342 3304 1673 3372 excerptum
1737 3301 1800 3354 in

515 3371 726 3425 Jobum
770 3372 820 3424 N
838 3376 914 3429 ott
928 3371 966 3423 k
986 3388 1014 3424 e
1030 3389 1060 3423 r
1079 3392 1113 3425 u
1130 3390 1157 3425 s
1196 3372 1477 3427 Balbulus
1518 3375 1639 3428 loco
1667 3390 1799 3427 mox

516 3442 612 3497 cit.
633 3444 854 3511 relegat
873 3442 1229 3497 Salomonem
1248 3442 1597 3514 discipulum
1614 3461 1801 3507 suum,

517 3530 630 3580 quo
659 3513 920 3567 adhibito
959 3513 1141 3574 „nihil
1167 3514 1276 3569 tibi
1300 3514 1559 3568 invenies
1584 3514 1658 3568 ad
1684 3515 1800 3584 ple-

514 3600 654 3637 num
699 3584 1053 3639 intellectum
1101 3585 1344 3645 deesse“,
1395 3586 1583 3655 Hujus
1609 3589 1802 3640 tamen

515 3654 678 3707 labor
703 3654 1060 3709 intercidisse
1100 3656 1349 3720 videtur,
1386 3660 1563 3725 atque
1602 3656 1803 3711 biblio·

516 3726 726 3796 graphi
766 3727 835 3779 de
876 3729 1068 3781 nostro
1109 3727 1283 3781 silent
1320 3730 1570 3783 auctore.
1596 3761 1666 3770 -
1693 3729 1802 3782 No-

518 3796 630 3851 tior
656 3801 742 3850 est
767 3797 809 3850 P
825 3814 859 3850 a
876 3800 901 3850 t
915 3814 944 3850 e
961 3816 988 3851 r
1004 3798 1024 3851 i
1039 3816 1078 3851 u
1097 3817 1121 3851 s
1158 3817 1203 3852 s.
1238 3799 1527 3869 pontificis
1554 3798 1802 3869 discipu·

516 3869 625 3933 lus,
646 3884 791 3922 rom.
843 3868 1125 3924 Ecclesiae
1164 3870 1424 3924 notarius
1462 3872 1522 3924 et
1545 3870 1801 3924 secundi-

516 3939 717 4004 cerius,
745 3939 847 4008 qui
875 3941 999 4010 ipso
1029 3941 1297 4010 pontifice
1324 3943 1594 3996 hortante
1618 3944 1679 3996 et
1703 3958 1800 4012 ap-

517 4012 796 4082 probante
836 4011 1207 4066 concinnavit
1245 4019 1618 4081 expositionem
1660 4016 1712 4066 V.
1738 4033 1803 4068 ac

1855 783 2191 842 mentorum
2238 781 2582 856 aperiantur
2601 805 2608 818 ,
2628 784 2970 858 quantaque
3016 783 3141 841 sint

1857 870 1920 927 iu
1939 887 2208 929 amorem
2229 870 2388 929 vitae
2406 875 2677 931 aeternae
2696 875 3009 947 praecepta
3039 874 3138 931 vel

1857 962 2080 1033 quanta
2112 959 2374 1018 clareant
2420 964 2766 1020 ornamenta
2796 960 3135 1029 verborum,

1856 1066 2029 1107 nemo
2062 1048 2294 1123 sapiens
2332 1048 2623 1124 explicare
2668 1049 2907 1119 valebit,
2956 1050 3139 1110 etiam

1858 1137 1908 1195 si
1954 1156 2156 1195 omues
2196 1140 2362 1196 artus
2392 1139 2871 1212 ejus‘vertantur
2912 1139 2975 1197 in
3022 1139 3139 1197 lin·

1856 1234 2068 1302 guas.‘
2137 1224 2231 1285 Ita
2279 1226 2550 1286 Isidorus
2597 1226 2747 1302 hisp.
2811 1227 2883 1286 de
2934 1229 3136 1305 script.

1855 1333 1902 1373 o.
1926 1324 2028 1377 40.
2077 1314 2240 1390 Opus
2272 1315 2380 1374 hoc
2408 1318 2699 1389 coeperat,
2731 1315 2876 1375 dum
2896 1316 3139 1393 degeret

1857 1404 2270 1480 apocrisiarius
2302 1405 2661 1479 apostolicus
2704 1405 2827 1475 GP„
2878 1406 3139 1471 absolvit

1857 1512 2000 1552 vero
2025 1493 2307 1569 pontifex.
2356 1493 2563 1553 Obiter
2586 1494 2971 1569 persequitur
3002 1512 3135 1554 sen*

1856 1601 1990 1641 sum
2023 1582 2378 1657 historicum
2421 1585 2705 1658 totusque
2750 1588 3028 1644 versatur
3076 1584 3139 1642 in

1857 1689 2040 1733 sensu
2072 1672 2282 1730 morali
2315 1671 2674 1731 evolvendo:
2708 1672 2852 1731 adeo
2884 1676 2955 1731 ut
2984 1691 3138 1748 opus

1858 1760 2123 1821 illud‘sit
2165 1760 2645 1837 copiosissimum
2690 1760 2763 1818 ad
2809 1778 3000 1821 mores
3044 1762 3138 1820 in-

1857 1849 2190 1908 formandos
2222 1850 2749 1927 promptuarium:
2773 1849 2911 1910 data
2939 1853 3138 1909 tame‘n

1856 1938 2159 2001 occasione
2188 1938 2347 1997 haud
2365 1956 2552 2013 pauca
2570 1938 2859 1998 Ecclesiae
2879 1939 3140 2000 adstruit

1857 2028 2154 2104 dogmata}
2209 2031 2388 2103 atque
2478 2028 2785 2086 confirmat
2860 2025 3139 2107 (Migne

1856 2115 2076 2187 LXXV,
2101 2116 2569 2187 509—-LXXV1‚
2595 2119 2764 2191 782).
2795 2117 2946 2186 ,Oui
2964 2118 3137 2187 libre,

1856 2205 2057 2280 inquit
2089 2206 2143 2265 N
2156 2225 2189 2264 o
2202 2205 2454 2267 tkerus
2474 2206 2779 2266 Balbulus
2800 2206 2871 2264 de
2889 2206 3137 2282 interpr.

1856 2293 1974 2353 div.
2008 2298 2125 2354 Ser.
2173 2312 2219 2356 c.
2269 2304 2303 2357 3
2355 2294 2632 2372 (Migne
2663 2294 2906 2365 CXXXI,
2962 2290 3138 2378 996),

1856 2386 1976 2441 tam
2008 2384 2199 2442 multa
2243 2384 2314 2441 de
2355 2383 2631 2443 omnibus
2662 2383 2904 2442 divinae
2935 2385 3137 2444 aucto-

1856 2472 2052 2531 ritatis
2099 2472 2338 2548 scriptis
2383 2472 2732 2532 testimonia
2776 2472 3035 2533 intexuit
3071 2487 3141 2531 et

1856 2562 2084 2621 intexta
2132 2560 2430 2633 dissolvit,
2481 2563 2554 2621 ut
2600 2561 2788 2637 liujus
2837 2563 3141 2622 occasione

1857 2652 1924 2714 V.
1969 2655 2032 2710 et
2077 2652 2149 2710 N.
2180 2651 2624 2712 Testamentum
2654 2650 2931 2711 videatur
2960 2671 3136 2728 expo·

1855 2741 2103 2816 suisse.‘
2154 2740 2383 2799 Prodiit
2413 2740 2674 2814 primum
2706 2741 2923 2800 Romae
2954 2749 3070 2804 147
3083 2751 3140 2804 5.

1853 2864 1939 2873 —
1962 2829 2253 2888 Homiliae
2273 2827 2435 2887 XXII
2468 2824 2558 2900 (in
2590 2837 2628 2891 :2
2665 2829 2729 2890 ll.
2752 2825 3138 2911 distributae)

1853 2920 1917 2977 in
1963 2918 2310 2976 Ezechielem
2358 2913 2636 3000 (LXXVI,
2691 2915 3136 3000 785—1072)‚

1855 3008 2078 3084 quibus
2127 3007 2326 3076 ,inter
2370 3006 2642 3065 assiduas
2681 3009 2939 3083 corporis
2971 3008 3139 3067 infir-

1856 3097 2111 3166 mitate's,
2142 3096 2298 3154 inter
2314 3096 2471 3154 diras
2485 3095 2664 3154 Urbis
2696 3098 2756 3154 et
2788 3096 2951 3156 orbis
2983 3097 3140 3155 cala-

1856 3186 2096 3244 mitates
2127 3185 2449 3261 mysticum
2480 3188 2543 3243 et
2582 3185 2863 3244 moralem
2894 3204 3139 3245 sensum

1855 3294 1961 3349 pro
2020 3274 2423 3333 aedificatione
2453 3293 2454 3296 ¹
2484 3273 2829 3334 auditorum
2889 3275 3142 3334 solerter

1856 3363 2169 3422 enucleat‘
2190 3359 2253 3444 ¹).
2318 3362 2586 3428 Modeste
2627 3364 2828 3421 autem
2859 3365 3137 3434 testatur,

1858 3453 2047 3510 Deum
2091 3451 2205 3510 sibi
2251 3469 2363 3510 suo
2408 3450 2628 3510 auxilio
2667 3451 2886 3510 mirum
2918 3452 2983 3511 in
3015 3471 3140 3511 mo-

1856 3541 2001 3598 dum
2033 3540 2286 3598 affuisse.
2356 3540 2544 3610 ,Scio,
2578 3539 2664 3598 ita
2696 3540 2798 3599 ille
2830 3540 2867 3599 l.
2887 3540 2962 3598 ΙΙ.
2985 3542 3140 3614 hom.

1862 3642 1894 3691 2
1929 3649 1986 3688 n.
2015 3641 2067 3700 1,
2103 3629 2244 3705 quia
2269 3628 2623 3704 plerumque
2654 3630 2848 3688 multa
2878 3630 2944 3688 in
2976 3648 3140 3689 sacro

1856 3718 2110 3794 eloqui0‚
2143 3736 2295 3794 quae
2318 3718 2482 3776 solus
2503 3717 2843 3795 intelligere
2877 3738 2999 3778 non
3032 3737 3140 3793 po-

1856 3807 1966 3878 tui,
2012 3825 2210 3866 coram
2253 3806 2542 3865 fratribus
2587 3807 2735 3865 meis
2782 3808 3014 3883 positus
3047 3808 3140 3866 in—

1856 3897 2075 3955 tellexi.
2137 3896 2219 3954 Ex
2253 3913 2371 3970 qua
2403 3915 2484 3966 re,
2517 3895 2811 3972 largiente
2842 3898 2977 3967 De‘o,
3012 3896 3141 3973 agi-

516 4087 582 4137 111.
617 4086 690 4136 Τ.
719 4099 866 4151 quae
913 4082 1084 4136 hodie
1126 4085 1410 4153 reperitur
1454 4084 1687 4138 nonnisi
1728 4084 1803 4138 ad
1859 4083 2092 4138 Parisiis
2123 4085 2638 4154 1516;>prologn1¹n
2664 4083 2856 4145 edidit>
2885 4083 3143 4138 Mabil·

516 4154 752 4208 Cantica
793 4172 973 4223 usque
1014 4153 1399 4209 canticorum:
1440 4171 1608 4224 quem
1649 4157 1802 4211 labo·
1857 4156 1984 4211 lon
2023 4156 2086 4207 in
2128 4156 2290 4214 Anal.
2331 4155 2372 4207 t.
2418 4163 2464 4210 1.
2519 4154 2753 4209 Parisiis
2784 4157 2938 4212 1675.
2967 4188 3029 4197 —
3061 4155 3143 4208 De

410 4273 413 4274 γ
515 4242 633 4279 rem
661 4225 1028 4279 continuavit
1065 4242 1110 4278 c.
1137 4241 1187 4279 a.
1220 4235 1356 4282 1100
1399 4226 1646 4281 Bruno
1688 4245 1803 4282 mo·
1860 4226 1900 4280 G
1923 4226 2177 4279 arneri
2219 4242 2310 4296 op.
2351 4229 2761 4295 Gregorianum‚
2802 4226 2955 4295 quod
2996 4243 3145 4282 com·

516 4297 754 4352 nachuS.
780 4296 1003 4351 Prodiit
1018 4296 1228 4352 Romae
1250 4305 1401 4362 1553,
1427 4314 1549 4352 rece
1595 4302 1654 4351 ta
1669 4297 1804 4352 dein
1859 4296 2134 4367 plectitur
2159 4296 2541 4368 expositiones
2567 4298 2907 4368 allegoricas
2933 4298 2994 4352 11.
3014 4297 3146 4352 XVI

516 4368 633 4421 fuit
659 4368 844 4420 varias
883 4367 944 4422 in
986 4368 1265 4423 editiones
1310 4386 1441 4439 opp.
1470 4389 1511 4422 s.
1569 4369 1805 4439 'tegorii
1858 4385 1888 4423 e
1930 4369 2081 4424 imus
2121 4368 2418 4423 Nomencl.
2458 4369 2553 4433 IV,
2580 4375 2663 4427 96.
2692 4402 2758 4409 —
2785 4368 3022 4425 Demum
3052 4369 3144 4423 Fr.

518 4442 585 4492 ut
622 4455 654 4491 a
696 4438 947 4507 Migne
989 4439 1231 4505 LXXIX,
1266 4443 1602 4497 683-1137.
1634 4475 1692 4482 —
1723 4441 1804 4495 Si·

1922 4457 1955 4494 ο
1973 4439 2093 4494 bia
2110 4458 2136 4493 s
2177 4439 2414 4510 collegit
2455 4444 2614 4495 biblia
2659 4445 2998 4509 Greyoriana
3033 4456 3141 4496 ,seu

517 4510 650 4564 mile
677 4513 763 4563 est
801 4510 1053 4591 Alulfi
1096 4513 1406 4579 Gregorfaze
1442 4528 1616 4582 super
1642 4511 1712 4564 N.
1740 4512 1801 4567 T.
1858 4510 2268 4593 commentaria
2311 4514 2575 4592 ter-tuum
2621 4528 2663 4565 s.
2707 4511 3036 4582 Scripturae
3073 4528 3142 4567 ex

518 4598 617 4634 seu
659 4580 1046 4651 Gregorianae
1087 4581 1472 4652 expositiones
1497 4600 1543 4637 c.
1572 4600 1622 4635 a.
1668 4587 1803 4641 1096
1861 4585 2128 4637 omnibus
2153 4583 2417 4652 Gregorii
2441 4599 2600 4708 opf.u
2601 4584 2897 4653 Augustae
2913 4583 2982 4637 V.
3005 4586 3140 4639 1731

519 4652 1044 4734 compilatac‚.quae
1063 4653 1404 4722 prodierunt
1415 4654 1520 4707 sub
1538 4653 1701 4707 Pate
1714 4653 1804 4707 rii
1858 4654 1922 4707 in
1949 4655 2002 4707 f.
2041 4654 2125 4708 Cf.
2168 4654 2207 4707 F
2225 4670 2254 4707 e
2271 4671 2296 4707 s
2311 4654 2417 4708 sle
2432 4671 2460 4706 r
2477 4685 2494 4695 ·

2616 4671 2940 4724 ngmann
2984 4664 3012 4721 5
3039 4656 3141 4711 271

519 4740 749 4777 nomine
776 4723 986 4777 Romae
1012 4732 1145 4779 1552
1161 4741 1290 4779 cum
1307 4742 1439 4795 opp.
1463 4743 1503 4781 s.
1522 4725 1803 4794 Gregorii,
1859 4728 2054 4780 annot.

524 4792 578 4844 M
596 4793 616 4844 i
632 4813 670 4862 g
688 4811 722 4844 n
742 4810 770 4846 e
796 4793 1042 4857 LXXIX,
1060 4801 1084 4848 1
1099 4800 1414 4851 137-—1424
1430 4799 1486 4850 et
1500 4796 1617 4864 iam
1633 4799 1804 4850 antea

1939 4799 1974 4867 ¹)
2003 4796 2086 4851 Cf.
2114 4796 2885 4866 Fessler-Jungmann
2916 4805 2943 4863 ἓ
2970 4803 3092 4853 266.
