3505 5161
368 226 498 280 297·

900 207 1201 263 Pontifices
1227 223 1367 262 rom.
1396 206 1751 274 Anastasius,
1781 207 2169 275 Innocentius,
2197 208 2469 264 Zosimus.

2866 225 2991 280 298

472 406 610 458 160.
673 396 759 454 Ex
806 395 1065 454 romanis
1126 394 1655 471 pontificibus
1717 395 2088 473 lagianorum
2122 396 2501 455 damnatione
2539 395 2867 455 cumulavit
2884 389 2995 475 ¹).‘

368 503 577 543 omnes
609 486 792 560 hujus
822 484 1053 560 periodi
1080 488 1312 543 merent
1342 483 1653 553 nominari,
1718 484 1886 543 Obiit
1924 493 2021 548 12.
2054 484 2225 548 Mart.
2261 494 2405 547 417.
2464 485 2551 544 Ex
2583 486 2712 560 ejus
2744 485 2999 559 epistolis

368 573 515 649 quia
545 574 865 649 praeclaris
896 572 1071 632 editis
1103 571 1298 632 literis
1315 590 1420 648 pro
1434 571 1659 631 tuenda
1712 576 2040 650 supersunt
2087 581 2187 643 38,
2239 574 2303 632 111
2350 573 2569 648 quibus
2615 573 2995 649 splendidum

372 662 488 721 fide
532 663 819 722 catholica
862 664 1178 721 steterunt.
1225 663 1279 723 S.
1327 662 1659 721 Anasta-

375 748 726 833 sii1(398
760 750 797 819 'l'
830 752 1036 814 4.Dec.
1059 747 1235 834 401),
1271 770 1448 826 quem
1480 769 1659 809 mar-

369 842 870 918 tyrologium
900 839 1660 910 romanumvocat,virum

371 930 709 991 ditissimae
769 928 1142 1006 paupertatis
1202 932 1265 988 et
1309 929 1662 1007 apostolicae

377 1019 804 1079 sollicitudinis
818 1028 867 1091 ⁸,
921 1022 1246 1096 supersunt
1275 1022 1396 1078 tres
1424 1021 1662 1077 tantum

372 1109 652 1183 epistolae
665 1107 728 1186 ¹),
775 1109 1078 1168 occasione
1128 1108 1662 1168 controversiarum

379 1200 451 1257 de
484 1197 761 1274 Origenis
808 1197 1090 1267 doctrina,
1138 1215 1318 1272 quam
1370 1215 1510 1256 sane
1541 1212 1664 1254 non

377 1287 669 1363 probavit,
706 1305 960 1362 quarum
1010 1286 1159 1345 duas
1208 1286 1387 1345 habes
1433 1285 1558 1345 scil.
1591 1284 1663 1342 ad

374 1377 670 1435 Joannem
704 1375 976 1435 hierosol.
1009 1378 1071 1434 et
1102 1375 1553 1451 Simplicianum
1574 1392 1665 1448 ep.

379 1465 615 1524 mediol.
666 1465 920 1543 Migne
971 1465 1031 1526 P.
1084 1464 1145 1529 L.
1197 1464 1317 1535 XX,
1375 1472 1663 1532 65—763

377 1554 715 1632 fragmenta
744 1553 957 1613 tertiae
986 1553 1060 1613 ad
1092 1553 1413 1613 Venerium
1434 1572 1526 1629 ep.
1544 1570 1667 1611 me-

374 1644 780 1703 diolanensem
814 1643 1041 1718 reperit
1071 1642 1376 1719 ediditque
1408 1643 1465 1701 C.
1484 1642 1666 1701 Rue·

379 1735 507 1792 len
525 1750 553 1790 s
643 1733 708 1790 in
798 1731 1159 1808 Bibliophile
1233 1732 1414 1810 Belge
1500 1739 1656 1795 1871

380 1842 442 1899 p.
498 1811 865 1891 123—-129,
916 1821 1053 1880 dein
1104 1821 1333 1881 Nolte
1386 1820 1667 1879 Katholik

392 1911 640 1981 18721,
668 1919 1012 1974 123—129
1033 1911 1164 1971 etJ.
1186 1909 1392 1969 vande
1413 1910 1668 1985 Gheyn

381 2000 585 2059 Bevus
630 1999 830 2059 d'hist.
880 2004 942 2058 et
972 1999 1045 2059 de
1077 1999 1258 2059 litter.
1290 2000 1459 2076 relig.
1501 2007 1665 2062 1899

381 2088 480 2159 IV,
527 2097 754 2152 1-12,
784 2089 930 2148 Erat
959 2088 1221 2148 amicitia
1242 2089 1494 2164 junctus
1516 2088 1670 2146 Pau·

383 2177 509 2237 lino
543 2178 772 2236 Nolano
805 2181 866 2236 et
885 2177 1267 2254 Hieronymo,
1301 2177 1407 2252 qui
1430 2196 1517 2253 ep.
1549 2185 1664 2239 127

380 2268 461 2326 al.
501 2277 579 2330 16
615 2267 689 2325 ad
720 2266 912 2328 Princ.
952 2287 1010 2326 n.
1050 2277 1127 2331 10
1180 2267 1253 2325 de
1297 2284 1365 2326 00
1398 2266 1669 2341 scripsit:

388 2356 566 2415 Hunc
598 2356 746 2425 ,diu
792 2357 976 2414 Roma
1019 2355 1233 2414 habere
1281 2374 1402 2414 non
1433 2355 1668 2425 meruit,

396 2463 474 2503 ne
504 2444 660 2503 orbis
694 2448 876 2521 caput
907 2444 1021 2503 sub
1052 2445 1162 2504 tali
1191 2445 1462 2521 episcopo
1497 2448 1669 2503 trun·

392 2536 639 2594 caretur.
733 2534 859 2594 Imo
933 2534 1152 2594 idcirco
1221 2537 1430 2611 raptus
1493 2537 1671 2609 atque

390 2624 720 2683 translatus
752 2628 866 2694 est,
899 2643 976 2684 ne
1008 2624 1188 2683 semel
1221 2624 1400 2683 latam
1433 2627 1672 2682 senten-

386 2712 541 2771 tiam
572 2713 844 2789 precibus
877 2714 1005 2772 suis
1025 2714 1263 2773 flectere
1298 2716 1626 2772 conareturx
1641 2720 1668 2751 ⁸

386 2821 530 2861 nam
575 2803 744 2861 brevi
788 2805 925 2878 post
971 2804 1101 2879 ejus
1144 2805 1394 2861 mortem
1427 2801 1610 2860 Roma
1640 2821 1674 2860 a

384 2890 604 2950 Gothis
636 2896 806 2966 capta
835 2895 898 2950 et
928 2892 1160 2967 direpta
1190 2891 1323 2950 fuit.

491 3080 631 3132 161.
666 3070 878 3128 Statim
930 3074 1068 3145 post
1099 3069 1398 3128 Anastasii
1443 3068 1673 3127 obitum

384 3161 455 3218 in
506 3160 637 3234 ejus
687 3160 886 3217 locum
930 3158 1199 3217 unanimi
1246 3159 1672 3234 episcoporum,

390 3247 536 3308 cleri
568 3248 895 3323 populique
927 3264 1221 3307 consensu
1253 3247 1535 3305 suffectus
1584 3248 1679 3305 est

393 3337 423 3393 Ι
439 3356 481 3396 11
496 3355 537 3395 11
548 3355 581 3395 0
598 3355 630 3394 0
643 3355 675 3395 0
691 3355 730 3394 11
744 3341 774 3395 t
788 3337 809 3394 i
825 3356 868 3396 11
884 3354 912 3394 s
944 3337 1037 3396 vir
1050 3337 1305 3413 insignis
1324 3335 1677 3411 prudentiae

391 3429 458 3484 et
476 3425 935 3496 sanctitatisx21.
957 3426 1089 3484 Dec.
1113 3436 1231 3489 401
1258 3446 1271 3484 :
1306 3465 1334 3495 ,
1349 3425 1490 3483 Tam
1510 3442 1678 3501 grae-

396 3532 603 3573 corum
636 3495 1169 3590 quamlstfiiomm
1221 3514 1431 3591 elogiis
1456 3515 1594 3590 jure
1625 3514 1677 3571 is

395 3622 550 3680 papa
611 3606 928 3663 exornatus
988 3603 1123 3662 fuit.
1184 3603 1359 3662 Hunc
1417 3603 1679 3679 primum

396 3693 679 3769 persequi
711 3693 763 3750 N
767 3693 1073 3752 ovatianos
1118 3693 1379 3769 coepisse
1429 3710 1495 3750 ac
1527 3691 1680 3750 mul-

398 3792 492 3840 tas
524 3782 610 3841 eis
642 3782 918 3840 ecclesias
934 3780 1220 3841 ademisse
1253 3781 1519 3841 Socrates
1549 3780 1679 3850 VII,

401 3882 440 3933 9
475 3873 681 3930 auctor
713 3874 820 3934 est.
886 3871 1260 3948 Singularem
1310 3873 1509 3930 autem
1554 3870 1681 3946 glo-

400 3959 552 4018 riam
582 3959 835 4035 adeptus
869 3962 962 4018 est
999 3960 1297 4019 constanti
1326 3960 1418 4020 J0.
1458 3958 1681 4034 Chry-

404 4067 431 4108 s
448 4067 482 4108 o
499 4067 528 4107 s
542 4052 571 4107 t
589 4066 623 4107 o
640 4048 736 4108 mi
764 4048 1124 4112 defensione.
1157 4048 1324 4107 Hanc
1342 4048 1558 4106 deinde
1577 4065 1682 4105 an-

403 4137 1489 4213 tiochenaealiarumqueorientalium
1500 4136 1685 4195 eccle-

404 4227 633 4287 siarum
665 4227 1149 4286 reconciliatione
1169 4230 1231 4285 et
1250 4244 1389 4302 pace
1423 4244 1545 4284 non
1564 4241 1686 4282 me-

406 4316 686 4376 diocriter
705 4315 897 4386 auxit;
919 4334 985 4375 ac
1004 4319 1304 4392 postremo
1317 4314 1566 4374 solemni
1578 4314 1686 4373 Pe-

408 4463 453 4484 „1-

1713 662 2176 738 absolutumque
2208 663 2437 722 romani
2455 662 2756 739 pontificis
2775 663 2996 721 intueri

1713 752 1859 812 licet
1889 753 2240 828 exemplum.
2290 752 2574 810 Conscius
2605 751 2765 810 enim
2794 754 2995 827 potes-

1714 840 1861 899 tatis
1894 840 2187 901 divinitus
2221 841 2338 900 sibi
2369 841 2622 900 traditae
2653 843 2834 916 atque
2863 860 2996 900 mu-

1716 930 1877 989 neris
1939 930 2264 989 concrediti
2313 928 2781 990 sollicitudinem
2844 930 3001 1006 gerit

1717 1018 1987 1078 omnium
2019 1019 2418 1086 ecclesiarum,
2453 1037 2655 1078 curam
2687 1037 2854 1078 suam
2886 1018 2998 1077 im-

1716 1107 1930 1184 pendit
1960 1107 2190 1167 Orienti
2222 1112 2285 1168 et
2306 1108 2624 1178 Occidenti‚
2646 1107 3001 1185 gravissima

1719 1195 1859 1256 fidei
1891 1215 2241 1273 morumque
2272 1197 2510 1257 ordinat
2529 1197 2784 1274 negotia,
2820 1196 3000 1256 disci-

1718 1286 1918 1361 plinae
1949 1286 2377 1346 ecclesiasticae
2397 1287 2589 1345 sancit
2607 1287 2858 1349 decreta.
2894 1286 3000 1345 Pa-

1718 1377 1887 1433 terne
1919 1376 2211 1446 hortatur,
2258 1376 2597 1435 authentice
2629 1376 2816 1445 docet,
2867 1392 3003 1434 cum

1720 1465 2017 1540 potestate
2051 1465 2249 1541 arguit
2279 1467 2340 1523 et
2370 1464 2616 1540 corripit
2646 1464 2742 1522 vel
2774 1464 3002 1539 episco-

1720 1571 1847 1629 pos,
1879 1555 2147 1629 pastores
2181 1554 2317 1613 sede
2337 1553 2542 1629 pulsos
2563 1553 2791 1611 solatur
2822 1555 3004 1628 atque

1720 1647 1946 1713 tuetur,
1994 1642 2203 1702 dubios
2247 1645 2651 1716 nutantesque
2697 1641 3006 1700 confirmat

1724 1749 1951 1790 memor
1982 1749 2215 1809 semper
2257 1732 2424 1791 illius
2454 1750 2518 1791 se
2549 1749 2673 1790 esse
2705 1748 3007 1790 successo·

1722 1839 1867 1891 rem,
1902 1819 2011 1889 ,in
2042 1838 2161 1896 quo
2195 1820 2543 1880 universalis
2575 1820 2867 1879 Ecclesiae
2898 1838 3004 1896 po·

1724 1910 1908 1968 situm
1941 1926 2070 1968 esse
2101 1910 2357 1987 legimus
2376 1909 2826 1968 fundamentum
2852 1903 3005 1992 (Bo-

1723 1998 2066 2058 nifatius
2098 1997 2126 2054 I
2158 2018 2249 2075 ep.
2288 2010 2320 2062 5
2355 2017 2414 2061 11.
2454 1994 2578 2080 1).‘
2627 1998 2783 2057 Hinc
2814 1999 3007 2074 potio·

1721 2105 1818 2146 res
1851 2088 2063 2146 saltem
2094 2087 2359 2164 ejusdem
2394 2088 2666 2162 epistolas
2710 2086 3006 2147 edidimus

1725 2176 1886 2235 inter
1915 2178 2204 2253 opuscula
2234 2177 2448 2236 selecta
2465 2177 2798 2253 Oeniponte
2831 2184 3005 2240 1872.

1723 2264 1901 2336 XVII,
1939 2274 2274 2335 243—-82;
2308 2265 2516 2337 XVIII,
2559 2278 2712 2329 1-1
2739 2277 2831 2329 10.

1832 2452 1972 2507 162.
2007 2444 2352 2504 Innocentio
2384 2443 2428 2501 1.
2460 2462 2596 2503 mox
2617 2444 2902 2503 suffectus
2920 2448 3012 2503 est

1731 2532 1772 2592 Z
1793 2533 2091 2594 osimus
2142 2533 2383 2593 natione
2436 2533 2710 2597 Graecus.
2771 2533 3013 2593 Astutia

1729 2623 2009 2684 Coelestii
2041 2626 2100 2681 et
2131 2623 2359 2700 Pelagii
2391 2623 2770 2682 simulatione
2804 2623 3009 2699 decep-

1727 2716 1833 2772 tus
1867 2711 2282 2789 indulgentius
2329 2711 2501 2770 initio
2551 2730 2682 2770 cum
2716 2712 2801 2771 eis
2831 2731 3011 2789 agen-

1730 2802 1874 2862 dum
1908 2800 2172 2860 censuit:
2206 2820 2324 2876 qua
2355 2803 2554 2859 tamen
2586 2804 2886 2875 comperta
2923 2805 3012 2859 at·-

1731 2909 1850 2966 que
1912 2890 2141 2949 iteratis
2204 2889 2600 2948 africanorum
2666 2890 3012 2965 praesulum

1724 2979 2000 3057 precibus
2016 2982 2077 3037 et
2091 2978 2396 3037 luculenta
2413 2996 2624 3036 causae
2644 2978 3010 3054 expositione

1727 3068 2017 3127 haeresim
2078 3068 2446 3144 pelagianam
2507 3068 2826 3136 damnavit,
2889 3067 3009 3126 imo

1732 3160 1890 3216 teste
1906 3157 2089 3215 Pros
2105 3176 2145 3233 p
2164 3174 2290 3215 ero
2322 3156 2452 3215 adv.
2469 3155 2821 3214 Collatorem
2836 3174 2882 3214 c.
2907 3165 3006 3219 21.

1731 3265 1791 3305 n.
1843 3255 1922 3311 68
1978 3243 2092 3315 ,ad
2142 3245 2461 3321 impiorum
2506 3245 3014 3304 detruncationem

1732 3336 1933 3412 gladio
1965 3333 2130 3393 Petri
2160 3334 2428 3392 dexteras
2461 3334 2727 3393 omnium
2766 3334 3018 3392 armavit

1735 3424 2142 3493 antistitum,‘
2174 3424 2360 3483 missa
2392 3423 2516 3482 scil.
2552 3423 2841 3482 adomnes
2862 3424 3017 3498 epis-

1737 3532 1917 3590 copos
1949 3512 2224 3588 epistola,
2257 3530 2409 3588 quae
2448 3513 2750 3570 Tractoria
2780 3512 3017 3583 dicitur,

1737 3606 1799 3662 et
1832 3619 1983 3678 quae
2015 3620 2121 3678 per
2151 3604 2348 3661 totum
2378 3602 2581 3661 orbem
2628 3602 3017 3678 subscriptio·

1736 3691 1917 3749 nibus
1951 3694 2290 3749 sanctorum
2321 3693 2559 3767 patrum
2593 3694 2684 3749 est
2712 3691 3017 3750 roborata:

1737 3780 1844 3855 qui
1875 3798 2012 3838 vero
2044 3780 2540 3855 subscriptionem
2591 3778 3017 3848 detrectarunt,

1739 3868 1878 3927 sede
1910 3885 2019 3927 sua
2040 3871 2182 3927 sunt
2196 3868 2448 3944 privati:
2485 3886 2593 3950 ,ex
2630 3869 2852 3943 quibus
2884 3868 3021 3945 plu-

1737 3956 1893 4027 rimi,
1911 3959 2066 4016 teste
2080 3957 2155 4015 M.
2188 3958 2247 4016 M
2263 3976 2295 4015 e
2312 3960 2475 4016 rcat
2492 3975 2636 4030 ore,
2671 3957 3020 4033 resipiscen-

1817 4133 1851 4199 ⁸)
1866 4125 2235 4182 Constantius
2247 4143 2338 4197 op.
2351 4126 2447 4179 cit.
2459 4146 2512 4196 p.
2523 4128 2556 4182 7
2560 4129 2629 4182 37
2631 4132 2774 4189 -932,
2786 4125 2890 4193 qui
2900 4127 2949 4196 ej
2957 4144 3022 4179 us

1741 4199 1973 4254 exhibet
2000 4196 2270 4268 epistolas
2316 4199 2373 4250 et
2397 4198 2466 4250 de
2494 4195 2736 4266 perditis
2760 4200 3022 4251 accurate

1743 4270 1988 4325 disserit.
2041 4268 2122 4324 Cf.
2151 4267 2239 4322 ed.
2265 4269 2300 4322 S
2316 4269 2398 4322 ch
2416 4284 2448 4321 o
2465 4284 2493 4321 e
2511 4286 2550 4320 n
2566 4285 2595 4321 e
2617 4288 2671 4322 m
2691 4285 2725 4320 a
2741 4287 2777 4323 n
2794 4285 2832 4320 n
2860 4268 3023 4322 (31001,-

1742 4342 1940 4412 tingue
1987 4346 2118 4397 1796
2159 4340 2200 4404 Ι,
2241 4345 2551 4396 495—661:
2605 4338 2661 4392 M
2678 4357 2711 4391 a
2727 4356 2764 4390 n
2782 4338 2843 4391 si
2894 4339 3024 4394 coll.

1743 4430 1898 4469 conc.
1927 4412 2022 4476 111,
2052 4415 2403 4468 1028—1140
2443 4426 2572 4464 cum
2612 4410 2808 4465 multis
2846 4426 3024 4465 acces-

1745 4483 2006 4540 sionibus
2023 4505 2036 4543 ς
2060 4483 2118 4536 M
2134 4483 2156 4536 i
2172 4502 2210 4552 g
2226 4501 2264 4534 n
2280 4499 2310 4535 e
2337 4482 2440 4535 XX
2466 4486 2779 4540 463—639;
2806 4481 2851 4534 Τ
2869 4481 3024 4537 1110-

487 4558 523 4627 ·)
550 4554 632 4610 Cf.
678 4555 748 4609 de
792 4555 914 4625 ejus
958 4572 1045 4627 ep.
1073 4554 1386 4627 deperditis
1429 4556 1691 4611 accurate
1746 4576 1798 4611 m
1819 4573 1906 4610 on
1924 4558 1950 4608 t
1991 4555 2058 4618 X,
2086 4557 2318 4612 627-666
2352 4556 2411 4607 et
2441 4555 2671 4614 827-35;
2715 4552 2754 4605 F
2773 4555 3027 4608 essler·

410 4626 1692 4698 disserentemConstantEpist.rom.pont.
1746 4626 2175 4696 Jungmann
2201 4623 3028 4691 §178zNirscth15206ss.

410 4697 642 4752 Parisiis
697 4703 830 4754 1721
884 4714 1016 4770 pag.
1066 4702 1171 4756 729
1187 4705 1344 4758 -38:
1396 4697 1467 4751 cf.
1519 4697 1692 4751 etiam
1747 4699 1817 4751 de
1884 4697 2216 4752 Innocentio
2280 4698 2340 4749 et
2399 4697 2522 4766 ejus
2583 4695 3027 4753 successoribus:

414 4769 1019 4837 Bardenhewer§
1049 4775 1198 4827 9211.
1227 4778 1276 4825 4.
1748 4767 2245 4824 BrischarKL.
2281 4767 2693 4831 V1‚718-7·22.
