3505 5161
398 236 524 291 313

393 426 511 481 qua
540 406 877 482 profitetur,
931 425 993 467 se
1029 408 1301 485 Origenis
1349 427 1542 484 neque
1573 409 1675 468 de-

393 497 705 567 fensorem,
745 515 939 571 neque
971 502 1324 557 assertorem
1374 516 1521 567 esse,
1569 516 1673 557 ne-

395 603 511 659 que
523 584 784 661 primum
801 586 1183 661 interpretem
1212 585 1297 667 (M
1312 586 1332 645 i
1349 607 1389 664 g
1402 607 1441 645 n
1452 602 1491 646 'e
1522 587 1672 656 XXI,

398 671 795 757 623—633).
859 675 984 734 Hac
1027 679 1227 734 tamen
1258 676 1528 753 apologia
1558 694 1675 735 non

390 764 653 823 multum
687 763 956 840 profecit,
1000 784 1140 824 nam
1170 766 1482 825 consultus
1515 767 1674 825 Ana-

396 852 619 911 stasius
652 872 686 910 a
717 853 946 912 Joanne
977 872 1066 929 ep.
1099 854 1490 923 hieros.,num
1511 855 1674 913 dam·

390 940 629 1001 nandus
692 943 850 1001 esset
896 942 1146 1001 Rufinus
1193 944 1267 1003 ob
1308 944 1460 1002 hanc
1504 961 1675 1002 suam

389 1029 746 1100 versionem,
780 1032 1110 1107 prudenter
1138 1033 1464 1109 respondit,
1500 1050 1670 1107 sepo-

390 1120 512 1179 sita
573 1121 736 1178 omni
801 1120 1135 1197 suspicione
1186 1120 1675 1197 perpendendum

394 1227 543 1277 esse,
578 1227 699 1284 quo
730 1210 929 1269 animo
973 1209 1035 1267 id
1081 1213 1239 1269 esset
1288 1229 1582 1287 agressus,
1616 1213 1677 1269 et

389 1318 528 1358 eum
560 1298 801 1374 quidem
835 1298 1237 1359 damnandum
1269 1317 1414 1370 esse,
1451 1299 1504 1359 si
1537 1318 1674 1376 pro-

391 1388 522 1464 pria
539 1389 751 1447 'mente
784 1391 847 1447 et
860 1388 1106 1448 laudans
1122 1407 1189 1447 ac
1203 1389 1462 1464 probans
1477 1392 1671 1448 trans·

390 1477 616 1547 tulerit,
653 1493 823 1537 secus
858 1478 910 1536 si
941 1477 1142 1552 ipsum
1156 1496 1439 1537 accusans
1471 1481 1669 1538 aucto·

394 1566 740 1640 rem:·ipsam
772 1584 912 1625 vero
929 1566 1264 1626 versionem
1278 1568 1522 1626 minime
1537 1585 1673 1642 pro·

395 1655 514 1713 bat.
549 1654 740 1714 Vertit
753 1656 815 1714 et
845 1655 891 1712 Ε
909 1655 1173 1714 usebii
1203 1675 1346 1715 caes.
1366 1657 1674 1715 historiam

390 1743 853 1814 ecclesiasticam:
886 1745 1073 1804 vertit
1091 1745 1244 1805 forte
1275 1748 1337 1805 et
1357 1745 1395 1804 J
1400 1763 1487 1806 os.
1510 1746 1556 1803 F
1570 1746 1594 1803 l
1610 1765 1671 1804 a·

389 1833 499 1890 vii
531 1834 600 1892 de
632 1834 771 1892 bello
790 1834 1035 1908 judaico
1061 1834 1400 1893 historiam:
1434 1834 1536 1893 sed
1569 1854 1672 1911 ge-

384 1923 643 1981 neratim
692 1923 759 1981 in
808 1923 934 1981 suis
981 1923 1360 1982 versionibus
1410 1941 1529 1982 non
1580 1927 1674 1983 est

385 2010 581 2070 fidelis
615 2011 909 2087 interpres
940 2011 1127 2070 nimia
1156 2016 1333 2072 utens
1364 2012 1670 2072 libertate:

379 2118 521 2159 nam
588 2099 845 2160 subinde
905 2101 1107 2177 aliqua
1181 2102 1496 2174 contrahit,
1577 2103 1672 2161 vel

383 2189 636 2260 omittit,
670 2189 765 2248 vel
813 2190 991 2248 etiam
1044 2190 1292 2267 corrigit
1336 2194 1518 2266 atque
1563 2191 1671 2250 eli-

387 2279 582 2337 minat
612 2280 686 2337 ut
716 2297 806 2337 ex.
836 2298 922 2355 gr.
956 2278 1019 2337 in
1052 2279 1326 2356 Origenis
1356 2279 1544 2351 libris,
1577 2279 1671 2338 vel

387 2367 565 2427 etiam
596 2367 787 2430 addit.

488 2556 621 2610 170.
652 2546 895 2606 Praeter
938 2546 1236 2607 versiones
1285 2546 1403 2606 alia
1434 2565 1671 2623 quoque

386 2635 722 2711 composuit
773 2654 962 2713 opera.
1020 2637 1116 2695 Ita
1159 2637 1441 2696 historiae
1486 2638 1670 2696 eccle-

386 2724 662 2784 siasticae
676 2725 722 2782 Ε
740 2745 782 2784 u
799 2743 826 2783 s
844 2743 875 2783 e
890 2723 930 2783 b
943 2725 996 2783 ii
1012 2725 1229 2801 adjecit
1244 2720 1317 2806 (c.
1334 2722 1668 2808 402·404).

385 2812 540 2873 duos
554 2814 617 2875 ll.
637 2811 729 2892 (X.
748 2816 809 2873 et
820 2814 919 2873 xl.
940 2832 1081 2873 suae
1100 2814 1406 2885 versionis,
1441 2819 1669 2874 contra·

383 2907 554 2961 xerat
583 2903 743 2962 enim
776 2903 812 2964 l.
845 2902 926 2962 IX
943 2903 1326 2963 etXEusebii
1347 2904 1410 2962 in
1426 2899 1666 2984 unum),

383 2992 611 3067 quibus
643 2991 804 3050 illam
840 2993 913 3051 ab
944 3012 994 3050 a.
1031 3002 1156 3055 324
1192 2992 1577 3069 prosequitur
1596 2992 1670 3051 ad

388 3090 515 3143 395
571 3075 849 3160 (migne
898 3081 1048 3152 XXI,
1102 3078 1499 3162 461—541),
1567 3081 1670 3140 sed

384 3170 536 3227 satis
571 3169 765 3230 obiter
795 3171 922 3230 sine
958 3170 1277 3230 sufficienti
1297 3171 1669 3230 accuratione

387 3276 497 3317 seu
527 3257 755 3317 minore
786 3259 1027 3336 ingenio
1058 3278 1123 3318 ac
1154 3259 1299 3318 fide:
1347 3263 1441 3319 est
1470 3263 1667 3319 tamen

390 3347 682 3421 specimen
718 3347 1003 3408 historiae
1034 3349 1458 3408 ecclesiasticae
1479 3349 1541 3407 in
1560 3348 1668 3406 Oc-

390 3588 560 3640 quem
589 3572 971 3640 Hieronymus
997 3571 1386 3626 Mediolanum
1414 3572 1667 3627 Romam-

391 3659 500 3711 que
539 3643 713 3707 misit,
752 3643 826 3697 ad
868 3642 1175 3698 Venerium
1220 3645 1277 3696 et
1302 3643 1669 3698 Anastasium

392 3715 659 3769 adversus
686 3714 1038 3784 origenistas
1080 3714 1521 3770 sollicitandum.
1575 3715 1669 3769 Ce-

392 3789 572 3842 terum
597 3786 693 3840 bic
710 3786 950 3841 Rufinus
966 3785 1196 3839 natione
1216 3787 1406 3853 Syrus,
1435 3785 1668 3855 Origeni

389 3857 619 3925 quidem
646 3857 920 3920 infensus,
942 3859 1110 3924 juxta
1137 3857 1381 3911 Marium
1408 3856 1465 3910 M
1481 3873 1510 3909 e
1527 3874 1555 3909 r
1571 3875 1599 3911 c
1614 3873 1669 3909 a·

386 3936 621 3984 torem
669 3929 731 3981 in
814 3930 952 3982 raes.
997 3945 1101 3982 sua
1144 3930 1261 3983 not.
1303 3928 1410 3982 sub
1450 3945 1492 3981 s.
1521 3930 1667 3982 Ana·

386 4000 560 4055 stasio
588 4002 750 4070 pont.
826 4016 1010 4054 omum
1051 4000 1300 4070 primum
1340 3999 1561 4053 invexit
1588 4016 1669 4053 er-

383 4088 540 4126 rores
579 4071 731 4127 circa
773 4073 1245 4142 protoparentum
1286 4070 1670 4126 conditionem

386 4142 731 4212 originalem
758 4147 815 4196 et
840 4142 1121 4212 originale
1148 4146 1446 4212 peccatum
1487 4145 1578 4202 „et
1603 4145 1670 4196 ut

385 4217 509 4268 erat
533 4217 794 4284 argutus,
833 4231 891 4267 se
931 4213 1161 4281 quidem
1201 4216 1275 4268 ab
1300 4215 1423 4282 ejus
1449 4212 1670 4269 invidia,

385 4286 653 4369 muniens
679 4301 780 4409 zer
806 4302 862 4339 se
876 4285 1142 4410 (profert-e
1169 4301 1283 4338 non
1310 4301 1483 4408 ausu}
1512 4284 1668 4338 Pela·

451 4375 545 4410 um
574 4397 587 4409 .
617 4398 629 4409 .
657 4396 669 4408 .
724 4373 836 4409 unc
916 4372 1008 4410 ece
1054 4375 1074 4409 1
1139 4371 1271 4409 eum
1315 4373 1386 4409 ue
1412 4373 1446 4408 a
1553 4372 1669 4409 rae-

385 4376 601 4482 {ictam
644 4427 900 4498 apprime
941 4377 1151 4481 imlbuit
1188 4374 1363 4495 atqciie
1408 4375 1671 4482 instlituit

386 4499 752 4554 vanitatem.“
808 4499 890 4554 Cf.
932 4498 1002 4551 de
1035 4500 1143 4553 hoe
1171 4499 1376 4552 Rufino
1403 4501 1541 4566 Syro
1570 4499 1668 4552 Pe·

385 4569 527 4650 lagii
554 4570 828 4640 magistro
869 4570 1052 4624 fusius
1096 4569 1462 4625 disserentem
1508 4570 1669 4623 Gar-

1386 221 1628 276 Rufinus
1651 219 2041 290 aquilejensis.

2891 240 3020 294 314-

1730 407 1966 466 cidente
1997 407 2261 482 primum
2275 403 2340 486 ¹).
2383 441 2465 451 —
2512 408 2785 468 Historia
2813 428 3021 469 mona-

1731 498 1968 556 chorum
2019 490 2124 577 (ib.
2174 493 2549 579 387—462)
2596 515 2703 557 seu
2748 498 2901 558 liber
2943 499 3017 559 de

1729 586 1875 645 vitis
1905 580 2230 667 patrum2),
2264 602 2416 662 quos
2448 587 2573 645 scil.
2605 587 2910 658 inviserat,
2946 607 3015 647 ex

1730 675 1822 746 iis,
1857 693 2009 750 quae
2040 675 2169 750 ipse
2199 675 2445 745 viderat,
2497 676 2592 734 vel
2622 675 2696 735 de
2728 675 2875 751 ipsis
2907 696 3014 736 au-

1732 764 1941 836 dierat,
1974 764 2069 822 vel
2102 764 2329 841 legerat
2360 764 2422 827 in
2454 765 2755 826 memoriis
2805 766 2879 823 ab
2911 785 3015 825 an·

1732 852 2064 929 tiquiorum
2098 853 2516 913 monachorum
2551 854 2861 928 discipulis
2891 855 3014 914 col-

1731 942 1902 1002 lectis
1951 961 1997 1001 c.
2045 962 2093 1002 a.
2143 952 2511 1006 401-410.
2573 943 2731 1002 Haec
2764 943 3017 1003 historia

1729 1032 1831 1090 vix
1862 1031 2025 1091 edita
2055 1031 2248 1090 varias
2293 1032 2356 1089 in
2388 1032 2627 1109 linguas
2677 1051 2848 1092 versa
2878 1033 3017 1103 fuit,

1730 1120 1797 1179 in
1815 1139 2101 1197 graecam,
2135 1121 2442 1196 copticam‚
2465 1139 2788 1193 armenam,
2825 1122 3017 1197 syria·

1730 1228 1875 1278 cam,
1942 1228 2061 1285 qua
2121 1210 2185 1267 in
2245 1210 2456 1287 lingua
2499 1211 2757 1288 vestigia
2804 1211 3015 1270 saltem

1731 1301 1989 1374 quatuor
2055 1298 2399 1358 versionum
2460 1300 2876 1376 reperiuntur:
2954 1304 3023 1360 et

1729 1387 1991 1446 multum
2035 1387 2228 1446 medio
2277 1406 2418 1447 aevo
2469 1407 2536 1446 ea
2566 1388 2832 1448 lectitata
2876 1389 3011 1460 fuit,

1730 1494 1906 1551 saepe
1969 1477 2108 1551 post
2186 1476 2489 1536 inventam
2555 1477 3018 1555 typographiam

1728 1566 1919 1629 edita:
1969 1565 2194 1640 optime
2243 1566 2402 1625 edita
2451 1566 2705 1625 habetur
2753 1566 2817 1625 in
2858 1567 3012 1626 Vitis

1728 1658 1969 1730 patrum
2001 1654 2092 1716 ed.
2123 1674 2158 1712 a
2186 1654 2617 1731 Rosweydo,
2652 1656 3018 1731 Antverpiae

1737 1752 1899 1806 1615
1953 1743 2021 1802 in
2064 1742 2104 1802 f.
2137 1775 2224 1785 —-
2258 1744 2342 1803 De
2386 1744 2860 1803 benedictionibus
2896 1764 3010 1820 pa-

1727 1833 2128 1892 triarcharum
2171 1834 2235 1896 ll.
2280 1834 2357 1903 11,
2403 1834 2468 1892 in
2513 1833 2734 1908 quibus
2765 1838 3018 1909 rogante

1727 1921 1980 1980 Paulino
2000 1921 2233 1981 Nolano
2264 1921 2614 1981 vaticinium
2646 1921 3016 1998 patriarchae

1726 2010 1911 2071 Jacob
1942 2011 2351 2070 benedicentis
2397 2010 2538 2070 filiis
2590 2011 2716 2070 suis
2749 2012 2889 2071 Gen.
2926 2022 3006 2074 49

1726 2099 1955 2175 triplici
2034 2117 2215 2160 sensu
2292 2101 2594 2172 historico,
2672 2100 2883 2159 morali
2950 2104 3011 2159 et

1728 2189 1980 2265 mystico
2041 2189 2283 2265 exponit
2345 2185 2452 2271 (ib.
2500 2208 2557 2265 p.
2614 2186 3010 2270 295-335).

1726 2278 2198 2338 Commentarius
2258 2280 2320 2337 in
2365 2278 2677 2355 symbolum
2723 2280 3006 2353 apostolo-

1726 2386 1877 2436 rum,
1940 2385 2088 2443 opus
2151 2368 2518 2442 praeclarum
2579 2370 2640 2426 et
2684 2367 3004 2436 eruditum,

1725 2457 1928 2533 magni
1959 2475 2189 2533 semper
2220 2456 2603 2516 aestimatum
2649 2455 2755 2537 (ib.
2791 2465 3009 2519 335—-

1731 2541 1904 2624 387).
1936 2579 2025 2592 --
2056 2546 2374 2624 Apoloyiae
2405 2545 2467 2605 in
2500 2563 2544 2605 s.
2579 2545 3011 2623 Hieronymum

1726 2635 1790 2693 ll.
1823 2636 1883 2694 11
1912 2636 2091 2698 etiam
2141 2636 2479 2695 Invectivae
2528 2635 2677 2694 dicti
2711 2631 2815 2716 (ib.
2854 2645 3009 2699 541-

1729 2721 1903 2805 623),
1938 2725 2045 2800 qui
2077 2724 2311 2783 utinam
2342 2743 2463 2784 non
2495 2724 2754 2784 fuissent
2785 2725 3011 2800 scripti.

1728 2814 1874 2872 Cum
1906 2813 2063 2873 enim
2097 2813 2389 2873 audiisset
2420 2830 2484 2871 se
2505 2813 2720 2872 Romae
2754 2813 3009 2872 haeresis

1726 2901 2104 2978 origenianae
2136 2902 2373 2961 nomine
2422 2901 2485 2959 in
2534 2902 2756 2961 crimen
2787 2901 3012 2972 venire,

1725 3009 1826 3050 eos
1859 2991 2077 3050 direxit
2106 2994 2311 3050 contra
2339 2991 2788 3067 Hieronymum,
2830 3009 3012 3065 quem

1724 3080 1913 3139 totius
1945 3080 2338 3139 accusationis
2371 3085 2667 3139 auctorem
2711 3083 2773 3138 et
2802 3079 3007 3137 incen-

1724 3171 1916 3227 torem
1948 3168 2222 3228 credebat
2252 3166 2327 3248 (c.
2358 3189 2408 3228 a.
2444 3177 2568 3231 399
2602 3168 2697 3227 vel
2732 3171 3011 3241 400).—

1727 3258 1916 3334 Opera
1930 3277 2046 3316 non
2063 3257 2324 3335 genuina
2338 3262 2482 3316 sunt
2492 3256 2946 3316 Commentarius
2958 3253 3009 3338 ³)

1805 3433 1841 3499 ι)
1870 3428 1952 3483 Cf.
1979 3427 2041 3481 E.
2069 3428 2120 3480 J.
2150 3429 2194 3480 Κ
2216 3427 2426 3481 imme
2444 3429 2482 3492 l,
2509 3427 2577 3481 de
2605 3427 2813 3484 Rufino
2839 3426 3008 3480 Euse-

1726 3499 1809 3554 bii
1836 3500 2146 3570 interprete
2173 3500 2233 3554 11.
2259 3506 2308 3562 2,
2337 3498 2516 3552 Gerae
2550 3506 2701 3555 1838.

1801 3576 1839 3640 ²)
1868 3574 1917 3624 A
1935 3591 1989 3625 m
2005 3571 2035 3623 e
2051 3571 2072 3624 1
2089 3571 2109 3624 i
2127 3589 2164 3623 n
2180 3588 2210 3626 e
2226 3587 2260 3624 a
2278 3589 2315 3624 u
2346 3571 2416 3624 de
2445 3569 2687 3624 historia
2712 3568 3010 3633 Lausiaca,

1723 3641 1958 3695 Parisiis
2014 3645 2167 3699 1887.
2219 3642 2299 3695 De
2361 3640 2747 3696 controversia
2808 3639 3007 3694 critica

1724 3713 1875 3767 inter
1900 3713 2209 3768 Lucium
2238 3715 2297 3767 et
2323 3713 2749 3767 Preuschen
2778 3711 3009 3792 (inopp.

1723 3784 1875 3838 infra
1907 3804 1961 3854 p.
1990 3791 2095 3841 323
2122 3785 2255 3848 cit-l,
2300 3803 2439 3838 num
2474 3786 2613 3839 haec
2651 3783 2892 3838 historia
2936 3785 3020 3837 sit

1724 3872 1906 3980 {¹³12ss
1913 3855 2196 3981 ‘i'ssgrissaii
2241 3871 2314 3980 ‘3¹²
2345 3855 2908 3982 13⁷⁸‘1⁸.{⁰‹12{ag¹352‘3⁰
2937 3855 3014 3978 ‘isi

1724 3998 2004 4052 Katholik
2053 4005 2188 4055 1899
2232 3998 2303 4062 11,
2343 4005 2410 4053 42
2453 4015 2522 4051 ss.
2574 3996 2776 4067 Operis
2815 3997 3008 4051 Rufini

1723 4069 2041 4125 versionem
2070 4068 2130 4121 in
2157 4085 2426 4138 graecum
2447 4068 2716 4122 tribuunt
2743 4067 3009 4121 nonnulli

1725 4141 1919 4194 Marc
1936 4159 1968 4194 o
1994 4140 2254 4203 diacono,
2281 4140 2350 4193 de
2378 4155 2493 4207 quo
2521 4156 2653 4192 mox
2679 4158 2733 4208 p.
2763 4145 2884 4194 325.

1798 4216 1838 4280 ³)
1868 4213 2055 4279 Hujus
2075 4209 2467 4265 commentarii
2483 4212 2683 4263 auctor
2700 4211 2959 4263 censetur
2975 4227 3008 4261 a

1723 4283 2021 4339 nonnullis
2061 4282 2110 4335 V
2128 4282 2202 4337 in
2218 4298 2247 4334 c
2263 4298 2292 4334 e
2313 4299 2348 4332 n
2365 4282 2392 4333 t
2407 4280 2426 4333 i
2443 4298 2478 4334 u
2499 4299 2524 4333 s
2565 4281 2860 4348 presbyter
2913 4295 3010 4332 na·

1724 4356 1882 4411 tione
1910 4355 2124 4415 Gallus,
2153 4356 2293 4406 teste
2321 4351 2369 4406 G
2386 4368 2415 4404 e
2433 4350 2626 4404 nnad
2646 4350 2715 4406 io
2741 4367 2787 4404 c.
2815 4358 2885 4407 80
2915 4350 3006 4412 „in

1724 4425 1939 4481 divinis
1984 4424 2295 4496 Scripturis
2340 4422 2700 4485 exercitatus,
2749 4421 3009 4492 linguam

1722 4498 1941 4552 habens
1967 4515 2073 4551 usu
2100 4495 2377 4564 loquendi
2392 4497 2450 4547 et
2464 4493 2745 4563 majorum
2765 4492 3018 4552 lectione,

1723 4569 2012 4639 politam.“
2035 4568 2169 4621 Fuit
2184 4565 2481 4621 Gennadio
2498 4563 2755 4632 aequalis
2771 4567 2830 4617 et
2844 4565 2862 4632 j
2869 4566 3008 4617 uxta

386 4657 549 4696 nier
576 4643 613 4695 l.
640 4657 686 4695 c.
714 4645 773 4696 et
810 4640 942 4695 diss.
985 4643 1025 4694 Ι.
1065 4659 1109 4696 c.
1152 4649 1185 4697 3
1211 4643 1270 4695 et
1294 4641 1427 4695 diss.
1453 4640 1531 4693 VI
1559 4660 1606 4696 c.
1642 4650 1661 4696 1
1721 4640 1967 4708 ahquos‚
2013 4640 2109 4694 sed
2154 4640 2368 4707 absque
2414 4635 2725 4690 sufficienti
2769 4635 3010 4698 ratione,

386 4712 460 4765 ad
506 4712 579 4766 M.
621 4712 949 4768 Mercatoris
993 4731 1084 4783 op.
1132 4712 1377 4783 Migne
1420 4712 1666 4776 XLVlH,

390 4789 488 4840 261
519 4801 586 4839 sS.
616 4788 675 4837 et
702 4792 803 4840 585
832 4802 899 4837 ss,

1722 4714 1922 4766 auctor
1947 4709 2333 4781 objectionum
2350 4707 2864 4770 vincentianarum,
2886 4705 3010 4774 qui·

1724 4785 1829 4836 bus
1855 4802 1895 4835 s.
1925 4781 1967 4834 P
1985 4799 2013 4834 r
2029 4799 2060 4835 o
2084 4800 2109 4835 s
2127 4802 2162 4851 p
2181 4799 2208 4834 e
2226 4799 2253 4833 r
2290 4779 2605 4851 respondit,
2648 4781 2713 4832 ut
2750 4777 2901 4831 infra
2927 4777 3011 4830 di·
