3505 5161
535 251 659 304 843

986 239 1148 286 851-
1166 236 1285 284 900.
1316 230 1587 283 Historia.
1618 228 1880 293 Hermus,
1913 230 2191 295 Aldricus,
2220 226 2674 298 Erchempertus.

3023 245 3154 297 ,ς’-Η-

530 419 603 478 de
665 420 761 477 die
819 414 1112 499 obitus¹):
1163 437 1299 476 nam
1358 418 1460 476 alii
1515 436 1641 477 eam
1712 437 1806 476 as·
1864 418 2015 476 illud
2049 436 2176 476 esse
2209 418 2281 475 ab
2324 418 2451 493 ipso
2483 417 2719 475 Aldrico
2750 415 3153 490 compositum

528 510 788 585 signant,
822 509 922 566 sed
956 510 1115 567 certo
1149 525 1408 577 erronee,
1440 527 1491 567 a.
1528 516 1671 577 851,
1705 508 1809 567 alii
1865 502 2080 589 (usque
2112 507 2181 564 ad
2217 527 2265 569 c.
2288 502 2398 588 44)
2432 508 2614 581 atque
2634 506 2988 563 documenta
3020 522 3158 563 esse

527 617 657 657 eam
689 598 970 656 differunt
999 597 1071 654 ad
1106 616 1154 659 a.
1179 606 1335 665 8833
1362 597 1536 672 juxta
1566 596 1713 655 alios
1741 615 1810 655 ea
1863 596 2218 655 authentica.
2286 597 2448 671 Opus
2494 614 2632 653 vero
2683 597 2865 654 Actus
2909 595 3152 668 pontifi·

527 687 782 764 contigit
813 705 856 747 c.
892 706 941 747 a.
978 695 1121 748 876.
1186 687 1257 744 In
1303 685 1608 744 nonnullis
1652 706 1807 744 mar-

527 775 842 852 tyrologiis
889 775 1110 834 sanctis
1156 779 1517 833 accensetur.
1558 809 1645 819 --
1678 775 1808 833 'rri-

525 866 801 924 buuntur
832 864 885 923 ei
918 865 1158 922 annales
1187 864 1393 921 breves
1426 863 1499 922 ab
1520 882 1567 921 a.
1593 873 1811 927 826—

530 964 676 1029 875,
723 972 874 1029 quos
906 952 1145 1011 exhibet
1176 952 1418 1009 Waitz
1449 952 1605 1027 apud
1642 954 1810 1011 Pertz

526 1043 678 1101 Mon.
725 1060 835 1101 scr.
869 1040 1026 1107 XIII,
1077 1051 1177 1105 80.
1234 1075 1301 1085 -
1360 1041 1496 1099 Alia
1542 1042 1808 1116 ejusdem

526 1150 703 1207 opera
744 1135 917 1189 sunt:
985 1129 1118 1190 Vita
1167 1150 1212 1190 s,
1262 1130 1542 1188 Germani
1585 1151 1618 1188 a
1664 1132 1806 1189 stilo

527 1220 853 1279 Constantii
888 1219 1083 1277 soluto
1130 1220 1200 1276 ad
1248 1220 1502 1296 ligatum
1548 1237 1655 1278 seu
1686 1239 1807 1278 me·

526 1311 741 1368 tricum
789 1308 850 1368 ll.
888 1319 922 1370 6
971 1314 1259 1378 revocata,
1308 1327 1485 1383 quam
1532 1309 1807 1367 hortante

524 1397 800 1457 Lothario
834 1397 1099 1473 principe
1134 1398 1413 1472 suscepit,
1465 1415 1652 1473 eoque
1703 1398 1804 1456 de·

522 1487 728 1546 functo
782 1487 983 1545 Carolo
1019 1482 1247 1567 (Calvo)
1298 1486 1439 1561 imp.
1490 1486 1806 1545 dedicavit.

525 1577 767 1634 Carmen
798 1576 906 1634 hoc
946 1576 1243 1650 copiosam
1273 1575 1475 1649 prodit
1513 1576 1805 1634 eruditio-

522 1683 658 1723 nem
718 1665 781 1722 in
830 1664 1144 1723 literatura
1193 1664 1435 1723 classica
1483 1667 1544 1723 et
1593 1665 1805 1723 sollers

521 1753 831 1831 ingenium
857 1751 929 1834 2).
1012 1753 1241 1812 Prodiit
1301 1754 1545 1812 Parisiis
1604 1764 1803 1824 15433

522 1843 577 1900 ei
611 1842 862 1918 subjecit
908 1843 969 1900 ll.
1007 1851 1040 1903 2
1094 1844 1163 1899 de
1214 1844 1515 1901 miraculis
1565 1863 1611 1901 s.
1658 1844 1802 1901 Ger-

522 1931 699 1998 mani,
747 1934 1072 2006 utrumque
1118 1950 1270 2006 opus
1316 1931 1496 1991 habes
1541 1933 1603 1990 in
1635 1933 1803 1990 Actis

522 2020 620 2078 SS.
652 2019 932 2089 Jul.V11,
984 2028 1553 2085 221—255—283
1598 2022 1799 2093 (etiam

521 2110 584 2166 in
634 2109 882 2166 Labbe
943 2108 1086 2169 bibl.
1137 2127 1271 2166 nov.
1323 2109 1368 2178 1,
1408 2107 1802 2188 531—569).

521 2197 726 2255 Sermo
765 2197 829 2254 in
861 2197 1236 2255 solemnitate
1269 2215 1313 2256 s.
1348 2199 1622 2257 Germani
1654 2200 1802 2258 reci-

518 2286 757 2346 tandus.
792 2285 947 2344 Haec
967 2286 1163 2345 omnia
1180 2290 1457 2361 prostant
1476 2289 1537 2346 in
1569 2289 1801 2363 Migne

521 2375 583 2437 P.
616 2375 677 2436 L.
711 2374 953 2444 cmv,
997 2384 1190 2444 17353
1237 2364 1442 2435 Duru
1474 2377 1626 2438 Bibl.
1660 2377 1800 2435 hist.

520 2464 592 2522 de
626 2463 873 2522 l'Yonne
903 2474 1063 2527 1866
1088 2464 1163 2530 11,
1203 2474 1480 2527 2—192.
1510 2500 1579 2509 —
1621 2465 1801 2525 Plura

518 2553 634 2612 alia
664 2553 926 2629 ejusdem
968 2553 1189 2628 scripta
1233 2554 1422 2613 latent
1468 2555 1660 2614 adhuc
1705 2555 1796 2614 in-

519 2643 676 2701 edita
708 2643 799 2701 vel
841 2642 1287 2714 interciderunt,
1335 2647 1405 2702 ut
1451 2643 1799 2704 Collectanea

518 2751 620 2790 seu
653 2736 924 2806 excerpta
956 2750 1026 2789 ex
1071 2736 1521 2807 praeceptorum
1553 2753 1796 2793 suorum

516 2821 719 2891 dictis;
758 2816 1045 2896 homiliae,
1081 2840 1334 2896 quarum
1368 2821 1599 2896 aliquae
1630 2822 1797 2880 addi-

517 2913 612 2968 tae
658 2910 821 2969 fuere
866 2909 1219 2968 Homiliario
1264 2910 1486 2968 Pauli
1535 2911 1795 2970 Diaconi.

521 3033 598 3041 —-
613 2999 863 3075 Propter
882 2999 1279 3057 eruditionem
1303 3000 1500 3058 dictus
1520 3005 1609 3058 est
1629 3000 1796 3058 theo-

516 3088 708 3164 logus,
756 3092 935 3162 atque
977 3088 1156 3146 etiam
1188 3087 1254 3146 in
1285 3088 1654 3164 philosophia
1684 3086 1796 3165 (lo-

514 3172 669 3258 gica)
706 3177 861 3235 haud
881 3196 1092 3252 parum
1113 3176 1393 3245 innotuit,
1428 3177 1547 3236 imo
1577 3177 1798 3237 famoso

514 3265 699 3324 dubio
732 3265 1067 3324 methodico
1090 3265 1333 3324 Cartesii
1354 3266 1673 3341 praeivisse
1706 3267 1795 3324 di-

515 3354 687 3416 citur.
720 3388 808 3398 —-
840 3354 1091 3412 Exstant
1134 3354 1307 3412 Gesta
1338 3356 1535 3412 domni
1565 3353 1800 3414 Alarici

513 3443 921 3501 cenomanicae
971 3442 1137 3501 urbis
1187 3443 1447 3519 episcopi
1508 3443 1568 3520 (†
1623 3440 1794 3526 857).

513 3531 671 3606 quod
704 3550 852 3607 opus
884 3532 989 3590 diu
1022 3532 1352 3590 habebatur
1370 3533 1662 3591 falsatoris
1686 3533 1795 3609 fig-

512 3621 780 3677 mentum
812 3620 1184 3678 documentis
1218 3621 1440 3695 spuriis
1486 3623 1792 3692 refertum,

1864 706 1992 745 cum
2024 687 2576 760 cenomannensium,
2612 684 2772 759 quod
2792 684 3016 760 pariter
3045 683 3154 740 ha·

1863 775 2117 833 bebatur
2165 774 2499 841 confictum,
2563 792 2691 831 esse
2753 771 3157 848 probabiliter

1867 865 2014 922 Dav
2033 864 2049 921 i
2069 866 2104 921 d
2125 864 2143 921 i
2162 882 2188 921 s
2233 864 2631 939 chorepiscopi
2678 861 2916 931 Aldrici,
2972 864 3032 919 et
3080 880 3152 918 ex

1864 953 2233 1013 documentis
2254 953 2449 1011 allatis
2470 971 2591 1010 non
2611 951 2806 1010 omnia
2837 969 2968 1009 esse
3001 970 3152 1025 spu·

1863 1043 1970 1115 ria,
2004 1042 2105 1101 sed
2140 1061 2207 1099 ex
2237 1051 2318 1103 49
2342 1043 2493 1100 forte
2516 1049 2597 1103 28
2620 1059 2748 1100 esse
2782 1040 3149 1107 authentica,

1865 1131 2137 1207 quamvis
2169 1133 2306 1207 plus
2340 1132 2538 1190 minus
2579 1130 2951 1205 interpolata.
3019 1129 3151 1185 Imo

1862 1220 2103 1296 conjicit
2133 1224 2195 1278 et
2224 1224 2371 1278 vitas
2402 1239 2446 1283 s.
2479 1219 2761 1278 Almiri
2796 1213 2857 1300 (†
2895 1213 3046 1297 560)
3085 1218 3151 1274 in

1863 1312 1992 1367 Act.
2013 1309 2108 1372 SS.
2132 1310 2287 1384 Sept.
2310 1309 2414 1379 111,
2452 1318 2831 1372 803—8062
2866 1307 3151 1365 &Turi-

1862 1399 1971 1457 bii
2021 1398 2101 1457 ib.
2142 1400 2282 1474 Apr.
2317 1398 2390 1461 11.
2429 1407 2590 1459 418:
2642 1416 2687 1456 s.
2722 1397 3002 1455 Pavatii
3053 1414 3150 1469 ep.

1862 1506 2082 1547 cenom.
2117 1482 2255 1567 (sec.
2286 1486 2429 1567 lv.),
2462 1487 2538 1549 ib.
2571 1486 2637 1544 V.
2667 1486 2792 1544 Jul.
2826 1493 3150 1553 540·543;

1863 1595 1908 1639 s.
1939 1577 2294 1635 Domnoli
2330 1595 2422 1651 ep.
2456 1594 2580 1635 cen.
2612 1570 2676 1657 (†
2711 1570 2886 1654 581),
2927 1574 3005 1632 ib.
3045 1585 3147 1636 16.

1863 1665 3149 1741 Maj.111‚606·610.-·Erchempertus

1862 1752 2259 1836 (Rembertus,
2291 1754 2688 1819 Erembertus‚
2719 1754 3146 1829 Herempertus

1860 1841 1997 1924 etc.)
2021 1842 2423 1920 langobardus
2437 1837 2486 1924 ¹)
2508 1842 2695 1901 nobili
2715 1860 2933 1919 genere
2953 1844 3144 1907 ortus,

1859 1932 2179 1991 monachus
2212 1932 2537 1991 casinensis
2568 1934 2630 1990 et
2674 1932 2961 1990 diaconus
2995 1932 3144 1989 seri-

1859 2022 2047 2097 psisse
2076 2020 2296 2079 dicitur
2328 2020 2650 2079 Chronicon
2687 2020 2813 2079 sive
2833 2019 3144 2078 historiam

1859 2110 2379 2187 Langobardorum
2399 2110 2700 2180 fusiorem,
2729 2128 2882 2184 quae
2900 2109 3139 2167 interci—

1858 2200 2016 2257 disse
2040 2199 2295 2268 videtur‚
2312 2202 2442 2258 tum
2460 2198 2700 2258 fusioris
2717 2199 3016 2273 epitomen
3033 2216 3141 2255 seu

1857 2289 2161 2347 historiam
2175 2286 2667 2363 lanqobardorum
2684 2288 2985 2346 Beneventi
3001 2287 3072 2344 ab
3087 2306 3139 2344 a.

1863 2386 2229 2445 774—889,
2263 2378 2401 2437 hinc
2425 2377 2932 2436 continuationem
2955 2376 3140 2433 histo-

1853 2467 1973 2525 riae
2042 2465 2542 2542 langobardorum
2605 2465 2833 2524 Pauli
2909 2465 3138 2523 diaconi

1858 2552 1954 2638 (cf.
2000 2574 2185 2631 supra
2235 2549 2411 2637 680).
2478 2556 2621 2614 Eam
2666 2554 2856 2614 edidit
2899 2556 2965 2612 A.
3012 2553 3140 2612 Ca-

1855 2645 2181 2704 raccioli
2229 2645 2387 2704 inter
2416 2645 2812 2721 chronologos
2860 2644 3139 2719 antiquos

1853 2735 1951 2803 IV,
1987 2733 2236 2808 Neapoli
2277 2743 2475 2803 1626;
2508 2734 2682 2809 plene
2715 2751 2850 2791 cum
2886 2734 3136 2808 castiga-

1853 2823 2119 2882 tionibus
2168 2823 2322 2882 Cam.
2370 2822 2789 2900 Peregrini
2855 2823 2920 2880 in
2982 2821 3138 2879 Hist.

1852 2912 2039 2989 princ.
2081 2912 2357 2988 Langob.,
2406 2911 2654 2987 Neapoli
2710 2920 2877 2972 1643
2927 2911 2971 2981 Ι,
3020 2919 3138 2976 25;

1853 3019 1988 3059 cum
2021 3002 2180 3059 notis
2202 3000 2532 3060 fusioribus
2564 3001 2630 3058 in
2661 3000 2843 3073 hujus
2876 3018 3025 3058 nova
3046 2999 3138 3056 ed.

1853 3108 1975 3150 cur.
2020 3090 2111 3149 Fr.
2159 3091 2233 3152 M.
2281 3089 2609 3148 Pratilli
2656 3088 2906 3164 Neapoli
2954 3098 3136 3150 1750.

1864 3188 2046 3241 1751.
2091 3183 2134 3239 t.
2173 3189 2206 3240 3
2254 3179 2314 3236 in
2352 3190 2423 3247 8.,
2470 3195 2604 3236 cum
2649 3176 2783 3234 aliis
2831 3177 3134 3253 Peregrini

1853 3267 2188 3343 opusculis;
2220 3268 2471 3343 Migne
2492 3266 2735 3336 CXXIX,
2760 3273 3134 3332 ‘ns—78&

1855 3356 1918 3420 G.
1953 3356 2197 3414 Waitz
2228 3356 2292 3414 in
2325 3356 2477 3414 Mon.
2512 3356 2577 3414 G.
2611 3355 2750 3418 hist.
2785 3356 2990 3430 script.
3024 3374 3133 3413 rer.

1854 3446 2010 3521 lang.
2057 3465 2113 3520 p.
2148 3454 2496 3507 2:31—264
2545 3448 2607 3503 et
2646 3443 2868 3502 iterum
2903 3444 2999 3505 SS.
3032 3443 3134 3503 ΙΙΙ.

1857 3543 1889 3594 2
1903 3543 2160 3596 40·264.
2213 3535 2562 3609 Anonymus
2587 3532 2741 3591 illud
2762 3531 3135 3591 continuavit

1852 3623 1926 3680 ad
1941 3641 1990 3685 a.
2012 3633 2082 3684 91
2102 3632 2155 3684 ⁶2.
2181 3623 2326 3697 Ejus
2349 3623 2826 3698 martyroloqium
2845 3622 3133 3680 estadhuc

514 3708 619 3765 sed
652 3708 892 3766 demum
922 3709 1126 3768 Julien
1161 3709 1216 3766 H
1231 3729 1264 3767 a
1282 3728 1317 3767 v
1334 3729 1365 3766 e
1381 3712 1408 3765 t
1448 3712 1796 3784 quaestione
1852 3711 2146 3770 ineditum
2158 3709 2227 3792 ²).
2254 3711 2486 3771 Obiisse
2511 3711 2735 3769 dicitur
2758 3716 2897 3786 post
2920 3731 2971 3773 a.
2994 3719 3132 3774 889.

511 3796 730 3854 iterum
803 3799 1091 3876 sagaciter
1148 3802 1472 3857 retractata
1531 3797 1795 3879 censet-⁹³)

1851 3864 1912 3917 in
1940 3864 2179 3917 historia
2206 3863 2474 3918 ecclesiae
2510 3880 2726 3917 cenom.
2755 3864 2824 3926 ΙΙ,
2855 3871 3133 3920 535-546

593 3935 626 4000 ¹)
656 3930 737 3984 Cf.
780 3932 1138 3986 Potthast
1190 3953 1241 4002 p.
1295 3938 1457 3992 1337:
1512 3932 1795 3989 Mitter-
1851 3937 1908 3987 et
1934 3933 2306 3988 Durumler
2332 3935 2480 3988 inter
2507 3938 2704 4004 poetas
2731 3934 2834 3987 lat.
2870 3935 2934 3992 11,
2964 3941 3132 3990 623—

511 4003 780 4056 miiller
806 4003 917 4056 KL.
947 4002 1040 4066 Vt,
1075 4010 1238 4059 1735:
1282 4004 1425 4056 Hist.
1455 4004 1542 4056 lit.
1572 4005 1637 4066 V.
1669 4013 1794 4061 535·
1851 4011 1972 4062 636.

513 4082 645 4128 544:
691 4074 748 4125 L.
791 4074 1079 4128 Traube
1122 4074 1182 4126 in
1211 4075 1280 4127 N.
1310 4076 1479 4128 Arch.
1521 4075 1621 4129 der
1662 4075 1793 4131 GeS.

1929 4084 1964 4147 ¹)
1992 4076 2158 4129 Alius
2197 4079 2272 4131 ab
2309 4092 2374 4130 eo
2415 4079 2501 4131 est
2541 4075 2856 4130 Ercham
2876 4078 3136 4130 bertus

512 4145 601 4196 fiir
628 4151 675 4197 a.
704 4145 758 4201 d.
787 4145 1317 4198 Geschichtskunde
1357 4146 1541 4199 eidem
1582 4147 1794 4201 tribuit
1849 4147 2330 4218 (Erchanbertus)‚
2373 4149 2536 4218 cujus
2566 4151 2917 4201 Breviara‘um
2957 4165 3137 4216 νερειηι

510 4218 568 4267 et
598 4216 634 4268 l.
662 4221 726 4269 de
749 4225 990 4284 computo
1016 4233 1049 4268 a
1077 4217 1207 4269 Pez
1237 4218 1380 4270 thes.
1406 4217 1604 4270 anecd.
1638 4219 1703 4280 ΙΙ,
1740 4224 1790 4282 2,
1849 4222 2181 4274 Emicat-um
2227 4235 2342 4271 non
2372 4218 2522 4272 tanti
2562 4217 2735 4288 pretii
2776 4222 2837 4272 et
2868 4219 3138 4288 jejunum

518 4292 614 4340 182
641 4305 710 4339 ss,
737 4286 974 4348 editum,
1004 4291 1069 4340 ut
1094 4287 1246 4340 infra.
1272 4287 1542 4341 dicemus.
1847 4289 1980 4343 inde
1997 4307 2029 4342 a
2047 4308 2152 4346 see.
2175 4290 2416 4353 V—826‚
2443 4307 2572 4342 cum
2593 4288 3037 4344 continuatione
3055 4290 3135 4357 je-

584 4363 624 4416 2]
654 4357 735 4410 Cf.
766 4358 808 4410 E
829 4360 951 4411 ber
969 4363 993 4410 t
1019 4359 1082 4421 ΙΙ,
1110 4364 1411 4415 285-292.
1838 4362 1986 4430 juna
2026 4362 2099 4414 ab
2138 4378 2188 4414 a.
2215 4366 2493 4416 841-881
2542 4359 2814 4415 monachi
2842 4359 3136 4431 augiensis

584 4433 624 4486 ³}
653 4427 1355 4497 Quest.Merovingiennes
1371 4431 1472 4482 VH
1494 4429 1596 4483 Les
1623 4431 1791 4484 Actes
1849 4433 1883 4484 f.
1917 4432 2159 4485 Notkeri
2184 4432 2553 4502 sangellensis
2591 4435 2783 4484 exstat
2822 4433 2984 4502 apud
3026 4431 3134 4483 Us-

511 4497 608 4550 ‹lcs
634 4499 876 4567 eveques
905 4500 983 4552 du
1011 4500 1170 4552 Mans
1213 4499 1274 4553 in
1302 4501 1441 4554 bibl.
1486 4502 1554 4554 de
1583 4501 1790 4556 l'Ecole
1847 4519 2081 4556 sernia
2099 4522 2135 4555 n
2153 4522 2190 4555 n
2233 4503 2426 4557 Prodr.
2467 4503 2808 4556 Germaniae
2858 4519 3050 4556 sacrae
3078 4522 3134 4572 p.

510 4568 607 4621 des
650 4571 882 4623 Chartes
924 4574 1103 4640 (1893)
1146 4571 1284 4632 LtV.
1314 4575 1624 4628 597—662:
1675 4572 1790 4636 LV,
1848 4574 2278 4635 xxxix-Lm
2305 4576 2378 4628 ab
2404 4591 2456 4629 a.
2482 4577 2582 4629 741
2601 4579 2765 4628 -881
2798 4591 2893 4645 ap.
2925 4574 2966 4627 P
2985 4579 3132 4627 ertz

514 4646 717 4699 5-6ος
761 4647 1062 4696 soe—336.
1114 4641 1196 4694 Cf.
1242 4644 1407 4697 Anal.
1456 4643 1595 4696 Bon.
1640 4643 1788 4706 xlv,
1849 4645 1996 4698 Mon.
2030 4646 2094 4709 11,
2122 4651 2422 4702 3282330.

512 4717 809 4764 446—448.
876 4714 1044 4764 Vitam
1083 4711 1267 4781 ipsius
1309 4717 1522 4766 Alarici
1560 4714 1793 4784 scripsit
1920 4721 1959 4768 ²²»
1990 4715 2073 4769 Cf.
2103 4716 2142 4768 P
2161 4736 2191 4769 ο
2210 4717 2327 4770 tth
2344 4735 2376 4768 a
2395 4735 2417 4766 s
2434 4720 2458 4769 t
2483 4737 2537 4787 p.
2559 4721 2694 4775 4283
2725 4716 2767 4767 F
2784 4735 2816 4768 a
2838 4718 2874 4771 b
2891 4717 3136 4770 ricius

512 4781 709 4830 auctor
735 4796 1069 4846 anonymus,
1112 4799 1283 4848 quam
1327 4784 1510 4836 edidit
1536 4784 1788 4840 Piolin
1847 4786 1990 4841 Bibl.
2015 4787 2113 4839 lat.
2145 4789 2288 4840 med.
2315 4792 2420 4842 aet.
2457 4789 2491 4850 1,
2521 4795 2653 4844 515:
2703 4787 2922 4840 Pertz
2955 4788 3012 4840 iu
3041 4804 3138 4840 uo-
