3505 5161
908 213 1173 277 Jacobus‚
1200 214 1439 278 Hettsso,
1466 215 1652 279 Walo,
1680 216 1977 280 Henricus,
2005 216 2274 287 Fulcojus
2300 221 2405 271 etc.
2805 239 2966 292 1090

354 230 378 281 1
397 222 475 283 08
487 231 521 282 9

349 401 509 457 sator
540 399 643 458 des
685 400 1005 463 11.Jahrh.
1039 396 1103 484 (†
1143 395 1357 482 1098),
1393 402 1630 478 Leipzig
1687 402 2025 478 permiserit
2084 423 2119 461 a
2168 402 2530 461 Theodorico
2581 404 2970 466 virodunensi

358 498 540 559 1897,
604 489 878 564 publicae
940 490 1058 548 luci
1119 490 1285 549 dedit
1345 492 1629 565 quosdam
1686 491 1950 551 ordinari
2011 491 2077 550 in
2126 492 2471 569 episcopum
2519 496 2843 553 metensem
2903 497 2968 554 in

347 578 538 653 ipsius
570 596 857 637 sermones
902 583 961 637 et
1005 582 1329 657 sequentias
1373 576 1630 662 (aliquot
1684 581 1880 640 locum
1908 581 2232 640 Hermanni
2267 582 2340 640 ab
2371 581 2627 642 Henrico
2649 582 2743 642 IV.
2776 584 2966 659 ejecti.

346 669 520 726 antea
549 664 856 749 ineditos).
897 701 976 711 --
1008 669 1139 728 Huc
1160 688 1400 745 quoque
1419 670 1627 728 referri
1683 670 2059 733 Poenitentia
2078 673 2276 729 tamen
2309 670 2526 730 ductus
2558 691 2805 731 munere
2836 673 2966 732 ille-

346 758 563 832 poterit
602 756 642 815 J
660 757 947 817 acobus
994 758 1317 818 monachus
1363 778 1624 836 graecae,
1683 758 1895 836 gitime
1927 762 2202 834 suscepto
2235 778 2298 818 se
2342 760 2642 819 abdicavit
2673 762 2966 837 cessitque

345 845 450 921 qui
481 865 548 904 ex
582 847 819 922 scriptis
840 847 1113 922 proditur
1130 851 1336 907 auctor
1356 848 1625 919 devotae,
1683 848 1955 925 legitimo
2001 847 2262 924 praesuli
2307 845 2368 930 (†
2423 859 2521 911 22.
2568 850 2701 912 Dec.
2750 847 2965 933 1089).

344 934 499 1011 pius,
535 935 761 1006 doctm,
797 936 900 995 sed
930 936 1002 995 de
1027 938 1199 1013 cujus
1219 938 1344 996 vita
1364 940 1425 997 et
1442 939 1628 1015 gestis
1682 938 1829 1013 Ejus
1862 938 2126 1014 epistolas
2145 938 2326 996 habes
2341 932 2390 1019 1)
2425 938 2490 997 in
2510 940 2568 997 M
2584 958 2618 997 a
2633 939 2783 999 bill
2800 959 2833 998 o
2849 960 2890 999 n
2907 941 2966 999 ii

344 1023 501 1082 nihil
517 1025 692 1101 plane
713 1030 977 1084 constat:
1010 1028 1349 1103 conjectura
1376 1046 1514 1087 vero
1534 1030 1628 1087 est
1683 1027 1848 1085 Anal.
1900 1026 1945 1097 Ι,
2001 1035 2341 1090 276—281
2402 1023 2520 1108 (ed.
2574 1037 2630 1091 2.
2676 1048 2731 1104 p.
2779 1031 2960 1111 455);

344 1132 480 1172 eum
511 1113 781 1173 floruisse
813 1118 1066 1174 exeunte
1098 1135 1211 1175 sec.
1233 1116 1328 1175 XI.
1363 1116 1628 1191 Reliquit
1683 1116 1934 1193 Migne
1958 1116 2062 1187 CL,
2100 1124 2467 1181 875—886.
2512 1116 2680 1177 Inter
2709 1137 2807 1178 eas
2839 1138 2964 1178 ma-

342 1221 627 1261 sermones
672 1221 771 1263 sex
818 1205 886 1263 in
924 1205 1089 1263 varia
1132 1205 1188 1266 b.
1234 1205 1310 1265 M.
1343 1205 1410 1264 V.
1455 1207 1622 1277 festa,
1673 1205 1825 1281 joris
1873 1205 2161 1263 momenti
2223 1206 2318 1264 est
2376 1224 2499 1265 una
2555 1206 2628 1266 de
2677 1208 2964 1267 electione

344 1310 595 1366 quorum
618 1291 697 1351 IV
729 1293 910 1353 habes
942 1294 1006 1352 in
1038 1294 1470 1353 Ballerinii
1502 1297 1625 1373 syl·
1681 1294 2084 1371 GregoriiVIL
2104 1294 2263 1371 apud
2298 1295 2509 1372 Mabp.
2533 1298 2965 1368 247-276,sed

343 1381 472 1457 loge
503 1399 657 1443 mon.
702 1382 776 1441 ad
817 1383 1171 1459 mysterium
1204 1402 1366 1447 cone.
1395 1384 1623 1444 immac.
1680 1402 1922 1443 erronee
1986 1384 2098 1442 sub
2163 1384 2501 1443 Guilemi
2561 1386 2813 1445 nomine.
2877 1420 2964 1431 —-

340 1469 409 1528 V.
430 1470 714 1546 Deiparae
736 1471 1163 1531 illustrandum
1184 1475 1228 1537 t.
1255 1485 1280 1535 1
1317 1475 1379 1532 et
1401 1482 1456 1545 2,
1489 1493 1625 1533 cum
1680 1472 2050 1532 Rainoldi
2113 1468 2446 1554 (Raynaldi,
2511 1469 2805 1555 Renauld)
2869 1494 2962 1534 re-

339 1559 671 1637 fragmento
704 1559 769 1622 V.
802 1560 868 1619 in
900 1561 1183 1638 Deiparae
1214 1562 1623 1638 desponsatio·
1679 1561 1902 1621 mensis
1921 1561 2183 1638 episcopi
2199 1562 2252 1640 (1
2271 1570 2392 1626 083
2414 1582 2429 1633 ;
2449 1559 2486 1629 †
2504 1562 2748 1625 :er-Ian.
2768 1562 2961 1645 1095)

340 1667 493 1718 nem,
526 1666 715 1707 unum
747 1649 811 1709 in
844 1650 1305 1710 combefisii
1338 1653 1621 1712 Auctario
1679 1652 1949 1725 epistolas
1966 1650 2113 1713 ibid.
2132 1648 2451 1731 reperiesss)
2472 1672 2528 1728 p.
2552 1659 2917 1716 1381-1391
2947 1675 2961 1724 ;

338 1738 385 1808 I,
427 1746 878 1811 1248—1285‚
927 1758 1129 1799 omnes
1177 1740 1240 1799 in
1278 1741 1528 1817 Migne
1560 1743 1622 1802 P.
1677 1740 1903 1817 pariter
1922 1741 2195 1816 epistolas
2223 1740 2549 1799 Henrici
2578 1741 2960 1817 clericipom-

338 1828 403 1884 G.
437 1826 709 1897 CXXVII,
757 1837 1127 1893 543—700.
1191 1830 1472 1889 Libenter
1500 1831 1620 1889 uti·
1677 1829 1911 1907 posiani
1947 1830 2027 1907 (p.
2067 1825 2553 1910 1345—1360),
2590 1829 2697 1905 qui
2715 1848 2764 1891 a.
2793 1840 2957 1894 1093

336 1920 443 1975 tur
472 1916 843 1976 sermonibus
876 1917 1192 1995 Georgii
1222 1919 1622 1979 nicomedien—
1677 1918 1935 1977 indicem
1967 1919 2029 1977 ll.
2075 1918 2332 1988 exhibet,
2380 1936 2533 1993 quos
2563 1919 2963 1996 Hieronymus

338 2005 417 2064 sis
452 2001 551 2088 (cf.
583 2023 762 2080 supra
791 2026 846 2081 p.
884 2006 1054 2087 867),
1105 2010 1167 2066 et
1211 2008 1452 2084 scriptis
1484 2028 1622 2085 apo-
1676 2008 1844 2066 illius
1860 2006 2212 2069 monasterii
2246 2007 2428 2065 abbas
2461 2006 2793 2067 describere
2823 2008 2964 2068 fecit

339 2094 596 2171 cryphia.
643 2093 855 2155 Plures
888 2114 1190 2156 sermones
1222 2100 1284 2155 et
1314 2098 1465 2157 forte
1495 2099 1621 2174 epi·
1676 2100 1737 2156 et
1768 2097 1833 2156 in
1864 2096 2114 2156 divitem
2146 2095 2388 2172 collegit
2417 2095 2963 2161 bibliothecam——

338 2183 527 2243 stolae
578 2183 772 2243 adhuc
818 2184 1077 2244 ineditae
1126 2187 1182 2245 ei
1232 2186 1619 2246 tribuuntur:
1679 2187 1762 2245 De
1794 2185 2185 2245 Guilelmo
2217 2184 2517 2261 bajocensi
2547 2205 2616 2244 ex
2647 2186 2863 2246 abbate
2896 2187 2961 2246 Ο.

335 2292 483 2330 num
514 2291 651 2332 vero
684 2273 809 2332 sint
840 2274 1150 2351 genuinae,
1183 2293 1306 2334 non
1336 2276 1544 2351 liquet.

430 2459 575 2513 613.
608 2450 845 2527 Reliqui
877 2452 1068 2527 aliqui
1108 2456 1290 2525 sunt,⁴
1319 2472 1467 2529 quos
1511 2473 1617 2513 no·

335 2538 593 2599 minasse
614 2538 885 2601 sufficiet.
934 2541 1026 2601 Ita
1044 2546 1371 2618 supersunt
1389 2543 1621 2618 aliquot

336 2630 604 2704 epistolae
634 2630 857 2688 Hetti
874 2630 895 2687 l
911 2648 944 2690 o
960 2631 1082 2690 nis
1114 2626 1360 2714 (Hezi10‚
1382 2632 1616 2705 Hecelo‚

335 2711 561 2798 Ethilo)
625 2737 714 2794 ep.
768 2719 1278 2780 hildesheimensis
1329 2717 1616 2803 (1054—

348 2807 555 2886 1079),
602 2807 707 2883 qui
752 2806 903 2866 bene
950 2810 1012 2867 in
1059 2809 1251 2868 Gallia
1295 2810 1617 2870 institutus

336 2897 506 2955 aulae
540 2914 840 2955 caesareae
872 2901 1001 2955 erat
1045 2899 1399 2974 capellanus),
1448 2919 1615 2975 prae-

334 2985 568 3061 positus
600 2985 981 3062 goslariensis
1026 2991 1087 3045 et
1130 2982 1358 3068 (1053)
1390 2989 1616 3047 cancel-

334 3074 519 3134 larius
566 3093 673 3149 pro
719 3074 910 3137 Italia.
976 3076 1127 3135 Suae
1160 3076 1444 3136 dioecesis
1478 3097 1615 3153 pro-

332 3164 520 3222 movit
549 3163 790 3234 bonum,
841 3164 944 3222 sed
976 3165 1325 3224 characteris
1358 3170 1485 3224 erat
1514 3187 1613 3226 ve-

335 3252 627 3312 hementis
673 3256 732 3311 et
777 3254 1200 3329 praepotentiS,
1252 3255 1327 3314 de
1376 3274 1493 3329 quo
1546 3255 1615 3314 cf.

334 3343 435 3404 Th.
482 3342 824 3400 Lindner
870 3342 1123 3419 Allgem.
1165 3344 1221 3402 d.
1253 3344 1452 3422 Biogr.
1486 3344 1614 3415 XII,

336 3440 479 3494 382.
544 3430 840 3507 Epistolas
885 3432 1016 3508 ejus
1048 3432 1289 3492 exhibet
1321 3434 1616 3493 Suden-

334 3520 511 3579 dorf
563 3520 907 3597 Registrum
982 3521 1124 3580 oder
1183 3522 1616 3599 merkwiirdige

1678 2275 1734 2333 S.
1796 2274 2102 2334 Benedicti
2162 2274 2479 2350 episcopus
2547 2274 2959 2335 durhamensis

1675 2365 1730 2438 (1
1749 2373 2029 2428 oso—2.
2048 2362 2185 2422 Jan.
2216 2358 2410 2445 1096)
2433 2362 2503 2422 of.
2523 2364 2957 2437 Hist.1it.V111‚

1677 2461 2047 2517 433—438.

1768 2639 1917 2693 614.
1946 2631 2178 2689 Fulco
2187 2631 2211 2705 j
2232 2647 2317 2689 us
2358 2624 2585 2714 (Fulco,
2633 2628 2958 2712 Fulconus)

1674 2739 1808 2779 cum
1854 2722 1949 2778 tot
1994 2719 2129 2778 aliis
2172 2719 2386 2794 poesi
2417 2719 2693 2781 indulsit.
2757 2720 2962 2778 Patria

1674 2808 1792 2867 fuit
1810 2807 2249 2872 Bellovacensis
2283 2826 2340 2871 n.
2362 2826 2409 2866 c.
2437 2816 2603 2872 1020
2639 2808 2959 2868 meldensis

1674 2897 1951 2958 ecclesiae
2001 2896 2402 2957 subdiaconus
2447 2893 2508 2979 (†
2554 2915 2600 2955 c.
2646 2916 2696 2960 a.
2746 2892 2958 2979 1090).

1672 2987 1827 3045 Eum
1871 2985 1946 3044 ab
1990 2985 2292 3045 oblivione
2323 2985 2651 3044 vindicavit
2681 2986 2958 3044 Mabil-

1672 3075 1817 3133 lon.
1899 3074 2185 3133 Distinxit
2244 3092 2353 3132 sua
2403 3077 2672 3150 poemata
2721 3074 2786 3133 in
2835 3077 2958 3133 tres

1671 3167 1889 3239 partes:

1675 3252 1899 3328 ,Cujus
1932 3252 2168 3324 Utrum,
2217 3251 2390 3326 cujus
2424 3251 2741 3321 Neutrum,
2784 3253 2956 3327 cujus

2298 3340 2379 3399 sit
2409 3339 2745 3415 Utrumque

1670 3432 1903 3501 Nomen
1925 3433 1986 3490 et
2005 3433 2112 3500 est,
2149 3431 2278 3488 arat
2297 3429 2422 3498 hoc,
2458 3429 2603 3488 serit
2621 3429 2801 3499 istud,
2836 3430 2954 3488 col-

2296 3517 2436 3594 ligit
2466 3517 2681 3589 illud‚‘

332 3609 661 3668 Urkunden
690 3609 790 3667 fiir
821 3609 915 3668 die
945 3609 1228 3669 deutsche
1250 3611 1614 3670 Geschichte.
1671 3612 1741 3668 ut
1772 3613 1948 3685 poeta
1979 3626 2090 3667 sec.
2124 3607 2206 3666 XI
2236 3607 2505 3667 exeuntis
2539 3607 2612 3665 de
2644 3626 2713 3666 ea
2744 3607 2955 3666 collec—

335 3733 419 3743 —
453 3699 749 3774 Epa‘stolas
794 3698 847 3759 S.
882 3699 1219 3759 Gebuini
1251 3695 1364 3780 (St.
1394 3695 1611 3780 Jubin)
1671 3698 1836 3756 tione
1869 3698 2047 3757 canit.
2111 3696 2247 3757 Scil.
2294 3714 2431 3771 pars
2464 3696 2657 3771 prima
2687 3697 2956 3755 continet

334 3787 729 3847 archidiaconi
778 3787 1170 3863 lingoniensis
1219 3790 1281 3846 et
1328 3789 1616 3864 archiepi-
1669 3789 1910 3845 tantum
1929 3785 2218 3862 quaedam
2235 3804 2376 3844 suae
2394 3786 2596 3843 Musae
2614 3785 2952 3861 specimina,

334 3877 526 3953 scopis
564 3876 930 3953 lugdunensi
966 3870 1482 3956 (1077-1082),
1513 3878 1615 3936 ha·
1671 3876 1976 3951 epistolae,
1998 3874 2314 3950 epitaphia,
2338 3873 2532 3950 elogia
2546 3874 2951 3942 AlexandriII,

336 3966 435 4024 bes
466 3965 625 4042 apud
655 3966 703 4023 Β
721 3964 1064 4024 aluzium
1098 3966 1161 4024 in
1182 3966 1271 4024 ed.
1292 3967 1435 4026 diss.
1456 3966 1618 4025 Petri
1672 3963 1942 4042 Gregorii
1988 3963 2132 4035 VII„
2187 3963 2760 4039 archiepiscoporum
2808 3963 2952 4023 alio-

334 4054 405 4114 de
436 4055 683 4113 Marca
728 4056 796 4112 de
831 4055 1100 4129 primatu
1145 4055 1321 4131 luyd„
1371 4056 1615 4114 Parisiis
1672 4072 1926 4128 rumque
1989 4053 2257 4111 virorum
2317 4052 2667 4110 illustrium.
2748 4052 2952 4111 Altera

339 4154 526 4214 1669,
574 4146 635 4202 et
684 4143 948 4218 ejusdcm
997 4145 1066 4201 de
1111 4162 1264 4202 eone.
1300 4146 1617 4204 sacerdotii
1671 4162 1811 4217 pars
1829 4141 2096 4201 nondum
2118 4141 2299 4200 audet
2316 4140 2559 4217 aggredi
2592 4141 2750 4216 quod
2783 4144 2956 4217 poeta

333 4240 383 4290 et
412 4234 660 4309 imperii,
697 4231 776 4290 ib.
818 4242 1013 4302 16633
1071 4242 1268 4304 1669;
1309 4243 1495 4298 1704.
1527 4268 1615 4277 —-
1672 4231 1787 4290 sibi
1818 4229 2146 4307 proposuit,
2194 4232 2255 4288 et
2299 4232 2570 4288 versatur
2614 4230 2767 4288 circa
2797 4230 2953 4289 vitas

333 4317 719 4403 (Guilelmus)
787 4322 994 4379 Walo
1069 4320 1133 4379 Ο.
1203 4320 1259 4384 S.
1327 4323 1470 4381 Ben.
1553 4323 1616 4381 in
1673 4324 2013 4379 sanctorum
2047 4318 2333 4378 dioecesis
2377 4318 2716 4381 meldensis,
2781 4320 2851 4377 In
2897 4339 2953 4395 p.

332 4411 691 4469 monasterio
744 4428 789 4467 s.
821 4409 1118 4485 Arnulphi
1169 4412 1437 4481 metensi,
1488 4415 1618 4470 erat
1670 4409 1853 4467 tertia
1896 4408 1968 4467 de
2013 4407 2241 4484 nuptiis
2271 4406 2396 4484 agit
2426 4407 2645 4465 Christi
2678 4427 2811 4467 cum
2845 4408 2953 4466 Ec-

332 4501 461 4576 ejus
512 4500 692 4558 abbas
729 4495 957 4582 (1060)
991 4500 1052 4557 et
1081 4498 1155 4557 ab
1187 4518 1238 4557 a.
1279 4512 1396 4564 107
1409 4511 1442 4563 3
1492 4519 1614 4559 mo·
1671 4498 1852 4557 clesia
1884 4498 1945 4555 ll.
1985 4508 2017 4559 ἰ·
2056 4497 2168 4555 sub
2202 4497 2433 4574 dialogo
2467 4497 2724 4572 spiritus
2757 4500 2817 4555 et
2848 4497 2953 4555 ho-

332 4589 574 4648 nasterii
605 4609 648 4648 s.
672 4587 921 4665 Remigii
939 4588 1245 4659 remensis,
1281 4589 1386 4663 qui
1416 4591 1616 4648 tamen

332 4678 519 4737 multa
549 4695 760 4754 passus
793 4680 886 4736 est
917 4677 1029 4736 sub
1061 4679 1326 4737 Manasse
1358 4678 1386 4735 Ι
1424 4679 1613 4737 archi·
1750 4705 1785 4773 ι)
1814 4702 1896 4756 Cf,
1924 4702 2071 4759 ΗΜ,
2098 4701 2183 4756 lit.
2214 4702 2361 4764 vm,
2388 4709 2690 4758 305-313.

333 4768 602 4844 episcopo
635 4768 907 4828 remensi.
973 4766 1304 4825 Dolendum
1354 4769 1509 4842 quod
1554 4787 1614 4827 se
1749 4779 1786 4844 ¹)
1815 4774 1896 4828 Cf.
1928 4772 2184 4827 Hist.1it.
2213 4773 2690 4838 V11[‚438—444.

544 4874 735 4932 Hui-ter,
763 4873 1092 4921 Nomenelator
1117 4873 1136 4919 1
1164 4874 1238 4919 ed.
1267 4873 1349 4921 111.
2565 4869 2631 4917 3.)
