3505 5161
1624 1518 1708 1615 I.

349 1698 926 1836 Scriptores
981 1697 1630 1809 ecclesiastici
1668 1730 1860 1810 sec.
1898 1699 1970 1809 I.
2021 1730 2319 1811 aerae
2348 1698 2979 1811 christianae.

1446 1898 1912 2015 (1—100).

458 2307 510 2356 1.
543 2294 911 2354 intentionis
941 2298 1181 2354 nostrae
1202 2298 1294 2353 est
1314 2296 1649 2372 catalogum
1673 2290 1679 2389 J
1706 2294 1928 2370 quibus
1961 2315 2030 2355 ea
2050 2294 2122 2354 ab
2143 2295 2526 2354 incunabulis
2557 2296 2676 2354 fuit
2706 2294 2975 2366 obnoxia,

356 2382 641 2444 exhibere
719 2384 1079 2459 scriptorum
1156 2403 1187 2443 e
1204 2403 1236 2443 c
1250 2384 1364 2443 cle
1382 2386 1539 2443 sias
1555 2387 1583 2442 t
1598 2384 1647 2441 i·
1703 2387 1766 2442 et
1797 2388 1992 2444 status
2024 2384 2335 2444 literarum
2364 2385 2427 2443 in
2458 2402 2691 2460 genere.
2742 2385 2979 2444 Primus

355 2491 383 2530 c
404 2491 440 2532 o
454 2492 489 2531 r
504 2492 546 2530 u
563 2493 640 2531 m.
704 2472 796 2531 Ab
841 2474 934 2532 his
967 2473 1179 2532 merito
1212 2473 1646 2550 distinguimus
1702 2474 1808 2549 qui
1830 2474 2087 2533 occurrit
2114 2478 2211 2533 est
2240 2514 2268 2543 »
2283 2475 2331 2532 B
2346 2493 2426 2532 ar
2441 2493 2481 2532 n
2496 2474 2583 2532 ab
2599 2492 2635 2532 a
2649 2491 2677 2531 s
2710 2474 2979 2550 CypriuS‚

355 2562 681 2639 scriptores
706 2561 780 2621 N.
799 2562 860 2622 Τ.
892 2563 969 2622 in
987 2561 1293 2638 spirato
1312 2582 1357 2635 s,
1391 2583 1647 2640 quorum
1702 2563 1808 2638 qui
1841 2567 1902 2624 et
1931 2563 2154 2641 Joseph
2186 2563 2422 2623 Levites
2453 2580 2587 2622 cum
2618 2563 2803 2623 Paulo
2834 2582 2980 2642 gen-

354 2651 503 2710 libri
553 2670 677 2710 non
727 2652 992 2722 humani,
1045 2653 1147 2710 sed
1197 2652 1385 2711 divini
1440 2653 1645 2731 potius
1700 2653 1855 2712 tium
1889 2655 2196 2730 apostolus
2230 2653 2540 2712 ordinatus
2571 2672 2752 2711 unam
2783 2654 2857 2711 ad
2881 2673 2979 2712 ae—

357 2745 507 2799 sunt
538 2741 797 2810 dicendi,
831 2744 1016 2817 atque
1036 2742 1110 2801 ad
1130 2741 1283 2801 illud
1305 2743 1644 2820 depositum
1698 2742 2094 2802 dificationem
2113 2742 2410 2801 Ecclesiae
2427 2742 2827 2818 pertinentem
2857 2746 2978 2818 epi·

359 2834 650 2905 spectant,
688 2832 783 2889 cui
805 2831 1090 2890 innititur
1107 2830 1302 2890 omnis
1321 2833 1646 2892 christiana
1698 2833 1906 2891 stolam
1938 2833 2285 2908 composuit,
2333 2850 2484 2907 quae
2527 2831 2686 2889 inter
2731 2849 2977 2907 apocry-

362 2919 679 2996 theologia.
727 2919 994 2979 Sufficiet
1025 2938 1123 2979 eos
1156 2940 1264 2996 pro
1294 2921 1645 3000 integritate
1698 2922 1849 2996 phas
1882 2921 2207 2997 scripturas
2257 2921 2541 2997 legitur.‘
2603 2921 2698 2978 Ita
2729 2938 2773 2978 s.
2807 2920 2979 2978 Hie-

367 3011 711 3086 conspectus
742 3009 993 3068 literarii
1039 3009 1243 3070 ordine
1273 3011 1645 3070 recensuisse
1699 3029 2025 3086 ronymu
2045 3028 2072 3068 s
2117 3010 2190 3068 de
2235 3010 2382 3068 viris
2426 3009 2644 3067 illustr.
2691 3027 2738 3066 c.
2774 3018 2830 3077 ⁴3,
2878 3009 2976 3067 cui

361 3095 777 3175 chronologico
791 3094 855 3178 ι).
917 3099 968 3157 li
1030 3116 1207 3175 porro
1270 3105 1415 3159 sunt
1463 3101 1521 3159 Μ
1539 3103 1639 3159 at·
1697 3100 2022 3159 concinunt
2083 3099 2287 3175 plures
2345 3098 2581 3173 antiqui
2640 3097 2975 3172 scriptores,

356 3189 382 3242 t
394 3185 433 3244 h
450 3206 485 3245 a
499 3206 533 3246 e
550 3205 596 3245 u
611 3206 659 3258 s,
683 3188 741 3246 M
756 3207 791 3247 a
804 3206 835 3245 r
849 3206 880 3247 c
893 3208 937 3247 u
957 3207 1003 3258 s,
1025 3188 1064 3246 J
1079 3207 1122 3245 u
1136 3187 1173 3246 d
1189 3209 1224 3247 a
1239 3207 1267 3247 s
1295 3189 1642 3249 Thaddaeus
1699 3207 1954 3263 quorum
1985 3206 2278 3247 nonnemo
2299 3187 2463 3245 illam
2483 3186 2654 3245 libris
2675 3187 2973 3244 canonicis

355 3269 642 3355 (quorum
698 3294 893 3336 annus
942 3277 1290 3340 emortualis
1338 3279 1517 3355 plane
1549 3279 1640 3337 in·
1696 3278 2014 3338 accensuit.
2076 3276 2270 3335 Etiam
2302 3294 2372 3335 ex
2402 3275 2547 3334 viris
2581 3274 2834 3333 eruditis
2880 3293 2972 3333 re-

355 3362 602 3446 certus)‚
650 3365 689 3423 J
705 3385 739 3424 a
753 3384 784 3425 c
800 3385 833 3424 o
848 3366 887 3423 b
905 3385 947 3425 u
964 3385 990 3425 s
1038 3366 1231 3425 minor
1260 3363 1321 3448 (1·
1346 3366 1471 3445 62),
1518 3369 1566 3426 P
1580 3387 1641 3426 e·
1696 3366 2062 3426 centioribus
2133 3365 2290 3424 haud
2365 3364 2539 3440 pauci
2601 3363 2733 3422 Gis
2750 3382 2777 3421 s
2793 3382 2825 3422 e
2840 3363 2908 3422 le
2923 3384 2971 3433 r,

354 3456 533 3513 trus
598 3457 661 3512 et
721 3455 1015 3514 Paulus
1079 3453 1141 3536 (†
1206 3453 1332 3537 67),
1397 3458 1639 3516 Lucas
1697 3455 2110 3525 Schenkel,
2205 3454 2546 3529 Sprinzl,
2624 3452 2972 3522 Nirschl‚

354 3541 742 3620 Evangelista
804 3543 861 3622 (1·
923 3562 971 3605 c.
1027 3543 1131 3620 74)
1185 3547 1246 3603 et
1293 3539 1546 3630 Joansn
1563 3565 1638 3605 es
1663 3597 1669 3630 ,
1694 3546 1746 3603 A
1763 3546 1828 3603 lz
1845 3564 1949 3622 og,
1972 3544 2109 3602 Fre
2127 3543 2304 3619 ppel
2337 3545 2445 3602 etc.
2466 3541 2631 3601 illam
2652 3542 2972 3619 genuinam

354 3626 416 3710 (†
448 3651 502 3689 a.
544 3642 569 3693 1
585 3644 618 3695 0
629 3644 664 3695 0
700 3633 794 3691 vel
834 3645 907 3697 10
924 3633 999 3711 l).
1664 3633 1668 3728 j
1694 3637 1956 3702 censent,
1992 3632 2268 3709 pluribus
2317 3634 2517 3690 tamen
2563 3631 2971 3690 contradicen-

1662 3723 1877 3850 'tibuffi
1913 3723 2056 3782 adeo
2088 3724 2161 3781 ut
2183 3723 2360 3797 juxta
2398 3719 2805 3797 Ehrhardl)
2844 3721 2970 3795 jam

449 3818 506 3871 2.
542 3809 603 3867 Si
643 3811 766 3884 jam
812 3813 886 3871 ad
920 3813 1238 3888 scriptores
1290 3812 1635 3872 accedamus
1662 3865 1665 3876 ‚
1691 3816 1892 3871 actum
1924 3813 2005 3870 sit
2036 3811 2194 3869 inter
2222 3811 2382 3868 viros
2415 3808 2681 3868 eruditos
2709 3812 2972 3867 ‘nostrae

356 3898 811 3971 ecclesiasticos,
846 3920 957 3960 sec.
977 3903 1023 3960 Ι.
1056 3901 1152 3960 vix
1184 3902 1334 3960 duos
1366 3902 1632 3961 invenie·
1660 3891 1665 3980 f
1691 3901 1904 3961 aetatis
1936 3901 2008 3959 de
2040 3900 2221 3975 hujus
2254 3899 2542 3975 epistolae
2594 3897 2970 3976 genuinitate

351 4006 507 4056 mus,
541 4006 802 4063 quorum
846 3991 918 4049 ad
961 4009 1070 4050 nos
1103 3992 1326 4067 scripta
1353 4010 1634 4067 pervene·
1659 3983 1664 4046 ἶ
1689 3994 1822 4048 tum
1843 3992 2088 4066 propter
2107 3989 2440 4065 singulares
2461 3991 2523 4046 et
2541 3988 2808 4047 duriores
2828 4006 2969 4045 auc-

350 4078 499 4137 rint.
568 4075 737 4146 Quod
783 4080 1000 4138 mirum
1045 4079 1268 4138 nemini
1310 4080 1631 4151 videbitur,
1658 4093 1663 4152 1
1692 4135 1764 4138 m
1841 4135 1848 4138 .

348 4167 462 4243 qui
493 4166 785 4227 rationem
816 4168 1092 4227 habuerit
1137 4171 1198 4226 et
1227 4170 1510 4228 novitatis
1542 4157 1662 4244 τεῦ-1
1770 4219 1804 4278 ¹)
1848 4213 1950 4266 Die
1991 4212 2295 4266 altchrisfl·
2343 4211 2630 4266 Literatur
2681 4208 2798 4261 und
2845 4208 2967 4261 ihre

346 4254 597 4333 ligionis
632 4255 1006 4325 christianae,
1040 4262 1101 4316 et
1131 4258 1628 4332 persecutionum,
1658 4293 1661 4304 ,
1691 4286 2078 4352 [grffflfflflmng
2129 4302 2241 4338 von
2287 4288 2650 4343 1884—1900‚
2695 4279 2969 4348 Freiburg

1658 4355 1659 4386 ³
1695 4365 1829 4414 1900
1855 4370 1880 4422 ᾗ
1903 4366 1937 4412 4
1965 4351 2093 4426 pag.
2122 4364 2206 4418 81,
2229 4371 2399 4422 quem
2424 4352 2518 4406 hic
2544 4356 2602 4405 et
2625 4351 2686 4404 in
2709 4351 2968 4421 praeced.

428 4436 464 4482 ’1
488 4426 810 4493 Sequemur
825 4429 1151 4493 sententiae,
1168 4428 1270 4482 ubi
1288 4427 1407 4481 fieri
1428 4432 1630 4497 potest,
1657 4389 1661 4510 1
1690 4429 1822 4482 fasc.
1849 4430 1923 4481 ab
1948 4445 1998 4480 a.
2032 4433 2396 4505 1880---18β4,
2425 4424 2500 4478 ib.
2533 4431 2670 4479 1834
2694 4434 2720 4486 ᾗ
2748 4429 2781 4477 6
2806 4422 2876 4475 cf.
2898 4421 2968 4476 de

348 4499 658 4568 probatas:
686 4499 1049 4566 quaestiones
1077 4500 1455 4554 accuratiores
1476 4500 1632 4553 chro-
1657 4513 1662 4564 1
1689 4498 1953 4553 omnibus
1980 4496 2375 4552 controversus
2396 4497 2589 4569 nostra
2609 4497 2793 4547 aetate
2815 4509 2968 4547 occa·

347 4570 665 4638 nologioas,
706 4587 836 4624 cum
877 4571 1066 4625 minus
1106 4575 1365 4641 spectent
1397 4588 1631 4640 scopum
1690 4571 1848 4625 sione
1874 4571 2049 4638 hujus
2077 4587 2164 4638 ep.
2193 4566 2470 4621 excitatis.
2510 4566 2592 4619 Cf.
2623 4564 2965 4618 Harnack

344 4647 632 4704 nostrum,
659 4642 1041 4710 relinquimus
1061 4644 1363 4697 solvendas
1389 4642 1633 4696 auctori·
1690 4642 1890 4696 Gesch.
1949 4641 2049 4693 der
2104 4637 2404 4693 altchristl.
2465 4637 2571 4690 Lit.
2632 4637 2672 4698 1,
2739 4643 2966 4691 58—63.

338 4715 472 4790 rbus.
513 4712 617 4779 qui
659 4713 729 4767 de
763 4713 1183 4770 introductione
1225 4716 1285 4768 in
1314 4734 1355 4768 s.
1383 4714 1633 4784 Scriptu-
1690 4714 1737 4766 K
1757 4732 1785 4766 r
1802 4720 1836 4766 ii
1854 4732 1891 4783 g
1909 4730 1938 4766 e
1955 4731 1983 4764 r
2009 4711 2324 4765 Gesch.der
2339 4708 2638 4763 altchristl.
2661 4708 2966 4770 Literatur,

346 4803 468 4839 ram
502 4787 574 4839 N.
602 4787 662 4839 T.
691 4789 828 4839 sunt
853 4786 1100 4841 solliciti.
1692 4785 1969 4850 Freiburg
2003 4791 2134 4838 1895
2161 4792 2188 4848 ς
2215 4789 2263 4838 6.

566 4885 760 4942 Hui-ter,
787 4884 1113 4934 Nomonclator
1138 4886 1159 4932 1
1184 4887 1243 4933 ed
1268 4886 1349 4933 111.
2615 4878 2632 4924 Ῑ
